3886 6228
411 332 508 386 ’ΠΙ

1357 329 1458 383 »ΑΒ
1496 330 1553 383 S.
1593 326 1882 383 LUDGERI
1920 324 2194 379 SCRIPTA
2236 324 2586 378 APPENDIX.

3465 315 3571 366 Τἵῖ

473 441 530 493 5.
560 435 1007 503 Tuchursingus
1025 449 1128 488 una
1149 449 1268 488 cum
1287 433 1504 503 conjuge
1521 449 1615 488 sua
1638 431 1930 500 Adalgarda
1960 447 2005 501 Α
2032 429 2157 481 mini
2185 428 2427 496 conjugio
2471 427 2720 495 capulatze
2757 434 2894 485 sunt,
2924 421 3128 477 vivente
3162 431 3334 490 patre,
3361 421 3570 474 habuit-

344 599 347 602 .
404 534 461 580 et
505 525 612 578 ﬁlio
651 536 771 585 uno,
801 537 956 590 quem
1003 523 1247 586 habebat,
1277 522 1583 589 Nothgrimo
1630 520 1857 581 nomine,
1883 524 1935 570 et

405 621 526 666 eum
553 613 732 682 paucis
757 611 1055 666 domesticis
1082 612 1191 664 suis
1211 611 1412 665 occulte
1441 610 1644 680 fugiens
1665 611 1729 662 ad
1750 610 1935 661 ducem

407 702 747 762 Francorum,
776 700 986 753 nomine
1011 698 1336 752 Grimoldum
1365 712 1388 738 ι
1415 699 1676 766 pervenit.
1714 696 1810 760 Qui
1849 695 1936 746 be-

405 790 562 857 nigne
588 776 654 840 ab
683 788 864 840 eodem
895 786 1023 838 duce
1041 795 1336 852 susceptus,
1362 786 1616 837 habitavit
1643 784 1692 834 in
1727 782 1936 848 regione

406 874 815 938 Francorumct
839 873 1071 926 imbutus
1107 871 1203 925 ﬁde
1245 872 1499 924 catholica
1542 867 1781 936 baptismi
1813 883 1936 920 con-

404 971 618 1016 secutus
644 969 725 1014 est
750 959 993 1028 gratiam,
1020 972 1123 1010 una
1152 973 1271 1010 cum
1295 956 1512 1024 conjuge
1542 971 1632 1009 sua
1662 964 1716 1008 et
1745 955 1851 1007 ﬁlio
1876 969 1938 1006 ac

404 1051 567 1104 domo‘
583 1049 803 1115 reliqua.
827 1046 954 1099 Post
973 1046 1173 1114 praefati
1203 1061 1326 1099 vero
1349 1047 1496 1098 ducis
1518 1047 1718 1098 obitum
1749 1043 1937 1110 singuli

405 1138 569 1194 duces
609 1137 932 1190 Francorum
969 1135 1318 1188 venerabilem
1354 1134 1667 1201 Vursiugum
1712 1133 1939 1184 honora—

404 1233 519 1288 tum
557 1223 823 1277 beneﬁciis
850 1210 1178 1275 retinuerunt
1206 1216 1412 1282 secum;
1436 1235 1567 1273 uxor
1593 1235 1716 1273 vero
1745 1218 1857 1284 eius
1885 1218 1938 1270 in

406 1312 819 1380 peregrinatione
840 1311 952 1378 ejus
973 1311 1193 1363 alterum
1219 1310 1318 1363 sibi
1339 1310 1517 1377 genuit
1543 1308 1704 1360 ﬁlium
1730 1309 1941 1361 nomine

406 1397 805 1467 Thiatgrimnm,
836 1407 890 1452 et
932 1399 1065 1451 ﬁlias
1107 1413 1314 1461 novem,
1357 1407 1409 1449 ct
1455 1397 1698 1449 defuncta
1731 1396 1859 1448 obiit
1889 1395 1939 1446 in

405 1503 562 1556 pace,
591 1503 687 1542 nec
718 1504 818 1540 non
847 1497 904 1558 et"
926 1503 1016 1542 sex
1045 1487 1162 1540 ﬁliae
1191 1487 1302 1554 ejus
1331 1487 1382 1538 in
1411 1486 1710 1554 virginitate
1738 1485 1941 1558 subtra-

405 1554 503 1628 ctae
529 1583 668 1628 sunt.
695 1575 851 1627 Pater
883 1555 1038 1642 igitur
1060 1573 1193 1626 ﬁlios
1214 1574 1344 1625 duos
1371 1587 1488 1624 cum
1519 1572 1724 1624 ﬁliabus
1751 1554 1940 1632 tribus,

405 1680 523 1731 quae
554 1671 938 1721 remanserant,
965 1677 1083 1714 cum
1109 1662 1291 1712 timore
1316 1661 1518 1712 Domini
1549 1660 1807 1721 nutriens,
1837 1674 1947 1712 ser-

406 1752 547 1804 vavit
576 1751 868 1804 castitatem
901 1764 1049 1800 suam
1085 1749 1341 1814 reliquum
1371 1756 1573 1815 tempus
1598 1740 1719 1799 vita:
1745 1762 1871 1800 suae.

474 1841 526 1892 4.
571 1839 660 1892 llis
702 1839 771 1891 ita
818 1838 1000 1907 gestis,
1034 1851 1125 1888 rex
1172 1835 1455 1902 Radbodus
1502 1835 1756 1887 inﬁrmari
1786 1834 1946 1902 cmpit

367 1944 373 1951 '
412 1928 736 1990 inﬁrmitate,
768 1943 869 1994 qua
898 1934 952 1978 et
977 1934 1215 1979 mortuus
1243 1932 1350 1985 est,
1381 1932 1432 1978 et
1460 1938 1550 1976 sex
1584 1923 1734 1976 annis
1777 1923 1948 1976 conti-

408 2018 525 2072 nuis
555 2025 677 2069 ante
713 2017 850 2069 diem
905 2015 1090 2068 mortis
1137 2029 1243 2066 sua:
1296 2013 1545 2080 paulatim
1592 2013 1750 2064 traxit
1802 2012 1950 2064 dolo-

410 2121 562 2164 rem.
622 2104 884 2169 cmpitque
954 2117 1173 2167 regnum
1238 2102 1350 2168 ejus
1414 2100 1669 2158 deﬁcere,
1731 2113 1946 2166 regnum

415 2209 625 2262 quoque
694 2192 1016 2244 Francorum
1086 2189 1468 2256 augmentando
1519 2189 1794 2256 proﬁcere.
1872 2187 1953 2240 ln—

412 2283 653 2334 ﬁrmatus
696 2289 871 2331 autem
921 2278 1062 2331 misit
1109 2278 1173 2329 ad
1216 2277 1384 2328 virum
1427 2286 1772 2329 memoratum
1822 2275 1955 2328 Vor-

413 2371 640 2437 singum,
666 2368 936 2435 postulans
965 2374 1022 2418 ut
1046 2366 1110 2418 ad
1141 2380 1198 2418 se
1228 2365 1420 2418 rediret
1456 2374 1760 2433 recepturus
1786 2367 1951 2418 luere-

411 2456 628 2508 ditatem
676 2469 841 2515 suam,
875 2455 1086 2521 insuper
1113 2461 1166 2504 et
1193 2452 1292 2504 alia
1339 2453 1496 2504 multa
1535 2466 1591 2504 se
1636 2452 1877 2503 daturum
1904 2451 1952 2502 ei

413 2544 714 2612 spopondit,
743 2544 785 2596 si
817 2558 998 2610 pacem
1030 2557 1207 2594 secum
1236 2550 1414 2593 tenere
1443 2542 1712 2594 voluisset.
1744 2541 1847 2593 Sed
1876 2539 1954 2590 vir

415 2632 704 2685 catholicus
725 2632 965 2698 precibus
985 2629 1098 2696 ejus
1119 2646 1220 2683 non
1245 2629 1524 2698 acquievit.
1559 2630 1749 2682 lterum
1779 2637 1952 2680 autem

363 2718 369 2729 ‘
414 2719 696 2772 Radbodus
742 2717 883 2770 misit
909 2717 971 2769 ad
999 2731 1116 2770 eum
1142 2717 1413 2784 postulans
1434 2756 1450 2779 ,
1481 2724 1538 2768 nt
1568 2717 1610 2768 si
1641 2717 1749 2782 ipse
1775 2715 1954 2768 venire

415 2804 686 2864 noluisset,
733 2804 918 2855 saltem
949 2803 1114 2854 ﬁlium
1160 2819 1310 2855 suum
1341 2804 1404 2854 ad
1431 2815 1486 2855 se
1513 2803 1766 2864 mitteret,
1796 2811 1848 2852 et
1873 2800 1955 2865 ju-

415 2892 554 2944 ravit
574 2905 630 2943 se
656 2891 973 2942 ei~daturnm
1017 2890 1269 2955 quidquid
1294 2890 1390 2941 sibi
1420 2881 1748 2956 promiserat.
1796 2888 1956 2953 Igitur

423 2979 708 3045 Vursingus
737 2977 978 3043 precibus
1009 2977 1178 3029 victus
1206 2977 1347 3029 misit
1371 2977 1434 3028 ad
1463 2991 1581 3028 cum
1613 2974 1775 3027 ﬁlium
1803 2989 1953 3027 suum

414 3065 697 3135 iuniorem,
726 3080 880 3133 quem
914 3065 998 3118 ille
1024 3053 1245 3131 b‘enigne
1274 3065 1563 3132 suscipiens
1592 3063 1715 3115 fecit
1749 3064 1959 3116 honori-
1986 3053 2027 3115 C

419 3156 519 3211 ﬁce
561 3154 799 3208 habitare
829 3167 1029 3213 secum,
1059 3160 1112 3203 et
1137 3153 1368 3204 restituit
1400 3153 1447 3202 ei
1476 3152 1833 3202 haereditatem
1864 3165 1958 3215 pa-

422 3245 538 3298 tris.
568 3243 681 3309 lpse
723 3249 897 3293 tamen
928 3249 1079 3306 pater
1118 3253 1236 3292 cum
1279 3239 1484 3291 seniore
1528 3237 1631 3290 ﬁlio
1661 3246 1714 3288 et
1758 3237 1962 3289 ﬁliabus

423 3332 679 3387 habitavit
714 3331 766 3382 in
811 3328 1023 3398 regione
1071 3327 1391 3381 Francorum
1437 3343 1601 3395 usque
1650 3328 1714 3380 ad
1760 3327 1959 3379 obitum

424 3421 565 3488 regis
596 3419 642 3470 ι).
670 3457 682 3469 .
717 3455 731 3471 .

491 3508 722 3576 Contigit
766 3515 939 3558 autem
985 3505 1265 3572 Pippinum
1309 3507 1495 3558 ducent
1538 3504 1859 3557 Francorum
1899 3504 1963 3555 de

416 3600 528 3651 {hac
555 3596 671 3649 luce
700 3596 980 3661 migrasse,
1007 3605 1059 3645 et
1091 3594 1252 3646 ﬁlium
1279 3593 1392 3659 ejus
1420 3594 1664 3648 Carolum
1691 3609 1849 3659 regno
1874 3607 1963 3658 po-

419 3687 513 3739 tiri
538 3686 722 3755 patris,
755 3684 842 3752 qui
888 3683 1079 3736 multas
1104 3691 1284 3751 gentes
1311 3684 1536 3750 sceptris
1578 3683 1768 3750 adjecit
1800 3683 1964 3734 Fran-

425 3789 628 3835 corum,
657 3774 794 3826 iuter
821 3787 950 3839 quas
986 3772 1144 3824 etiam
1190 3787 1309 3824 cum
1353 3772 1599 3838 triumphi
1633 3773 1794 3840 gloria
1840 3771 1965 3824 Fre—

427 3864 580 3924 siam,
612 3861 876 3915 exstincto
913 3860 1184 3921 Radbodo,
1215 3867 1433 3926 paterno
1471 3860 1614 3912 addit
1643 3860 1882 3927 imperio,
1915 3860 1965 3910 in

428 3965 531 4018 qua
554 3959 678 4000 tunc
698 3957 851 4015 gente
875 3957 1087 4000 sanctus
1111 3947 1476 4000 Willibrordus
1499 3948 1703 4014 positus
1732 3957 1812 3999 est
1836 3962 1968 4013 pra:-

431 4039 652 4099 dicator,
678 4037 931 4102 sedesque
959 4035 1267 4101 episcopalis
1294 4034 1343 4086 iu
1375 4035 1614 4098 Trajecto
1641 4035 1854 4087 castello
1883 4036 1969 4087 de-

431 4129 600 4194 legata
639 4133 737 4184 est,
769 4125 903 4176 sicut
934 4123 984 4176 in
1013 4123 1186 4176 libello
1211 4123 1276 4175 de
1305 4123 1419 4175 Via
1451 4123 1614 4189 ipsius
1645 4123 1968 4176 Willibrdrdi

429 4217 683 4283 scriptum
735 4214 945 4284 legitur.
1017 4215 1168 4268 Dedit
1213 4215 1370 4282 igitur
1417 4214 1634 4268 Carolus
1684 4222 1971 4267 memorato

433 4304 693 4371 Vursingo
714 4301 1022 4355 beneficium
1045 4301 1099 4354 in
1124 4304 1350 4354 conﬁnio
1375 4303 1682 4365 Fresonum,
1705 4313 1758 4356 et
1781 4304 1970 4355 direxit

431 4405 556 4442 eum
598 4391 662 4441 ad
702 4389 924 4456 patriam
964 4404 1110 4441 suam
1153 4403 1309 4442 causa
1357 4389 1474 4442 ﬁdei
1517 4391 1841 4443 roborandzc.
1874 4390 1969 4454 Qui

437 4477 674 4537 veniens,
702 4483 912 4542 accepta
937 4475 1238 4529 htereditate
1258 4478 1486 4545 propria,
1503 4478 1758 4531 habitavit
1783 4478 1834 4530 in
1860 4478 1974 4530 loco

434 4568 527 4634 qui
555 4567 745 4618 dicitur
767 4564 1005 4617 Suabsna
1033 4574 1053 4600 ε
1081 4564 1231 4631 juxta
1255 4565 1573 4632 Trajectum,
1596 4577 1648 4620 et
1677 4567 1834 4633 coepit
1861 4581 1977 4619 esse

433 4655 646 4721 adjutor
689 4653 856 4707 sancti
904 4652 1229 4705 Willibrordi
1272 4669 1391 4706 cum
1436 4655 1555 4708 ﬁliis
1595 4663 1646 4709 et
1672 4655 1980 4723 propinquis

437 4746 566 4802 suis,
599 4745 649 4793 in
678 4743 1073 4808 quibuscnnque
1103 4749 1363 4807 potuerat.
1417 4742 1674 4810 Diligebat
1703 4757 1822 4795 eum
1854 4758 1976 4795 san-

436 4843 558 4887 ctus
586 4830 956 4885 Willibrordus
990 4830 1158 4892 valde,
1187 4845 1249 4883 eo
1281 4830 1419 4897 quod
1448 4840 1586 4886 esset
1627 4833 1707 4884 vir
1729 4835 1899 4886 bonus
1927 4839 1980 4884 et

440 4921 628 4990 plenus
656 4918 760 4973 ﬁde
780 4929 836 4974 et
866 4917 1200 4987 acceptabilis
1225 4919 1480 4972 universae
1521 4920 1659 4989 plebi
1685 4930 1738 4974 et
1771 4921 1983 4974 castita-

445 5020 551 5063 tem
587 5023 824 5062 εθτηιιε.

514 5099 564 5152 5.
602 5098 940 5168 Nothgrimus
986 5097 1142 5165 igitur
1172 5097 1307 5150 ﬁlius
1342 5095 1455 5164 ejus
1480 5099 1655 5151 senior
1683 5099 1831 5151 duxit
1854 5113 1980 5150 uxo-

447 5202 560 5242 rem
601 5188 805 5262 ﬁdelem
849 5186 1108 5250 similiter,
1139 5194 1193 5239 et
1218 5187 1338 5240 ﬁliae
1365 5196 1472 5240 tres
1510 5203 1626 5240 cum
1660 5190 1846 5243 timore
1875 5187 1979 5240 Do—

518 5329 544 5357 ι
583 5316 678 5369 Hic
705 5315 1005 5387 Gritrtoldns
1033 5317 1143 5387 du;
1173 5326 1288 5370 erat
1326 5318 1548 5387 Pippini,
1583 5317 1984 5384 majorisdomus

445 5385 610 5448 ﬁlius,
638 5393 691 5439 et
714 5384 844 5437 obiit
867 5399 1004 5438 anno
1031 5386 1150 5438 714.

524 5457 550 5492 ⁸³
585 5453 682 5518 Qui
707 5454 922 5521 contigit
953 5469 1089 5508 anno
1119 5454 1236 5507 7|9.

519 5532 545 5556 ε
587 5521 641 5574 ln
670 5522 958 5589 rhythmica
978 5522 1091 5574 Vita
1117 5522 1358 5576 Sualisna
1379 5523 1593 5585 dicitur;
1622 5523 1670 5575 in
1689 5540 1785 5577 ms.
1805 5522 1982 5576 Bndic.

2034 533 2134 584 que
2161 519 2433 585 progenies
2462 517 2547 568 illa
2578 530 2817 584 magnam
2863 514 3272 566 familiaritatem
3303 527 3423 563 cum
3449 527 3570 562 san-

2033 620 2117 662 cto
2145 609 2498 671 Willibrordo,
2532 624 2628 661 nec
2672 624 2774 661 non
2817 617 2868 659 et
2896 623 3014 659 cum
3062 615 3247 658 sancto
3276 603 3568 665 Bonifacio.

2033 697 2119 762 qui
2147 705 2262 763 post
2291 710 2410 748 cum
2453 696 2686 762 partibus
2735 695 2836 746 illis
2877 694 3058 746 doctor
3102 707 3322 746 serenus
3370 692 3564 751 illuxit,

2033 783 2368 848 quoadusque
2393 797 2486 848 pro
2517 780 2615 834 ﬁde
2638 780 2842 834 Christi
2861 771 3106 848 martyrio
3129 788 3428 839 coronatus,
3456 781 3565 844 spi-

2036 871 2191 922 ritum
2219 870 2440 922 reddidit
2482 869 2532 920 iu
2559 884 2711 936 pago,
2739 869 2822 921 cui
2851 883 3034 920 nomen
3065 868 3317 920 Astracbe
3335 906 3350 927 ,
3379 867 3429 917 in
3457 867 3577 918 loco

2035 959 2122 1025 qui
2148 960 2402 1028 Doccinga
2429 969 2663 1026 vocatur,
2695 959 2830 1010 sicut
2854 968 2906 1010 et
2940 959 3001 1010 de
3022 958 3109 1010 illo
3137 958 3331 1023 scripta
3360 964 3571 1008 testan-

2039 1058 2144 1101 tur.
2859 1037 2861 1039 ’

2049 1205 2055 1211 ι
2104 1138 2228 1190 Post
2255 1139 2454 1190 obitum
2479 1151 2603 1189 vero
2642 1137 2809 1202 patris
2851 1136 3204 1203 Thiatgrimus
3235 1135 3370 1186 ﬁlius
3398 1133 3585 1199 junior

2038 1230 2305 1277 memorati
2337 1225 2576 1293 Vnrsingi
2602 1224 2751 1275 duxit
2779 1239 3013 1282 uxorem,
3044 1223 3252 1275 nomine
3291 1220 3586 1273 Liafburch

2040 1312 2366 1379 (llalburcli),
2397 1311 2554 1364 ﬁliam
2578 1312 2844 1378 cujusdan
2881 1310 3129 1363 Notbradi
3157 1321 3209 1362 et
3231 1309 3582 1377 Adcliinrgaz;

2039 1417 2154 1468 qua:
2181 1402 2418 1453 videlicet
2446 1391 2738 1453 Adelburch
2764 1399 2963 1467 pridem
2992 1400 3120 1451 duos
3146 1415 3267 1451 suos
3293 1411 3585 1466 germanos

2042 1494 2229 1546 fratres
2260 1500 2441 1544 sancto
2483 1492 2940 1545 commendaverat
2981 1489 3349 1549 Willihrordo,
3381 1488 3445 1538 de
3474 1501 3586 1551 quo

2043 1581 2281 1646 superius
2310 1581 2553 1638 diximus.
2583 1578 2801 1629 Domino
2834 1575 3164 1635 nutriendos;
3197 1589 3422 1642 quorum
3468 1588 3592 1623 ma-

2037 1666 2122 1732 jor
2168 1666 2464 1724 \Vullibrat,
2499 1666 2670 1717 minor
2712 1673 2884 1715 autem
2926 1663 3214 1729 Thyatbrat
3252 1661 3587 1711 vocabatur:

1974 1760 2014 1815 Β
2043 1754 2129 1822 qui
2160 1755 2318 1806 etiam
2349 1752 2500 1819 primi
2528 1751 2759 1804 omnium
2786 1750 2955 1817 gentis
2985 1749 3268 1800 Fresonum
3299 1747 3592 1799 clericatus

2046 1843 2271 1896 ofﬁcium
2309 1848 2638 1907 acceperunt.
2679 1838 2873 1890 llorum
2899 1839 3038 1904 prior
3069 1838 3119 1888 in
3145 1837 3420 1888 levitarum
3452 1833 3592 1886 obiit

2047 1933 2228 2000 gradu,
2256 1929 2434 1995 junior
2460 1944 2559 1981 non
2589 1927 2822 1994 pervenit
2850 1926 2913 1977 ad
2937 1925 3173 1992 gradum,
3202 1921 3294 1977 sed
3320 1921 3391 1974 ita
3419 1920 3471 1971 in
3497 1917 3591 1984 ju-

2049 2028 2260 2073 ventute
2290 2019 2352 2070 de
2380 2019 2475 2069 hac
2506 2017 2620 2068 lucc
2651 2015 2930 2083 migrabat.
3575 2072 3584 2074 _

2117 2111 2166 2162 6.
2209 2109 2491 2161 Memorata
2519 2105 2822 2163 Liaf'..urch,
2859 2117 2976 2154 cum
3023 2108 3143 2151 nata
3170 2107 3329 2159 esset,
3357 2096 3597 2149 habebat

2049 2197 2218 2249 aviam
2264 2193 2530 2263 gentilem,
2561 2200 2781 2244 matrem
2811 2189 3052 2241 videlicet
3098 2186 3260 2253 patris
3305 2185 3384 2236 sui
3433 2185 3597 2235 abre-

2051 2285 2372 2338 ntmtiantem
2402 2282 2617 2335 omnino
2642 2280 2759 2332 ﬁdei
2796 2279 3064 2330 catholica:
3090 2294 3103 2327 :
3131 2291 3245 2342 qua:
3285 2289 3388 2325 nun
3415 2273 3596 2324 nomi-

2051 2375 2219 2427 nanda
2245 2387 2362 2424 cum
2397 2370 2572 2424 furore
2599 2370 2623 2408 ά
2655 2384 2926 2429 conversa,
2952 2381 3015 2442 eo
3044 2366 3178 2434 quod
3211 2366 3599 2432 pnenominata

2052 2461 2236 2526 conjux
2281 2461 2413 2513 ﬁlias
2459 2468 2658 2512 tantum
2701 2458 2985 2526 genuisset,
3026 2464 3077 2506 et
3114 2454 3276 2504 ﬁlium
3327 2451 3600 2502 viventem

2054 2568 2154 2604 non
2204 2553 2434 2608 bal-cret,
2465 2550 2604 2600 misit
2653 2548 2882 2607 lictores,
2921 2545 3010 2610 qui
3062 2550 3303 2608 reparcnt
3351 2537 3600 2590 eamdem

2055 2642 2212 2692 ﬁliam
2242 2647 2364 2691 tunc
2390 2647 2565 2689 natam
2596 2636 2659 2688 de
2687 2636 2805 2687 sinu
2830 2633 3031 2694 matris,
3058 2640 3109 2682 ct
3143 2634 3392 2681 necarent
3418 2625 3600 2691 prius.

2054 2745 2208 2797 quam
2241 2727 2321 2779 lac
2349 2732 2556 2791 sugcrct
2581 2724 2790 2784 matris,
2823 2722 2944 2787 quia
2979 2720 3055 2772 sic
3089 2731 3198 2768 mos
3225 2722 3338 2767 erat
3365 2725 3604 2780 pagano-

2059 2832 2190 2873 rnm,
2217 2825 2273 2864 ut
2302 2815 2344 2864 si
2376 2814 2535 2863 ﬁliuni
2559 2820 2648 2862 aut
2672 2810 2828 2860 ﬁliam
2857 2821 3044 2860 necare
3065 2804 3368 2860 voluissent,
3396 2802 3606 2864 absque

2057 2905 2172 2955 cibo
2201 2911 2410 2953 terreno
2455 2906 2784 2950 necarentur.
2830 2897 3064 2947 Lictores
3091 2901 3280 2947 autem,
3312 2891 3450 2942 sicut
3493 2888 3606 2939 illis

2058 2992 2226 3044 fuerat
2250 2992 2582 3056 imperatum,
2610 2995 2893 3054 rapuerunt
2913 3000 3029 3038 eam
3052 2991 3102 3036 et
3127 2983 3452 3034 deduxerunt
3476 2992 3605 3031 eam

2059 3090 2108 3134 et
2140 3080 2365 3147 portavit
2413 3080 2548 3131 illam
2584 3093 2743 3128 unum
2775 3075 3086 3141 mancipium
3116 3071 3179 3125 ad
3207 3070 3414 3124 situlam
3457 3082 3604 3134 aqua

2058 3171 2282 3237 plenam,
2313 3168 2526 3232 cupiens
2565 3181 2680 3217 eam
2715 3165 2768 3215 in
2813 3165 2976 3228 ipsam
3019 3174 3206 3227 aquam
3252 3170 3508 3224 mergere,
3541 3162 3606 3206 ut

2060 3257 2234 3309 ﬁniret
2276 3256 2456 3306 vitam.
2509 3252 2610 3305 Sed
2664 3253 2796 3302 miro
2843 3248 3222 3315 Omnipotentis
3252 3247 3387 3299 dono
3418 3254 3605 3296 actum

2059 3355 2158 3407 est,
2187 3354 2242 3396 ut
2271 3342 2471 3410 puella,
2503 3356 2619 3407 qum
2666 3337 2886 3392 necdum
2935 3343 3146 3388 suxerat
3188 3336 3348 3385 ubera
3389 3331 3601 3392 matris,

2060 3435 2292 3486 extensis
2323 3430 2551 3482 brachiis
2591 3428 2699 3480 suis
2733 3435 2949 3492 utraque
2993 3438 3148 3475 manu
3181 3419 3609 3488 apprehenderet

2062 3521 2350 3587 marginem
2379 3517 2566 3575 situl;e,
2595 3516 2825 3566 renitens
2852 3526 2916 3564 ne
2938 3520 3279 3579 mergeretur.
3307 3507 3451 3560 lianc
3471 3520 3608 3574 ergo

2063 3606 2422 3658 fortitudinem
2467 3602 2760 3654 tenerrima:
2785 3598 2969 3665 puella:
3011 3613 3075 3653 ex
3117 3597 3291 3649 divina
3337 3592 3607 3646 credimus

2066 3702 2235 3746 actam
2281 3688 2758 3757 praedestinatione,
2787 3700 2850 3738 eo
2878 3686 3016 3752 quod
3049 3699 3112 3738 ex
3139 3698 3200 3737 ea
3227 3684 3327 3735 duo
3368 3681 3605 3748 episeopi

2065 3783 2284 3834 fuissent
2322 3778 2548 3834 oriundi.
2585 3784 2798 3830 sanctus
2840 3774 3082 3827 videlicet
3123 3772 3388 3838 Ludgerus
3411 3780 3459 3824 et
3493 3769 3608 3821 Hil-

2066 3871 2338 3937 digrimus.
2384 3867 2438 3919 ln
2482 3867 2581 3919 hac
2620 3878 2746 3932 ergo
2785 3863 3153 3916 colluctatione
3199 3858 3418 3912 mirabili
3448 3858 3607 3925 juxta

2068 3955 2421 4007 misericordis
2474 3953 2564 4004 Dci
2635 3951 3028 4018 dispositionem
3085 3946 3380 4016 supervenit
3429 3946 3606 3998 vicina

2069 4046 2273 4106 rnnlicr,
2292 4054 2344 4095 et
2367 4042 2720 4095 misericordia
2746 4048 2883 4092 mota
2903 4039 3095 4104 eripuit
3113 4037 3334 4104 puellam
3358 4037 3419 4089 de
3443 4049 3605 4088 manu

2069 4133 2271 4200 prtefati
2321 4129 2587 4196 mancipii,
2627 4128 2960 4192 cucurritque
3008 4140 3126 4177 cum
3173 4137 3234 4175 ea
3283 4123 3346 4174 ad
3390 4122 3608 4174 domum

2070 4235 2240 4281 suam,
2270 4227 2322 4270 et
2351 4218 2598 4270 claudens
2622 4223 2738 4283 post
2761 4229 2817 4268 se
2856 4216 3070 4276 Ostium,
3098 4214 3334 4282 pervenit
3359 4212 3422 4264 ad
3453 4213 3607 4265 cubi-

2072 4308 2241 4360 culum
2270 4308 2318 4358 in
2349 4320 2451 4372 quo
2484 4315 2597 4356 erat
2624 4303 2754 4362 mel,
2786 4311 2840 4354 et
2876 4303 3017 4355 misit
3040 4317 3105 4356 ex
3132 4300 3281 4354 melle
3320 4301 3406 4354 illo
3451 4302 3502 4354 in
3541 4314 3621 4354 09

2069 4394 2380 4464 juvenculae,
2415 4409 2531 4460 quae
2560 4392 2737 4445 statim
2773 4392 2975 4443 sorbuit
3013 4391 3169 4442 illud.
3217 4391 3480 4445 Venerunt
3518 4391 3606 4444 in-

2075 4494 2219 4536 terea
2257 4482 2492 4550 prcedicti
2523 4477 2961 4544 carnil‘iccsjussa
3009 4479 3231 4531 domina:
3277 4493 3384 4530 sua:
3429 4478 3611 4546 exple-

2079 4577 2216 4630 turi:
2241 4573 2606 4627 dominabatur
2632 4571 2772 4625 enim
2814 4571 2900 4623 illa
2934 4570 3208 4624 furibunda
3237 4570 3288 4622 in
3315 4577 3421 4622 tota
3449 4570 3612 4623 domo

2079 4665 2170 4718 ﬁlii
2201 4665 2302 4736 sui.
2349 4663 2531 4714 Mulier
2573 4669 2745 4713 autem
2773 4674 2888 4726 quae
2914 4659 3164 4712 infantem
3203 4658 3393 4724 rapuit,
3423 4673 3614 4712 occur-

2081 4769 2202 4806 rens
2232 4753 2502 4806 lictoribus
2543 4752 2693 4812 dixit,
2723 4748 2825 4802 mel
2865 4749 3158 4801 comedisse
3185 4747 3430 4815 puellam,
3457 4754 3511 4800 et
3533 4747 3613 4801 si-

2081 4844 2188 4895 mul
2215 4843 2441 4895 ostendit
2474 4842 2574 4894 illis
2593 4855 2710 4893 eam
2739 4840 2909 4892 adhuc
2934 4839 3068 4891 labia
3108 4853 3204 4892 sua
3230 4838 3528 4906 ﬁngentem,
3555 4846 3626 4916 ta

2080 4942 2290 4998 propter
2335 4931 2434 4983 hoc
2482 4930 2718 4982 illicitum
2757 4935 2873 4980 erat
2906 4927 3056 4995 juxta
3097 4942 3293 4980 morem
3341 4925 3617 4994 gentilium

2081 5033 2267 5074 necare
2298 5019 2456 5070 illam.
2487 5017 2633 5068 Tunc
2656 5016 2869 5069 lictores
2897 5014 3207 5067 dimiserunt
3233 5013 3394 5076 illam,
3422 5023 3477 5064 et
3499 5027 3619 5067 tutt-

2081 5106 2177 5157 Iier
2197 5121 2312 5174 qua:
2330 5120 2444 5157 eam
2472 5115 2734 5171 rapuerat,
2758 5104 2960 5156 occulte
2984 5103 3200 5155 nutrivit
3221 5117 3337 5156 eam
3357 5102 3620 5158 mittendo

2080 5194 2159 5246 lac
2188 5210 2280 5261 per
2307 5208 2469 5246 cornu
2497 5192 2545 5244 in
2572 5207 2633 5245 os
2657 5192 2790 5258 ejus.
2821 5191 2986 5243 Mater
3009 5205 3214 5258 quoque
3233 5190 3441 5245 occulte
3472 5191 3621 5246 misit

2085 5323 2320 5444 Sitlaltslm
2352 5364 2364 5387 ,
2413 5323 2784 5376 adnotantibus
2836 5323 2934 5376 hoc
2989 5323 3478 5390 Antwerpiensibus
3519 5322 3626 5376 Pa-

2086 5404 2152 5444 trt
2177 5409 2270 5444 ius.

2086 5404 2270 5445 tribus.

2153 5462 2177 5498 ά
2216 5463 2483 5528 Antwerp.
2517 5468 2569 5514 et
2599 5459 2886 5523 Benedict.,
2916 5460 2970 5513 in
3002 5460 3246 5528 furorem.
