3886 6228
260 387 356 446 7⁸13

1518 386 1688 438 ACTA
1729 387 1783 439 S.
1823 386 2129 443 LL'DGERI.

3290 397 3395 454 ’1⁵14

256 502 318 557 sd
341 514 454 554 eam
493 499 750 553 nutricem
778 498 960 565 puella:
992 496 1290 550 ail'erentem
1328 513 1442 565 quae
1476 498 1767 551 necessaria
1799 506 1839 555 Α
1926 501 1985 561 79.
2025 502 2180 555 Venit
2219 504 2415 557 interea
2460 505 2541 559 vir
2578 508 2786 574 quidam
2829 508 2892 563 de
2932 517 3071 563 terra
3103 509 3385 579 Anglorum

255 589 475 647 fuerant.
504 585 841 651 quoadusque
866 584 1080 651 prarfata
1109 583 1194 635 illa
1229 582 1373 635 ferox
1400 586 1588 637 mulier
1610 586 1770 637 vitam

255 674 533 727 finiretzet
558 680 681 726 tunc
724 672 929 725 demum
973 671 1171 736 accepit
1216 679 1383 723 mater
1418 670 1578 723 ﬁliam
1621 687 1769 725 suam

251 758 594 811 nutriendam.
625 756 726 810 Sed
751 758 813 809 de
837 758 918 809 bis
950 757 1048 809 ista
1072 756 1347 809 sulliciant.

315 845 363 896 7.
401 843 547 897 Nunc
573 844 732 898 etiam
756 845 875 910 quia
912 843 975 895 de
1016 853 1195 896 sancto
1234 844 1474 911 Ludgero
1512 842 1652 910 loqui
1691 846 1768 896 in-

250 935 567 996 choavimus,
591 933 741 985 libuit
758 933 823 984 de
841 946 904 984 eo
925 946 1105 995 verum
1134 943 1159 971 ι
1180 932 1432 999 replicare
1451 948 1762 986 sermonem.

246 1021 370 1075 Cum
398 1022 626 1073 venisset
644 1028 815 1072 autem
841 1017 1214 1088 Thiatgrimus,
1232 1028 1383 1087 pater
1401 1020 1531 1087 ejus,
1553 1022 1617 1074 de
1640 1036 1767 1087 quo-

246 1112 359 1163 dam
387 1111 591 1171 itinere,
618 1116 671 1160 et
694 1115 860 1160 mater
878 1108 990 1174 ejus
1008 1117 1284 1176 praegnans
1309 1116 1466 1170 esset,
1492 1110 1766 1176 vicinaque

244 1196 408 1263 partui
437 1203 646 1263 gestans
670 1195 721 1245 in
743 1201 893 1245 utero
913 1192 1149 1245 eumdem
1177 1192 1406 1246 futurum
1436 1195 1759 1261 episcopum,

241 1283 415 1335 audito
456 1282 591 1348 quod
633 1282 712 1333 vir
753 1278 867 1347 ejus
907 1280 1127 1343 veniret,
1161 1281 1498 1335 immoderate
1534 1283 1765 1349 gaudens

241 1369 533 1437 properavit
558 1369 623 1420 ad
653 1382 792 1429 eum,
819 1375 873 1419 et
897 1367 1095 1421 oﬂ‘enso
1121 1371 1252 1435 pede
1278 1370 1496 1431 corruit,
1522 1370 1761 1422 intravit—

238 1470 337 1524 que
365 1456 513 1523 palus
562 1469 654 1521 per
696 1454 832 1507 latus
868 1453 1000 1519 ejus,
1027 1461 1079 1506 et
1111 1455 1282 1506 ablata
1323 1466 1404 1509 est
1434 1464 1655 1519 mortua,
1691 1460 1760 1511 ita

238 1550 293 1594 ut
336 1542 508 1594 nullus
550 1540 761 1608 putaret
802 1554 916 1592 eam
950 1539 1029 1593 vel
1058 1541 1176 1593 vita:
1202 1543 1442 1607 przesenti
1482 1545 1761 1598 restituen—

237 1630 370 1689 dam,
405 1629 484 1681 vel
532 1628 691 1681 ﬁlium
740 1643 895 1695 quem
925 1631 1147 1696 gestavit
1179 1630 1229 1681 in
1274 1639 1451 1695 utero;
1486 1634 1577 1685 sed
1607 1634 1761 1686 mise-

237 1724 385 1769 rante
413 1716 583 1769 divina
613 1716 888 1769 clementia
916 1717 1104 1769 revixit
1131 1718 1346 1783 spiritus
1374 1719 1513 1787 ejus,
1546 1728 1598 1773 et
1627 1721 1757 1773 bene

1867 588 2080 640 Atubret
2110 600 2132 628 ο
2167 593 2375 645 nomine
2418 594 2482 645 ad
2520 596 2761 649 abbatem
2804 594 3130 664 Gregorium,
3173 600 3389 667 cupiens

1868 674 2085 728 Domino
2129 688 2439 744 cooperante
2483 682 2620 747 plebi
2670 685 2833 751 partis
2879 683 3015 738 illius
3057 686 3109 738 in
3150 687 3388 741 doctrina

1865 764 2111 829 prodesse
2154 763 2325 834 (erant
2367 768 2505 820 enim
2548 771 2703 824 rudes
2742 772 2794 824 in
2844 771 3000 841 fide),
3030 789 3183 841 quem
3226 777 3391 829 abbas

1863 848 2149 916 Gregorius
2180 852 2403 908 libenter
2430 854 2685 923 suscepit,
2715 865 2767 910 et
2795 869 3063 925 comperto
3088 863 3225 928 quod
3252 871 3391 914 esset

1862 936 1944 987 vir
1974 938 2142 991 bonus
2170 948 2223 992 et
2250 942 2451 1004 doctus,
2484 944 2647 997 suasit
2672 954 2727 996 ut
2768 933 3169 1014 sibi‘episcopus
3200 951 3383 1003 nem:

1863 1038 1966 1075 non
1995 1026 2132 1077 enim
2167 1026 2336 1079 fuerat
2374 1030 2509 1081 idem
2537 1030 2822 1099 Gregorius
2854 1035 2918 1085 ad
2941 1035 3157 1102 gradum
3181 1038 3387 1101 episco-

1862 1110 2030 1177 palem
2090 1114 2393 1179 ordinatus,
2440 1118 2528 1169 sed
2573 1120 2883 1186 presbyterii
2932 1124 3283 1186 perseveravit
3335 1124 3386 1174 in

1862 1195 2046 1262 gradu.
2079 1198 2171 1249 Vir
2199 1199 2357 1265 igitur
2384 1202 2630 1267 prudens,
2657 1205 2722 1255 ad
2750 1204 2861 1257 haec
2886 1223 2899 1256 :
2924 1205 2993 1259 Ut
3015 1208 3169 1270 scias,
3200 1209 3383 1276 inquit,

1863 1298 1945 1337 me
1974 1300 2092 1337 cum
2120 1284 2327 1340 licentia
2360 1297 2412 1340 et
2440 1291 2657 1343 consilio
2700 1293 2931 1360 episcopi
2959 1297 3057 1346 mei
3087 1297 3189 1350 huc
3214 1305 3387 1350 trans-

1862 1384 2057 1434 meare,
2081 1374 2227 1426 mitte
2259 1390 2457 1428 mccum
2480 1376 2670 1431 fratres
2694 1379 2871 1433 ﬁdeles
2896 1381 2959 1432 ad
2985 1388 3176 1435 terram
3197 1386 3259 1437 de
3281 1400 3385 1451 qua

1859 1474 2103 1526 egressus
2129 1477 2263 1523 sum,
2287 1466 2351 1516 ad
2374 1467 2673 1533 episcopum
2700 1485 2889 1534 meum,
2918 1480 2975 1523 ut
3001 1474 3065 1526 ab
3086 1488 3150 1526 eo
3175 1476 3390 1528 ordincr

1858 1562 1954 1614 ego
1980 1557 2032 1600 et
2058 1549 2150 1610 illi,
2179 1552 2267 1603 tali
2296 1555 2447 1606 modo
2472 1570 2781 1609 consensum
2804 1554 3027 1624 praebeo.
3052 1560 3197 1624 Quod
3224 1563 3385 1617 abbas

1858 1636 2139 1705 Gregorius
2173 1640 2395 1695 libenter
2434 1644 2669 1708 audiens,
2698 1648 2886 1701 direxit
2928 1663 3046 1701 eum
3074 1659 3125 1702 et
3162 1665 3277 1703 cum
3320 1666 3387 1705 eo

1859 1724 2153 1792 Ludgerum
2192 1727 2452 1795 aliumque
2492 1730 2707 1785 fratrem
2756 1733 3021 1787 fortiorem
3051 1744 3220 1797 aetate,
3245 1735 3383 1803 Sigi—

235 1806 401 1857 fuerat
421 1812 632 1867 comta;
665 1805 714 1856 in
738 1819 897 1872 puero
915 1819 1122 1873 quoque
1142 1802 1258 1873 post
1273 1822 1467 1873 paucos
1492 1809 1601 1861 dies
1621 1810 1759 1861 edito
1794 1788 1832 1843 Β
1862 1788 2054 1866 bodum
2094 1816 2302 1869 nomine
2325 1856 2339 1879 ,
2370 1788 2436 1870 ad
2487 1820 2805 1887 episcopum,
2846 1822 2912 1876 de
2965 1838 3067 1891 qun
3108 1788 3390 1878 Alubertus

234 1893 369 1945 nulla
419 1892 646 1946 lmsionis
690 1892 891 1946 macula
940 1894 1196 1960 apparuit.
1242 1895 1539 1961 Bapt‘natus
1584 1906 1756 1947 autem

233 1981 431 2045 accepit
467 1978 775 2031 vocabulum
820 1978 1105 2046 Ludgerus.
1145 1979 1242 2043 Qui
1285 1981 1459 2033 statim
1492 1990 1547 2032 ut
1573 1983 1756 2033 ambu-

232 2066 339 2119 lare
383 2073 436 2116 et
479 2065 621 2133 loqui
661 2074 893 2132 poterat,
919 2067 1076 2132 ccepit
1123 2067 1364 2135 colligere
1403 2063 1672 2135 pelliculas
1706 2078 1759 2120 et

232 2154 456 2205 cortices
494 2154 738 2204 arborum
772 2155 833 2223 χιι,
872 2154 1063 2220 quibus
1102 2154 1167 2206 ad
1211 2150 1483 2207 luminaria
1521 2158 1592 2207 uti
1621 2157 1755 2208 sole-

233 2255 360 2300 mus,
382 2249 438 2293 et
462 2240 709 2307 quidquid
736 2242 846 2294 tale‘
863 2243 1094 2295 invenire
1113 2252 1338 2310 poterat,
1356 2244 1756 2313 ludentibusque

232 2332 403 2396 pueris
434 2331 568 2391 aliis,
597 2332 705 2397 ipse
724 2332 951 2385 "consuit
978 2332 1075 2384 sibi
1106 2335 1167 2385 de
1198 2335 1320 2399 ipsis
1363 2336 1758 2402 collectionibus

231 2417 375 2483 quasi
410 2417 625 2469 libellos.
653 2417 885 2485 Cumque
914 2420 1193 2473 invenisset
1220 2422 1316 2473 sibi
1354 2422 1605 2489 liquorem
1635 2427 1753 2476 imi-

233 2505 438 2556 tabatur
479 2505 777 2571 scriptores,
826 2516 880 2559 et
927 2506 1178 2559 afferebat
1219 2510 1409 2561 nutrici
1456 2526 1562 2564 sum
1606 2516 1751 2579 quasi

231 2595 379 2648 utiles
409 2596 569 2650 libros
596 2595 996 2649 custodiendos:
1025 2595 1087 2649 Et
1130 2612 1245 2649 cum
1291 2599 1337 2651 ei
1379 2600 1495 2665 quis
1536 2600 1753 2661 diceret,

230 2680 357 2745 Quid
385 2680 552 2735 fecisti
580 2683 762 2737 hodie?
790 2684 920 2736 dixit
945 2698 1001 2735 se
1023 2699 1113 2750 per
1142 2693 1303 2737 totum
1327 2686 1465 2738 diem
1494 2697 1585 2739 aut
1612 2703 1754 2739 com-

228 2781 417 2834 ponere
438 2768 600 2821 libros
630 2779 719 2821 aut
743 2770 991 2835 scribere,
1010 2778 1097 2821 aut
1120 2771 1277 2821 etiam
1304 2771 1491 2838 legere.
1520 2771 1755 2839 Cumque

228 2855 411 2906 iterum
469 2855 899 2922 interrogaretur,
926 2856 1054 2919 Quis
1101 2866 1149 2909 te
1190 2858 1399 2911 docuit?
1431 2859 1751 2926 Respondit:

230 2944 359 2997 Deus
397 2960 480 2997 me
502 2944 697 2995 docuit.
741 2944 1087 2997 Meditabatur
1115 2954 1290 2998 autem
1320 2948 1371 2998 in
1404 2956 1579 3000 tenera
1601 2957 1753 3001 aetate

225 3034 357 3099 quod
382 3042 563 3098 postea
590 3033 805 3086 devotus
836 3034 1087 3099 iinplevit.
1680 3036 1689 3051 ί

289 3123 339 3174 8.
377 3120 503 3173 Post
547 3122 659 3172 lucc
696 3120 854 3172 etiam
890 3129 1074 3173 auctus
1121 3120 1303 3188 majori
1333 3122 1520 3189 gratia,
1549 3124 1751 3190 rogavit

224 3219 465 3276 parentes
510 3223 633 3261 suos
668 3216 725 3259 ut
771 3222 827 3261 se
866 3208 1020 3261 alicui
1066 3209 1181 3261 viro
1224 3208 1315 3261 Dei
1362 3211 1751 3264 committerent

224 3296 582 3349 erudiendum.
611 3294 678 3345 At
701 3293 793 3357 illi,
825 3310 942 3348 cum
969 3304 1145 3348 essent
1174 3296 1399 3364 benigni,
1427 3297 1607 3364 glorifi
1629 3314 1751 3351 ave-

225 3390 341 3433 runt
377 3381 563 3443 Deum,
586 3382 821 3434 videntes
859 3381 1202 3437 intentionem
1234 3382 1460 3447 juvenis,
1489 3400 1751 3438 commen-

224 3469 578 3534 daveruntque
606 3482 726 3520 eum
749 3468 861 3520 viro
885 3470 1171 3522 venerabili
1199 3470 1457 3539 Gregorio
1496 3473 1750 3540 discipulo

223 3564 272 3609 et
310 3555 603 3611 successori
632 3556 797 3609 sancti
842 3556 1091 3611 Bonifacii
1121 3560 1387 3627 martyris,
1415 3560 1631 3613 Domino
1658 3578 1751 3613 nu-

225 3646 501 3707 triendum,
536 3645 623 3711 qui
668 3644 890 3699 libenter
931 3652 1049 3699 eum
1093 3650 1352 3716 suscepit,
1385 3657 1436 3702 et
1484 3656 1747 3718 comperta

224 3730 501 3797 sagacitate
542 3732 709 3798 pueri,
759 3732 989 3785 studiose
1034 3733 1179 3784 illum
1230 3735 1518 3788 erudiebat.
1572 3736 1749 3791 Crevit

225 3820 395 3886 itaque
418 3818 684 3883 Ludgerus
712 3819 987 3886 proﬁciens
1014 3820 1068 3871 in
1094 3821 1279 3873 timore
1304 3822 1416 3885 Dei,
1444 3832 1494 3876 et
1514 3824 1749 3891 deposito

225 3907 455 3958 sreculari
483 3907 661 3959 habitu
692 3906 742 3957 in
786 3906 995 3959 Triecto
1032 3908 1315 3975 (Trajecto)
1345 3914 1665 3964 monasterio
1693 3928 1749 3965 se

224 3994 439 4046 contulit
468 3995 531 4046 ad
557 3994 786 4045 studium
813 3994 940 4045 artis
963 3995 1271 4061 spiritualis.
1306 3997 1467 4049 Erant
1493 4008 1668 4052 autem
1696 4000 1748 4051 in

226 4080 305 4131 illa
349 4079 525 4132 schola
557 4079 794 4147 Gregorii
843 4090 895 4134 et
941 4082 1025 4133 alii
1072 4084 1411 4150 condiscipuli
1458 4087 1656 4140 nobiles
1697 4094 1751 4141 et

224 4167 520 4232 prudentes,
546 4181 575 4219 e
599 4168 788 4233 quibus
832 4168 919 4219 alii
956 4168 1183 4234 episcopi
1212 4178 1391 4235 postea
1414 4173 1747 4235 exstiterunt,

224 4253 305 4304 alii
349 4254 403 4304 in
450 4254 739 4306 minoribus
786 4255 1035 4321 gradibus
1080 4257 1320 4309 doctores
1376 4259 1746 4322 ecclesiarum;

226 4342 356 4406 apud
391 4354 525 4405 quos
548 4340 683 4392 idem
712 4338 981 4408 Ludgerus
1015 4342 1065 4392 in
1097 4356 1282 4408 magno
1310 4343 1600 4397 habebatur
1626 4344 1749 4398 atl‘e-

224 4434 329 4487 ctu,
369 4441 435 4478 eo
482 4419 619 4494 quod
664 4436 804 4480 esset
846 4425 925 4479 vir
950 4430 1094 4481 mira:
1140 4432 1572 4495 mansuetudinis,
1602 4434 1748 4486 vultu

228 4512 395 4575 hilari,
429 4528 532 4565 non
559 4522 728 4567 tamen
750 4513 918 4567 facilis
950 4514 1001 4567 in
1030 4516 1151 4577 risu,
1186 4526 1237 4568 et
1276 4518 1327 4569 in
1354 4521 1593 4573 omnibus
1622 4521 1749 4574 acti-

224 4599 321 4651 bus
347 4599 675 4667 prudentiam
718 4612 837 4651 cum
867 4604 1207 4667 temperantia
1250 4605 1590 4671 amplectens.
1623 4608 1750 4662 Erat

224 4690 359 4744 enim
407 4689 650 4742 assiduus
679 4690 959 4742 meditator
990 4685 1179 4744 divina:
1213 4691 1513 4759 Scriptor-te,
1538 4705 1591 4748 et
1637 4698 1749 4763 ejus

223 4778 481 4846 praecipue
509 4776 625 4845 qua:
651 4778 947 4844 atuaudem
978 4779 1067 4830 Dei
1091 4819 1104 4840 ,
1133 4788 1185 4831 et
1212 4782 1275 4833 ad
1313 4782 1605 4835 doctrinam
1632 4799 1750 4852 pcr-

224 4863 421 4917 tiuebat
448 4864 773 4927 catholicam,
789 4868 1090 4933 pro‘quibus
1110 4883 1137 4919 a
1162 4869 1444 4921 venerabili
1475 4872 1743 4939 magistro,

220 4954 360 5007 velut
389 4954 576 5007 unicus
602 4953 763 5017 illius,
784 4948 1116 5023 diligebatur.

287 5116 312 5173 fl
346 5105 617 5173 ᾼιηπεη).
648 5114 702 5158 et
729 5103 943 5173 Bened.,
976 5104 1157 5155 iterum

286 5171 315 5210 δ
347 5171 607 5241 Eapyrum
637 5172 971 5241 appellabant
989 5180 1209 5241 veteres.
1242 5172 1466 5225 Manum.

287 5236 570 5309 (senm,
610 5236 871 5309 Afn'berth.
924 5236 1018 5289 Ms.
1056 5237 1258 5303 Budic.,
1289 5242 1427 5307 quod
1474 5239 1742 5309 Antvverp.

224 5305 516 5368 laudabant,
540 5307 857 5359 Adelbertits.

284 5370 311 5410 ει
349 5374 614 5443 A_ntvverp.
644 5383 696 5428 et
722 5373 937 5433 Bened.,
962 5372 1133 5443 Caroli
1161 5374 1395 5443 ijunioris
1433 5377 1486 5427 in
1532 5373 1746 5443 Turoni-

225 5438 329 5521 ξμς.
354 5438 775 5521 ‘PeLju'niOrern
805 5450 979 5521 autem
1020 5438 1266 5521 Curulium
1312 5442 1747 5521 hic-intelligitur

226 5504 435 5627 1(iitrolus
466 5504 697 5577 Magnus,
735 5509 909 5559 habita
956 5510 1157 5561 ratione
1200 5508 1372 5562 Caroli
1418 5504 1633 5562 Martclli
1662 5512 1742 5563 avi

284 5590 381 5627 tus.
1558 5589 1567 5596 λ

284 5590 381 5628 tus.
1558 5589 1567 5596 ”

1863 1901 2217 1971 dixerat:qut
2254 1905 2491 1957 eumdem
2536 1906 2841 1960 Alubertum
2882 1911 3143 1962 ordinavit
3186 1913 3385 1978 cpisco-

1860 2003 2003 2055 pum,
2037 1989 2334 2057 Sigibodum
2365 1993 2743 2060 presbyterum,
2764 1993 3058 2059 Ludgerum
3086 1996 3389 2061 diaconum,

1860 2087 1911 2131 et
1938 2089 2237 2133 manserunt
2278 2081 2379 2133 illic
2421 2097 2556 2134 anno
2584 2098 2703 2134 uno.
2747 2083 2994 2137 Alcuinus
3029 2085 3182 2137 etiam
3214 2085 3301 2138 illo
3328 2086 3384 2140 in

1859 2166 1972 2219 loco
2005 2175 2127 2220 tunc
2158 2170 2403 2235 magister
2439 2177 2572 2232 erat,
2600 2172 2686 2237 qui
2720 2175 2897 2238 postea
2942 2173 3260 2239 temporibus
3286 2171 3386 2227 Ca-

1860 2255 1955 2307 roli
1988 2255 2209 2307 Turonis
2236 2254 2260 2293 ἀ
2289 2265 2341 2307 et
2368 2257 2419 2307 in
2465 2256 2684 2310 Francia
2731 2260 3084 2326 magisterium
3128 2261 3385 2315 exercuit.

1856 2340 1948 2390 Cui
1977 2340 2151 2391 statim
2180 2339 2445 2406 Ludgerus
2471 2344 2718 2396 hauriens
2742 2346 2993 2410 spiritalia
3021 2346 3261 2411 dogmata
3290 2358 3382 2399 ο...

1854 2433 1972 2492 post
1998 2428 2118 2477 anni
2144 2442 2267 2479 vero
2298 2427 2544 2479 circulum
2574 2439 2911 2490 revertentes,
2934 2432 3021 2497 qui
3045 2432 3187 2482 missi
3208 2441 3383 2496 erant,

1857 2512 2073 2567 Domino
2120 2516 2456 2582 gubernante,
2496 2524 2751 2567 venerunt
2795 2518 2858 2568 ad
2905 2519 3140 2569 abbatem
3184 2518 3381 2589 Grego-

1857 2602 2011 2661 rium,
2036 2602 2122 2667 qui
2170 2602 2391 2669 benigne
2421 2604 2708 2669 suscipiens
2745 2596 2871 2663 eos“,
2894 2605 3101 2671 gavisus
3126 2616 3203 2657 est
3231 2606 3383 2662 valde

1855 2682 1907 2733 in
1936 2683 2157 2733 adventu
2185 2697 2389 2744 eorum,
2419 2691 2471 2735 et
2499 2686 2689 2735 mansit
2716 2699 2833 2736 cum
2858 2700 2927 2737 eo
2947 2685 3244 2750 Alubertus,
3271 2689 3385 2743 col-

1854 2768 2095 2821 laborans
2121 2770 2170 2820 in
2199 2784 2356 2836 opere
2382 2769 2605 2821 Domini.

1922 2854 2005 2907 10.
2047 2854 2101 2907 S.
2132 2855 2400 2921 Ludgerus
2446 2857 2604 2924 igitur
2632 2856 2847 2923 cupiens
2877 2871 2933 2909 se
2958 2865 3195 2911 saturare
3240 2858 3380 2927 pne“-

1853 2943 1996 2996 libati
2021 2944 2290 2995 dulcedine
2317 2942 2419 2995 favi
2450 2943 2493 3006 ι,
2528 2945 2674 3010 petiit
2715 2946 2791 2997 ab
2822 2946 3008 2998 abbate
3034 2944 3286 3015 Gregorio
3320 2950 3387 3001 li-

1854 3030 2076 3081 centiam
2108 3030 2355 3081 redeundi
2384 3031 2449 3082 ad
2475 3032 2781 3097 magistrum
2809 3033 3113 3096 Albuinum,
3134 3038 3271 3101 quod
3296 3038 3389 3091 ille

1854 3116 2068 3167 moleste
2110 3114 2301 3179 ferens,
2344 3116 2454 3170 ﬂeri
2486 3119 2725 3180 retinuit;
2762 3119 2926 3171 noluit
2966 3128 3140 3173 tamen
3184 3126 3381 3177 contri-

1848 3203 1973 3253 stari
2005 3210 2263 3269 petentem
2282 3242 2296 3265 ,
2327 3204 2417 3256 sed
2453 3204 2653 3257 blandis
2683 3206 3009 3259 sermonibus
3048 3212 3208 3275 cmpit
3235 3226 3377 3263 coin-

1846 3300 2061 3352 pcscere
2084 3302 2223 3340 eum.
2269 3289 2504 3356 Cumque
2545 3300 2782 3351 cerneret
2811 3307 2867 3345 se
2894 3294 3048 3346 nullis
3072 3294 3377 3360 objectioni-
3428 3314 3437 3319 π

1845 3374 1944 3425 bus
1986 3374 2129 3426 illum
2154 3388 2182 3425 a
2205 3390 2296 3427 sua
2327 3376 2614 3428 intentione
2638 3391 2883 3430 revocare
2916 3392 3087 3445 posse,
3118 3384 3384 3435 accersito

1846 3472 1991 3528 patre
2021 3461 2157 3515 illius
2185 3462 2499 3529 postulavit,
2528 3473 2582 3516 ut
2611 3474 2890 3517 conaretur
2925 3481 3170 3520 revocare
3195 3484 3313 3522 eum
3341 3486 3381 3523 aa

1846 3557 2016 3616 empto
2046 3550 2248 3613 itinere,
2294 3552 2384 3604 sed
2427 3553 2691 3607 studiosus
2717 3554 2868 3606 levita
2906 3555 3160 3609 instanter.
3187 3558 3251 3608 in-
3280 3571 3377 3611 suo

1845 3646 1967 3690 voto
1992 3640 2299 3705 permansit.
2338 3639 2483 3692 Tune
2511 3649 2757 3706 parentes
2798 3636 3033 3706 ejusdem
3068 3642 3292 3711 Ludgeri
3320 3652 3376 3697 et

1846 3724 2148 3795 Gregorius,
2172 3730 2443 3794 quandove
2462 3729 2705 3795 precibus
2733 3730 2909 3792 evicti,
2936 3730 3234 3783 direxerunt
3255 3746 3374 3784 eum

1845 3816 1910 3866 ad
1938 3814 2212 3879 praefatum
2254 3816 2564 3882 magistrum
2612 3816 2881 3870 Eboraica:
2914 3819 3140 3870 civitatis
3180 3820 3385 3887 Anglo-

1847 3914 1983 3958 rum,
2026 3900 2317 3964 praebentes
2354 3914 2468 3965 quae
2516 3899 2588 3951 illi
2628 3915 2756 3966 opus
2789 3909 2941 3954 erant
2984 3902 3033 3955 in
3081 3905 3383 3971 viazquetn

1846 3987 2095 4055 magister
2121 3986 2336 4038 illustris
2365 3985 2614 4039 Alcuinus
2641 4003 2758 4040 cum
2789 4003 2977 4055 magno
3002 3990 3231 4056 suscepit
3251 4006 3379 4059 gau-

1846 4074 1953 4127 dio.
1979 4074 2271 4141 Susceptus
2294 4075 2467 4141 itaque
2496 4076 2787 4141 Ludgerus,
2816 4086 2929 4129 erat
2956 4088 3203 4130 consueto
3234 4094 3385 4132 more

1846 4163 2089 4213 omnibus
2113 4162 2325 4222 charus,
2352 4176 2416 4214 eo
2441 4165 2577 4227 quod
2617 4171 2757 4215 esset
2780 4174 2995 4216 ornatus
3020 4165 3252 4216 moribus
3275 4166 3366 4217 bo-

1849 4250 1947 4309 nis,
1972 4232 2030 4300 et
2057 4248 2242 4300 studiis
2267 4250 2491 4310 sanctis.
2518 4258 2570 4302 et
2597 4251 2790 4302 mansit
2824 4251 2895 4303 ibi
2933 4253 3083 4304 anuis
3124 4254 3290 4305 tribus
3325 4261 3380 4304 et

1850 4337 2118 4389 mensibus
2162 4351 2279 4399 sex,
2300 4337 2579 4403 proficiens
2608 4339 2657 4389 in
2686 4339 2935 4391 doctrinae
2964 4339 3156 4390 studio.
3187 4338 3379 4406 Cupie-

1846 4425 1936 4477 bat
1980 4426 2121 4477 enim
2160 4426 2352 4478 ibidem
2380 4426 2573 4478 diutius
2602 4426 2653 4477 in
2692 4434 2872 4479 saneto
2914 4440 3125 4480 manere
3162 4428 3379 4493 studio;

1844 4514 1935 4567 sed
1962 4528 2062 4566 non
2092 4513 2190 4566 fuit
2224 4529 2469 4567 concessa
2513 4506 2731 4567 facultas
2757 4530 2775 4567 :
2795 4530 2915 4567 nam
2960 4516 3378 4584 ingredientibus

1843 4604 2047 4656 civibus
2075 4603 2175 4655 illis
2203 4604 2268 4655 ad
2294 4602 2486 4656 bellum
2505 4613 2686 4656 contra
2724 4604 2963 4655 inimicos
2991 4616 3138 4663 suos,
3158 4604 3378 4669 contigit

1845 4701 1901 4743 ut
1934 4706 2027 4758 per
2064 4692 2230 4743 rixam
2270 4691 2652 4743 interﬁceretur
2679 4690 2816 4742 illius
2857 4688 3123 4754 cujusdam
3167 4691 3380 4743 comitis
3419 4720 3429 4731 -

1844 4783 2006 4850 ipsius
2056 4782 2338 4850 provinciae
2361 4797 2391 4833 a
2418 4781 2645 4833 Fresone
2677 4781 2901 4847 quodam
2954 4781 3293 4847 negotiatoris,
3322 4791 3376 4835 et

1846 4872 2040 4923 idcirco
2084 4871 2342 4924 Fresones
2389 4868 2767 4922 festinaverunt
2816 4869 2992 4937 egredi
3037 4869 3099 4921 de
3160 4870 3377 4935 regione

1844 4956 2149 5022 Anglorum,
2192 4957 2435 5008 timentes
2484 4952 2613 5007 iram
2656 4956 3063 5022 propinquorum
3109 4955 3377 5011 interfecti

1917 5119 1937 5145 ε
1979 5106 2169 5173 Supple
2215 5120 2279 5158 ex
2330 5106 2592 5169 Antvverp.
2635 5112 2689 5156 et
2730 5103 2948 5167 Beued.,
2975 5103 3149 5156 sedqu
3188 5103 3379 5170 jungcs

1843 5174 2013 5225 batur.

1870 5248 1873 5249 '
1918 5241 1935 5277 ί
1967 5241 2030 5315 _lr_i
2054 5239 2275 5315 Sqriana
2288 5240 2513 5315 Ludgeri
2531 5239 2645 5297 Vita
2669 5238 2768 5291 alia
2790 5235 3172 5315 ratioaﬂ‘ertur,
3184 5251 3371 5315 nempe

1842 5310 1980 5375 quod
2008 5308 2293 5374 Ludgerus,
2326 5304 2433 5359 tum
2464 5309 2731 5366 diaconus,
2760 5321 2877 5359 cum
2905 5304 3371 5375 coram_Gr_egorio

1842 5372 2178 5441 Evangeliuiu
2236 5376 2409 5442 legens
2454 5376 2505 5426 in
2557 5376 2779 5442 quodam
2829 5373 2986 5442 verbo
3030 5372 3367 5442 offendisset,

1841 5436 2146 5515 emendatus
2171 5459 2202 5515 a
2232 5436 2521 5509 Gregorio,
2563 5436 2745 5515 statuit
2790 5441 2979 5515 reverti
3028 5440 3092 5515 ad
3139 5436 3372 5515 scholam

1841 5510 2068 5571 Alcuini,
2099 5506 2365 5575 indignum
2394 5524 2449 5561 se
2478 5508 2905 5576 putansdiaconii
2932 5506 3118 5575 gradu,
3146 5506 3233 5571 qui
3264 5519 3375 5559 non

1840 5588 2017 5645 posset
2042 5577 2313 5631 emendate
2341 5578 2530 5643 legere.
3046 5604 3051 5609 η
