3886 6228
478 370 584 423 715

1443 358 1532 409 AD
1569 357 1623 411 S.
1665 355 1957 412 LUDGERI
1991 348 2267 405 SCRIPTA
2305 340 2663 398 APPENDIX.

3541 323 3647 375 ’ῖῖῆ

475 481 706 554 juvenis.
737 477 882 531 Tunc
899 472 1147 528 Alcuinus
1170 467 1477 522 necessitate
1502 465 1799 532 compulsus
1820 461 2011 515 direxit
2040 463 2082 516 Α
2111 451 2474 507 diceuszNunc
2505 448 2625 515 quia
2655 445 2812 494 l'rater
2846 455 2990 492 nieus
3020 437 3388 489 dilectissimus
3415 447 3496 494 es,
3520 440 3644 499 peto

1733 553 1736 554 ,
1829 550 1862 554 _
1969 549 1980 554 _
2144 553 2152 554 ,
2219 542 2232 554 .
2298 541 2308 551 ι
2333 541 2345 554 1
2411 539 2420 547 -
2497 551 2508 554 -
2563 551 2605 554 _-
2624 549 2728 554 ____-
2780 531 2993 554 :._-..In..-
3015 544 3023 552 .
3063 527 3205 554 ΙΛΛηο
3242 526 3383 554 ιιι-ἔπι
3433 523 3484 554 :n
3539 536 3644 554 num

486 576 803 643 Ludgerum,
823 576 1017 620 etcum
1043 575 1106 614 eo
1135 561 1401 614 diaconem
1430 570 1580 608 suum
1604 553 1810 608 nomine
1829 549 2003 609 Putul,

485 679 605 720 cum
647 657 879 730 praelatis
928 649 1337 721 negotiatoribus
1381 658 1436 708 ι,
1479 645 1669 696 timens
1715 655 1779 694 ne
1832 653 2010 701 amore

485 750 717 809 discendi
739 747 894 801 aliam
923 740 1149 812 regionis
1175 737 1312 790 illius
1333 735 1600 788 civitatem
1627 731 1812 790 adiret,
1842 735 1894 781 et
1915 741 2011 803 pro

486 843 682 898 ultione
717 832 952 908 praedicti
977 800 1186 897 juvenis
1226 826 1428 893 aliquas
1468 827 1735 888 pateretur
1777 800 2009 868 insidias.

487 930 702 984 Dicebat
720 904 862 978 enim
880 935 936 976 se
958 917 1133 987 potius
1157 913 1288 967 velle
1313 909 1444 964 mori
1471 907 1624 974 quam
1651 912 1707 957 ut
1733 904 1870 956 (ilius
1889 918 2013 956 suus

489 1019 712 1073 dilectus
737 1012 1020 1080 quidquam
1048 1009 1317 1073 pateretur
1356 996 1562 1051 letbalis
1604 992 1744 1046 mali.
1778 991 2014 1043 Directus

489 1112 666 1176 itaque
684 1103 979 1170 Ludgerus,
999 1106 1250 1164 prospero
1271 1103 1424 1142 cursu
1447 1086 1683 1154 pervenit
1707 1083 1771 1134 ad
1791 1081 2014 1149 patriam

489 1168 638 1248 suam
676 1168 824 1243 bene
863 1186 1152 1238 instructus
1176 1216 1192 1242 ,
1242 1176 1442 1232 habens
1488 1170 1690 1237 cepiam
1739 1168 2013 1225 librorum,

488 1291 706 1348 eratque
731 1276 868 1346 patri
895 1270 1147 1340 Gregorio
1186 1273 1239 1320 et
1271 1262 1475 1316 caeteris
1497 1266 1643 1312 tanto
1669 1265 1792 1309 tunc
1812 1253 2017 1322 dignior

488 1382 542 1426 et
569 1343 850 1438 acceptior,
880 1368 1076 1430 quanto
1106 1357 1207 1411 fuit
1227 1364 1281 1409 et
1307 1354 1358 1406 in
1383 1347 1686 1405 monasticis
1708 1343 2017 1398 eruditioni-

495 1465 591 1515 bus
632 1455 902 1512 illustrior.
948 1451 1207 1504 Diaconus
1231 1458 1377 1505 vero,
1403 1440 1494 1508 qui
1532 1443 1747 1490 venerat
1785 1447 1906 1488 eum
1932 1445 2016 1495 eo,

482 1549 634 1618 juxta
656 1541 1044 1612 dispositionem
1074 1521 1544 1597 Alcuini‘perrexit
1567 1523 1808 1585 Romam,
1831 1521 2019 1573 iterum

492 1608 816 1694 re\'ersurus,
843 1629 933 1697 qui
978 1627 1139 1681 etiam
1181 1628 1363 1690 postea
1390 1633 1510 1671 cum
1553 1614 1774 1666 Alcuino
1799 1609 1942 1663 venit
1968 1608 2021 1660 in

489 1726 713 1781 Galliam
739 1721 793 1772 in
820 1716 1004 1771 ordine
1027 1708 1360 1780 presbyterii.

562 1814 645 1866 li.
685 1811 817 1863 Cum
844 1805 967 1859 talia
990 1801 1327 1872 gerebantur,
1353 1795 1496 1848 venit
1516 1790 1728 1860 quidam
1751 1787 2024 1855 presbyter

493 1909 706 1958 sanctus
733 1905 788 1950 et
807 1895 1010 1955 doctus,
1035 1891 1099 1944 de
1124 1900 1316 1956 genere
1337 1881 1645 1951 Anglorum,
1668 1875 1878 1930 nomine
1907 1872 2024 1924 Lia—

493 1989 720 2046 fuvinus.
735 1984 801 2038 ad
821 1983 1064 2036 abbatem
1086 1973 1418 2045 Gregorium,
1435 1970 1613 2022 dicens
1634 1966 1731 2020 sibi
1752 1978 1782 2016 a
1805 1961 2024 2015 Domino

493 2078 804 2135 terribiliter
844 2073 980 2124 trina
1020 2065 1377 2122 admonitione
1404 2061 1566 2113 fuisse
1605 2062 1940 2124 praeceptum,
1970 2055 2026 2100 ut

495 2172 550 2224 in
574 2165 801 2222 conﬂnio
829 2162 1147 2215 Francorum
1177 2161 1335 2219 atque
1356 2148 1620 2201 Saxonum
1644 2154 1795 2196 secus
1815 2138 2026 2190 ﬂuvium

496 2259 594 2311 lsla
621 2253 757 2322 plebi
789 2252 842 2303 in
882 2245 1116 2301 doctrina
1158 2240 1406 2309 prodesse
1447 2233 1677 2293 deberet,
1725 2225 2030 2294 rogavitque

500 2354 556 2399 ut
589 2311 655 2395 ad
681 2342 850 2393 locum
878 2337 1019 2389 illum
1064 2346 1120 2384 se
1160 2325 1369 2397 perduci
1405 2323 1614 2390 juberet
1639 2325 1693 2371 et
1723 2316 1789 2368 ad
1815 2311 2030 2366 ﬂuvium

498 2431 598 2485 sibi
629 2444 658 2480 a
689 2426 908 2479 Domino
947 2417 1397 2490 pncnonlinatum.
1441 2411 1587 2463 Tunc
1627 2403 1939 2472 Gregorius,
1966 2413 2030 2451 eo

499 2518 636 2588 quod
665 2517 808 2568 locus
838 2511 972 2564 idem
997 2507 1062 2559 ad
1086 2501 1386 2572 parochiam
1411 2511 1560 2550 suam
1601 2492 1906 2560 pertineret,
1935 2486 2030 2538 be-

500 2572 655 2675 nigne
679 2618 798 2656 eum
827 2599 931 2652 illic
957 2595 1185 2662 dirigere
1211 2587 1414 2650 statuit,
1435 2597 1594 2650 agens
1614 2579 1810 2648 gratias
1832 2572 2032 2643 pastori

500 2666 727 2754 suinmo,
756 2704 820 2743 eo
848 2685 985 2754 quod
1012 2681 1251 2733 visitaret
1274 2675 1479 2744 plebem
1508 2685 1676 2724 suam.
1709 2667 1847 2718 Misit
1873 2666 2032 2717 etiam

478 2798 620 2839 cum
663 2794 727 2833 eo
751 2786 804 2830 et
834 2751 1205 2827 Marcheltnum
1233 2777 1442 2818 servum
1473 2759 1564 2812 Dei
1594 2758 1657 2811 de
1698 2767 1888 2823 genere
1929 2751 2036 2802 An—

503 2873 704 2941 glorum
724 2907 737 2930 ,
770 2877 824 2919 et
863 2878 890 2915 a
920 2868 1102 2914 sancto
1127 2851 1467 2909 Willibrordo
1489 2849 1733 2916 episcopo
1761 2859 1789 2894 a
1812 2840 2035 2910 pueritia

502 2937 698 3015 sanctis
740 2955 1051 3006 instructum
1091 2945 1344 3004 moribus,
1367 2947 1425 2994 ut
1451 2951 1568 2992 eum
1599 2937 1924 3004 praeponeret
1947 2942 2039 2996 po-

503 3013 642 3118 pulo.
671 3046 956 3110 Susceptus
978 3051 1103 3105 ergo
1123 3033 1396 3102 presbyter
1414 3025 1720 3080 Lial'uvinus
1743 3038 1771 3074 a
1798 3013 2037 3073 matrima

503 3113 727 3207 quadam
773 3133 982 3188 nomine
1024 3123 1324 3182 Averhilda,
1352 3119 1659 3183 exterisque
1689 3113 1930 3164 ﬂdelibus
1957 3124 2041 3160 se-

505 3199 740 3280 minabat
753 3224 1063 3275 documenta
1078 3213 1280 3273 salutis,
1296 3217 1349 3264 et
1369 3208 1572 3275 rigabat
1594 3211 1748 3271 prata,
1765 3199 2037 3254 mentium.

506 3315 765 3368 Fecerunt
811 3316 985 3361 autem
1014 3303 1062 3358 ei
1101 3299 1390 3356 oratorium
1439 3297 1492 3348 in
1532 3287 1851 3348 Occidentali
1891 3294 2042 3354 parte

504 3399 706 3473 praefati
735 3395 983 3466 ﬂuminis,
1021 3393 1074 3446 in
1100 3391 1217 3444 loco
1245 3387 1335 3456 qui
1363 3383 1530 3452 Hulpa
1563 3388 1798 3435 vocatur.

580 3490 661 3543 12.
701 3464 826 3540 Post
863 3486 973 3538 hac
1013 3481 1170 3536 etiam
1198 3475 1588 3531 mdiﬂcaverunt
1615 3472 1662 3522 ei
1692 3467 1966 3521 ecclesiam
1993 3464 2042 3515 in

508 3579 683 3632 littore
706 3571 947 3627 orientali
973 3553 1205 3634 ejusdem
1229 3561 1480 3620 ﬂuminis,
1509 3557 1695 3611 inloco
1717 3552 1867 3618 cujus
1890 3565 2044 3604 voca-

508 3667 686 3722 bulum
712 3671 794 3716 est
824 3662 1100 3717 Daventre,
1123 3665 1350 3719 cumque
1377 3649 1441 3701 ad
1465 3660 1584 3699 eam
1610 3641 1828 3711 populus
1855 3639 1922 3691 ob
1945 3637 2041 3689 viri

509 3753 675 3810 sancti
699 3748 992 3805 doctrinam
1018 3743 1324 3802 conﬂueret,
1350 3737 1587 3791 Saxones
1612 3733 1698 3800 qui
1726 3746 1791 3784 eo
1811 3738 2046 3796 tempore

513 3843 725 3914 laganis
771 3840 1117 3894 fuscabantur
1173 3831 1399 3892 ritibus,
1431 3827 1485 3880 in
1537 3824 1764 3877 furorem
1807 3817 2044 3874 conversi

510 3906 728 3986 collecto
770 3926 1008 3981 exercitu
1057 3920 1420 3989 eﬂ'ugaverunt
1465 3911 1790 3967 Christianos
1836 3907 1902 3960 ab
1945 3906 2047 3958 illis

511 4021 658 4078 locis,
693 4027 746 4070 et
774 4013 1049 4069 ecclesiam
1075 4009 1479 4064 combusserunt
1507 4002 1630 4071 igni.
1678 3999 1821 4051 Tunc
1851 3997 1931 4047 vir
1955 3993 2045 4046 Dei

514 4109 819 4165 Lial'uvinus
868 4115 1112 4158 reversus
1140 4098 1204 4151 ad
1230 4097 1470 4149 abbatem
1494 4089 1802 4158 Gregorium
1833 4092 2050 4153 prasto-

514 4201 719 4252 labatur
746 4192 1156 4248 consolationem
1185 4202 1212 4239 a
1243 4182 1482 4237 Domino.
1528 4177 1722 4231 Sedato
1767 4175 1928 4243 igitur
1974 4181 2050 4224 tu-

517 4287 682 4339 multu
705 4282 1032 4347 reversisque
1059 4275 1396 4346 praedonibus
1423 4272 1475 4324 in
1501 4283 1614 4331 sua,
1645 4267 1726 4319 vir
1748 4267 1839 4319 Dei
1869 4264 2049 4318 remdi-

2105 553 2161 594 ut
2204 539 2514 593 desiderium
2562 549 2732 586 meum
2780 515 3208 596 impleam-locus
3242 526 3383 577 enim
3433 523 3484 575 in
3539 536 3646 589 quo

2104 637 2315 682 sanctus
2343 623 2567 683 Domini,
2597 619 2899 672 Liafuvinus
2926 615 3197 681 presbyter
3220 653 3234 674 ,
3268 627 3425 678 quem
3459 611 3643 668 "nosti.

2106 718 2156 769 in
2184 731 2339 783 opere
2363 712 2564 766 Domini
2601 724 2764 775 usque
2795 707 2856 758 ad
2887 711 3105 756 mortem
3134 701 3465 768 pcrsistendo
3493 699 3644 751 labo-

2109 805 2260 865 ravit,
2298 803 2384 854 ubi
2413 813 2619 853 sacrum
2649 795 2761 860 ejus
2802 806 2992 858 corpus
3037 791 3301 855 sepultura
3344 788 3562 855 tegitur.
3597 785 3647 836 in

2108 890 2437 970 solitudinem
2469 893 2548 938 est
2577 883 2844 940 redactus;
2893 879 3233 946 quamobrem
3277 885 3398 942 peto
3427 884 3483 925 nt
3529 888 3648 924 eum

2112 960 2406 1029 restaurare
2439 973 2668 1025 studeas.
2699 977 2752 1021 et
2784 980 2940 1033 super
2964 979 3153 1031 corpus
3177 963 3340 1015 sancti
3363 960 3648 1015 ecclesiam

2112 1063 2417 1115 reacdilices.

2183 1149 2265 1201 M.
2306 1149 2392 1200 Dei
2432 1147 2589 1213 igitur
2634 1141 2856 1195 famulus
2893 1139 3160 1208 Ludgerns
3203 1137 3443 1206 magistri
3484 1135 3654 1202 jussis

2113 1238 2480 1302 obtemperans
2525 1232 2765 1299 qtnesivit
2801 1229 2996 1280 inloco
3035 1228 3414 1294 pramominato
3459 1212 3656 1287 corpus

2116 1325 2282 1378 sancti
2317 1331 2369 1375 et
2412 1339 2510 1374 non
2547 1319 2757 1379 invenit,
2790 1317 2879 1369 sed
2916 1324 3088 1367 tamen
3118 1314 3252 1364 intra
3279 1312 3510 1378 spatium
3553 1308 3652 1359 loci

2117 1413 2204 1465 ubi
2246 1412 2369 1463 illud
2395 1423 2509 1461 esse
2536 1407 2765 1474 putabat,
2796 1403 2953 1469 erepit
3000 1409 3305 1454 construere
3348 1396 3652 1449 ecclesiam.

2117 1501 2350 1567 Cumque
2395 1497 2651 1564 posuisset
2681 1493 2833 1545 bases
2853 1531 2866 1553 ,
2895 1498 2948 1542 et
2973 1489 3201 1555 parietes
3228 1469 3511 1537 conaretur
3542 1482 3650 1532 eri-

2119 1603 2264 1658 gere,
2314 1585 2553 1653 apparuit
2597 1583 2643 1634 ci
2698 1580 2939 1632 sacerdos
2986 1574 3191 1628 Domini
3236 1571 3550 1626 Liaftivinus
3606 1569 3658 1618 in

2121 1670 2352 1734 somniis,
2381 1675 2558 1726 dicens
2584 1689 2595 1722 :
2621 1670 2806 1721 Frater
2851 1665 3187 1720 dilectissime
3231 1662 3487 1729 Ludgere.
3524 1659 3662 1710 bene

2053 1753 2097 1812 Β
2124 1765 2290 1842 fecisti
2325 1759 2665 1814 restaurando
2690 1756 2778 1808 Dei
2825 1754 3072 1821 templum
3101 1751 3400 1817 iamdudum
3423 1746 3659 1798 deletum

2121 1871 2149 1908 a
2177 1838 2477 1922 gentilibus,
2505 1849 2596 1903 sed
2622 1857 2676 1900 et
2716 1860 2905 1914 corpus
2935 1837 3104 1896 meum
3135 1840 3274 1908 quod
3313 1838 3551 1906 qumsisti
3583 1837 3664 1886 in-

2123 1943 2300 1997 venies
2330 1941 2425 1994 sub
2447 1936 2688 1998 australi,
2705 1949 2858 2001 quem
2883 1929 3334 1996 erexisti,parietc
3362 1928 3659 1978 humatum.

2123 2033 2392 2101 Ludgerus
2421 2029 2578 2097 igitur
2599 2041 2751 2079 mane
2773 2022 2974 2076 Domini
3007 2020 3244 2073 laudibus
3265 2015 3488 2083 expletis
3519 2014 3665 2065 inve-

2123 2123 2199 2174 nit
2228 2134 2417 2186 corpus
2444 2115 2612 2169 sancti
2644 2115 2695 2165 in
2726 2113 2837 2165 loco
2862 2111 2960 2164 sibi
2987 2111 3038 2161 in
3068 2108 3268 2164 visione
3305 2104 3582 2173 praedicto,
3613 2110 3664 2150 et

2125 2208 2338 2262 collecta
2383 2203 2711 2258 multitudine
2754 2199 2875 2252 fecit
2923 2195 3186 2249 transvehi
3226 2194 3382 2245 bases
3425 2190 3664 2258 ejusdem

2125 2295 2330 2350 mliﬁcii
2363 2295 2412 2345 in
2443 2300 2643 2360 partem
2675 2287 2978 2349 australem,
3013 2291 3066 2337 et
3093 2283 3162 2334 ita
3200 2279 3335 2333 infra
3382 2277 3664 2330 ecclesiam

2127 2386 2337 2455 collegit
2359 2381 2655 2450 sepulcrum
2690 2376 2786 2429 viri
2831 2374 2941 2428 Dei.
2971 2370 3205 2425 Perfecta
3236 2369 3412 2435 itaque
3439 2375 3523 2418 est
3553 2365 3664 2429 ipsa

2127 2477 2348 2532 ecclesia
2395 2482 2447 2527 et
2489 2476 2814 2528 consecrata,
2864 2479 2980 2532 qua:
3023 2475 3290 2528 nunquam
3343 2458 3594 2521 deinceps
3639 2469 3666 2503 a

2128 2565 2406 2636 gentilibus
2434 2560 2601 2612 fuerat
2629 2555 2998 2609 contaminata.
3047 2550 3150 2603 Sed
3183 2549 3235 2599 in
3282 2546 3396 2598 loco
3442 2544 3535 2595 illo
3573 2556 3669 2607 per

2131 2668 2338 2707 servum
2367 2663 2515 2702 suum
2557 2645 2883 2698 Lial‘uvinum
2920 2640 3166 2693 Dominus
3205 2636 3396 2688 multas
3437 2633 3668 2684 virtutes

2131 2748 2378 2808 operatur
2424 2748 2588 2802 usque
2630 2733 2679 2784 in
2718 2727 3026 2783 hodiernum
3073 2726 3230 2784 diem,
3262 2722 3346 2775 ubi
3382 2729 3465 2774 est
3506 2720 3668 2771 etiam

2134 2843 2271 2881 nunc
2341 2824 2634 2878 cmnobium
2703 2817 3073 2871 canonirorum
3127 2810 3345 2866 Domino
3411 2805 3670 2858 famulan-

2141 2919 2289 2969 tium.

2211 3006 2292 3057 13.
2330 3002 2454 3055 Post
2491 3002 2601 3052 lucc
2629 2996 2770 3049 misit
2799 2979 3046 3045 Albrieus'
3065 2989 3360 3054 Ludgerum
3385 2992 3583 3036 etcum
3609 2995 3672 3033 eo

2117 3101 2270 3153 'alios
2313 3107 2494 3149 servos
2523 3090 2613 3143 Dei
2642 3096 2698 3140 ut
2728 3086 3054 3139 destruerent
3086 3078 3202 3131 fana
3239 3077 3474 3133 deorum,
3501 3081 3556 3124 et
3585 3085 3667 3122 va-

2141 3187 2246 3237 rias
2288 3181 2516 3236 culturas
2564 3177 2819 3230 idolormn
2854 3172 2903 3222 in
2954 3178 3104 3236 gente
3146 3166 3455 3218 Fresonum.
3489 3161 3560 3211 At
3604 3159 3675 3212 illi

2134 3273 2280 3342 jussa
2300 3267 2620 3334 complentes
2632 3260 2912 3313 attulerunt
2934 3269 3176 3323 magnum
3195 3254 3501 3306 thesaurum
3519 3256 3672 3300 eumc

2141 3376 2297 3432 quem
2335 3361 2386 3412 in
2421 3354 2650 3410 delubris
2688 3352 3020 3408 invenerant,
3048 3359 3112 3396 ex
3141 3357 3243 3410 quo
3266 3339 3488 3395 Carolus
3517 3337 3679 3405 impev

2144 3463 2290 3508 rator
2330 3451 2457 3503 duas
2503 3453 2680 3513 partes
2721 3438 2942 3506 accepit,
2969 3433 3176 3488 tertiam
3206 3444 3331 3484 vero
3373 3435 3583 3496 partem
3617 3422 3680 3475 ad

2143 3557 2270 3597 usus
2301 3553 2423 3592 suos
2453 3533 2721 3587 Albricum
2755 3527 2985 3592 recipere
3010 3520 3278 3591 prsecepit.

2212 3631 2456 3684 Albricus
2481 3633 2654 3678 autem
2681 3633 2799 3672 cum
2831 3619 2882 3670 in
2906 3614 3119 3668 Colonia
3147 3607 3364 3680 gradum
3391 3602 3682 3670 accepisset

2145 3718 2514 3792 episc0palcm,
2545 3712 2667 3764 fecit
2705 3719 2759 3763 et
2801 3704 3098 3772 Ludgerum
3149 3708 3328 3750 secum
3367 3686 3682 3758 presbyte_rii

2145 3813 2414 3882 percipere
2441 3803 2674 3872 gradum,
2700 3809 2753 3852 et
2778 3789 3050 3848 constituit
3073 3801 3191 3841 eum
3220 3783 3490 3837 doctorem
3513 3774 3680 3829 cccle-

2147 3904 2237 3953 sia:
2266 3902 2314 3952 in
2359 3911 2511 3965 pago,
2542 3893 2622 3945 cui
2653 3905 2838 3944 nomen
2868 3883 3123 3940 Osrracbe
3155 3876 3228 3948 (id
3251 3885 3354 3937 est,
3380 3866 3679 3937 Ostergan),

2148 3991 2197 4041 in
2232 3995 2344 4040 loco
2370 3987 2452 4038 ubi
2481 3992 2692 4037 sanctus
2731 3975 3029 4031 Bonifacius
3060 3968 3312 4038 martyrio
3340 3972 3423 4018 est
3461 3972 3683 4014 corona-

2150 4091 2252 4132 tus.
2289 4077 2570 4140 Divisitque
2598 4072 2733 4122 idem
2774 4066 3016 4119 Albrieus
3056 4073 3248 4112 annum
3278 4057 3331 4107 in
3361 4048 3684 4106 distributio-

2150 4183 2243 4220 nes
2286 4174 2531 4232 quatuor,
2561 4163 2630 4214 ita
2661 4167 2717 4212 ut
2749 4159 2799 4210 in
2827 4154 3070 4220 Trajecto
3109 4146 3424 4204 monasterio
3446 4157 3562 4211 pra:
3589 4153 3684 4194 ca:—

2151 4256 2278 4308 teris
2301 4229 2592 4321 pnepositis
2633 4249 2744 4317 ipse
2775 4247 2824 4298 in
2853 4253 3088 4310 tempore
3126 4235 3323 4290 vernali
3353 4234 3407 4286 in
3434 4229 3687 4286 doctrina!

518 4320 682 4339 Ιιιυιιυ
707 4320 1032 4347 ΙυυυισισῚυν
1061 4320 1394 4346 γ-κυ·ι----ν--
1424 4320 1475 4324 -~—
1503 4320 1546 4323 -ί
1602 4320 1614 4331 1
2307 4320 2310 4321 ν
2413 4320 2416 4321 ν

515 4378 691 4430 ﬂcavit
714 4373 989 4428 ecclesiam
1019 4383 1139 4438 qua;
1177 4365 1348 4418 fuerat
1374 4363 1676 4422 combusta;
1711 4367 1763 4412 et
1790 4370 1934 4410 more
1961 4371 2050 4409 so-
2075 4393 2127 4451 Β
2152 4344 2322 4398 studio
2362 4351 2415 4395 et
2465 4353 2660 4394 sancta:
2703 4331 3116 4390 conversationis
3143 4332 3389 4397 prmesset
3435 4320 3686 4375 fratribus

1757 4447 1767 4451 _
2015 4445 2025 4451 .
2159 4445 2357 4451 Δημώ--
2413 4439 2517 4451 ..._.-
2575 4425 2755 4451 ,ιηζηλη
2798 4430 2912 4451 ..ηοι
2961 4433 3078 4451 num
3133 4418 3185 4451 in
3233 4423 3415 4451 malum
3465 4409 3686 4451 Adnlmr

516 4470 608 4521 lito
634 4480 737 4518 non
761 4462 1002 4516 cessabat
1030 4459 1342 4512 documenta
1360 4451 1544 4506 salutis
1564 4447 1864 4516 impendere
1882 4445 2049 4512 gregi,

514 4553 856 4624 quoadusque
892 4547 1092 4615 pastori
1140 4544 1347 4598 Summo
1382 4539 1625 4591 dilectam
1675 4534 1916 4588 redderet
1943 4533 2053 4584 ani-

452 4669 463 4677 -
519 4620 676 4707 mam,
705 4647 760 4695 et
807 4637 1084 4693 defunctus
1133 4633 1184 4687 in
1233 4631 1419 4691 eadem
1473 4627 1694 4680 ecclesia
1745 4632 1826 4677 est
1875 4620 2051 4689 sepul-

519 4741 624 4785 tus.

589 4822 674 4873 l3.
715 4819 841 4872 Post
867 4816 923 4871 S.
954 4810 1217 4869 Liafuvini
1247 4809 1449 4864 obitum
1481 4807 1670 4859 iterum
1699 4802 1844 4869 impii
1890 4799 2053 4853 Saxo—

523 4923 616 4962 nes
646 4912 985 4960 vastaverunt
1010 4903 1183 4956 locum
1206 4897 1372 4960 illum,
1401 4904 1456 4949 et
1481 4892 1865 4948 succenderunt
1890 4889 2058 4943 eccle-

2156 4445 2360 4484 menses
2413 4439 2541 4490 tres,
2570 4425 2756 4482 deinde
2797 4430 2916 4491 post
2960 4433 3080 4472 eum
3133 4418 3188 4470 in
3233 4423 3416 4468 aestate
3458 4409 3687 4476 Adalger

2157 4521 2426 4590 presbyter
2448 4520 2497 4570 in
2524 4517 2638 4570 vice
2663 4529 2754 4567 sua
2782 4525 2991 4565 menses
3017 4516 3147 4571 tres,
3175 4513 3296 4574 post
3321 4505 3459 4557 hunc
3477 4499 3683 4566 Ludge-

2161 4623 2249 4661 rus
2292 4607 2564 4674 presbyter
2592 4617 2799 4656 menses
2829 4611 2937 4652 tres
2957 4637 2971 4662 ,
3000 4595 3190 4650 deinde
3215 4593 3270 4648 in
3297 4591 3468 4645 hieme
3506 4587 3686 4642 'l‘biat-

2155 4701 2276 4754 brat
2300 4697 2573 4765 presbyter
2595 4708 2676 4748 me
2693 4707 2800 4746 uses
2825 4699 2952 4744 tres.

2226 4761 2316 4838 16:
2349 4761 2618 4851 Ludgerus
2641 4781 2802 4850 igitur
2834 4779 2885 4831 in
2911 4775 3095 4830 ordine
3115 4772 3249 4827 vicis
3273 4783 3383 4824 sua:
3417 4761 3686 4821 nocturnis

2157 4875 2482 4943 temporibus
2505 4880 2623 4941 post
2643 4868 2987 4939 psalmodiam
3012 4871 3068 4920 et
3091 4862 3380 4923 orationes,
3403 4871 3542 4926 quas
3559 4867 3672 4910 sese

524 4940 616 4962 "Cl"
655 4940 880 4960 ναοκνυι
893 4940 985 4957 ιιι..
1011 4940 1183 4956 ιυνυιυ
1207 4940 1372 4960 ἐιν-ιη’
1404 4940 1456 4949 vv
1481 4940 1758 4948 --ιννν---ν-
1777 4940 1862 4944 ----
1898 4940 1946 4943 --
1963 4940 1976 4943 γ
2013 4940 2022 4942 ,
2267 4940 2282 4943 _

523 4998 677 5058 siam,
707 4995 999 5060 corpusque
1024 4988 1136 5056 ejus
1159 5001 1258 5056 per
1291 4993 1401 5040 tres
1421 4984 1535 5038 dies
1561 4980 1928 5052 quasiverunt,
1961 4990 2059 5031 nec
2156 4963 2251 5032 per
2273 4971 2572 5024 amaverat,
2597 4959 2650 5014 in
2681 4956 2873 5010 solario
2901 4953 3150 5008 ecclesize‘
3169 4948 3338 5004 sancti
3379 4940 3686 5004 Salvaturis,

2499 5058 2506 5060 μ
2619 5045 2781 5060 ’1901111
2911 5044 2926 5060 ι
2970 5058 2986 5060 _
3049 5039 3362 5060 __‘ﬂ_-._.-_.n
3455 5031 3684 5060 ..οιΑ-ιιι*

526 5031 677 5058 σισιυν
707 5031 999 5060 ω’·ιννυυιινν
1025 5031 1136 5056 νινε
1163 5031 1248 5056 ι’ν·
1293 5031 1332 5038 "
1346 5031 1397 5040 ν-
1426 5031 1532 5038 νη-
1605 5031 1721 5034 --νί
1769 5031 1798 5033 νν
1918 5031 1926 5036 -
2161 5031 2170 5032 η

526 5082 764 5136 invenire
786 5085 1085 5148 potuerunt.
1113 5075 1217 5129 Sed
1241 5083 1295 5127 et
1321 5072 1485 5126 abbas
1507 5031 1792 5138 G;egorius
1817 5065 2062 5135 migravit
2158 5067 2316 5120 quam
2365 5058 2578 5102 sanctus
2619 5044 2992 5102 Willibrordus
3041 5039 3368 5095 ωηίὶίιιθηι
3388 5074 3406 5100 ν
3455 5031 3688 5087 mm

2234 5142 2244 5148 .
2310 5141 2320 5148 .
2365 5141 2378 5148 -
2840 5143 2851 5148 -
2945 5133 2958 5148 ι
2981 5132 2992 5144 ο
3055 5131 3067 5148 9
3099 5136 3250 5148 __--.-
3284 5122 3509 5148 ---αλιι-ι
3534 5130 3687 5148 αμα-Δ.

527 5122 764 5136 ....ν....ν
788 5122 1085 5148 ..ν-,πηω
1116 5122 1217 5129 _-_
1247 5122 1293 5127 --
1325 5122 1478 5126 ___,,-
1521 5122 1536 5124 -
1615 5122 1644 5138 υ
1891 5122 1920 5135 ν

527 5172 593 5225 ad
620 5171 898 5224 Dominum
926 5167 954 5206 δ
974 5207 986 5231 ,
1013 5174 1062 5220 et
1094 5164 1321 5233 suscepit
1345 5173 1526 5215 curam
1551 5157 1864 5226 pastoralem
1891 5153 2063 5208 Albri-
2159 5141 2323 5208 (ιιιίειί
2349 5141 2472 5192 ἀπε
2517 5143 2878 5197 consumet“,
2908 5132 2997 5186 “bi
3023 5131 3069 5183 εί
3098 5136 3253 5182 ηοειε
3279 5122 3513 5194 quadam
3534 5130 3687 5174 *⁸⁸³⁸⁸

2224 5230 2236 5233 _
2393 5227 2441 5233 _-
2547 5223 2579 5233 ..
2743 5223 2754 5233 .
2995 5221 3006 5232 .
3042 5220 3053 5232 .
3193 5213 3468 5233 __‘_-__=.
3497 5209 3686 5233 xz-..“

527 5273 624 5314 eus
647 5271 810 5324 nepos
830 5209 1079 5324 ejus,’qui
1103 5209 1450 5306 venerabilem
1476 5209 1772 5313 Ludgerum
1802 5257 1920 5296 cum
1951 5254 2062 5293 ma-
2164 5229 2344 5283 rabilis
2360 5227 2523 5280 abbas
2542 5223 2822 5292 Gregorius
2841 5236 2938 5290 per
2959 5220 3211 5274 visionem
3229 5213 3476 5284 apparuit
3491 5209 3686 5265 dicens:

529 5361 634 5417 gno
678 5301 921 5413 diligebat
1379 5301 1516 5389 eum
1558 5301 1630 5386 ita
1665 5331 1921 5385 allocutus
1958 5336 2060 5390 est,
2162 5318 2348 5372 Frater
2367 5315 2860 5383 Ludgere,sequere
2883 5325 3000 5373 me;
3038 5320 3195 5375 quem
3220 5305 3346 5358 dum
3371 5301 3490 5368 ipse
3511 5305 3689 5366 εαιιιοσ

601 5489 626 5516 ι
664 5423 1558 5538 Antwerp.’etBanchrdirexit
1600 5463 1896 5531 Ludgerum
1942 5475 2062 5538 cum

533 5545 764 5614 putatis
807 5530 1243 5614 negotianti-ibus,
1277 5535 1436 5614 misit.
1451 5534 1610 5587 etiam
1639 5530 1759 5584 cum
1785 5544 1849 5583 eo
1874 5539 1926 5584 et
1953 5530 2066 5582 dia-

535 5600 725 5668 conum
750 5600 923 5678 suum,
957 5603 1168 5661 nomine
1193 5603 1370 5668 Putul,
1401 5600 1612 5665 timens,
1633 5618 1650 5649 ι
1682 5607 1786 5652 etc.

2233 5453 2260 5491 ι’
2297 5448 2607 5517 Gregorium
2629 5446 2869 5517 abbatem
2893 5456 3035 5517 anno
3052 5439 3150 5494 776
3172 5435 3464 5495 decessisse
3487 5432 3686 5494 demon-

2166 5513 2614 5576 strarunt'Patres
2637 5513 3080 5579 Antwerpienses.
3453 5523 3471 5541 -

2239 5601 2260 5628 ε
2296 5590 2566 5653 Antwcrp.
2597 5592 2650 5637 ct
2672 5580 2865 5634 Bcned.
2914 5580 2980 5633 ei.
