3886 6228
160 253 180 294 /

169 455 268 508 τ’ῖτ

167 663 350 703 coram
389 662 458 702 eo
498 648 851 715 particulatim
897 647 1043 713 quasi
1091 647 1423 699 membranas
1450 655 1501 698 et
1540 647 1697 699 vesti-

169 745 463 790 mentorum
509 745 703 803 partes,
729 745 783 788 et
813 734 1195 802 dixit:Collige
1236 749 1299 786 ex
1339 736 1417 788 eis
1458 749 1692 804 acervos.

167 826 404 893 Cumque
429 832 800 894 congregasset
824 839 889 877 ex
924 824 1000 876 eis
1024 831 1131 876 tres
1159 823 1406 883 tumulos,
1438 821 1568 876 dixit
1609 824 1653 876 ei
1682 842 1693 874 :

168 914 432 966 Distribue
455 913 554 966 ista
582 914 714 968 bene
749 913 802 965 in
833 929 988 982 opere
1014 913 1219 965 Domini
1251 922 1303 966 et
1328 928 1424 982 ego
1452 913 1542 966 tibi
1564 899 1700 969 satis

165 1001 332 1062 dabo;
360 1008 412 1054 et
436 1001 661 1068 signavit
684 1015 803 1054 eum
834 1001 1100 1069 signaculo
1127 1003 1299 1056 crucis
1335 1012 1388 1056 et
1426 1003 1696 1056 abscessit.

160 1090 400 1156 Cumque
450 1105 606 1144 mane
648 1089 784 1144 facto
826 1092 1091 1146 retulisset
1123 1093 1382 1145 somnium
1423 1093 1700 1160 praeposito

165 1178 471 1230 monasterii
513 1177 730 1232 Haldoni
768 1179 977 1233 nomine
1010 1188 1058 1232 et
1091 1179 1292 1232 custodi
1321 1179 1554 1233 ecclesiae
1583 1195 1701 1232 san-

163 1266 346 1318 ctitate
372 1268 586 1335 praedito
603 1267 934 1331 Marchelmo,
960 1269 1109 1336 cujus
1129 1271 1370 1337 superius
1391 1271 1697 1323 memoriam

168 1353 266 1409 feci
293 1373 304 1406 :
331 1355 609 1410 confestim
633 1356 982 1411 Marcltelmus
1007 1359 1070 1410 ad
1097 1359 1208 1410 base
1238 1372 1299 1409 ea
1323 1370 1438 1424 (pta:
1462 1358 1702 1432 probavit

168 1445 240 1495 rei
271 1452 510 1505 eventus,
542 1455 889 1508 exorsuS’est,
937 1447 1114 1500 dicens
1143 1465 1154 1496 :
1181 1445 1314 1499 Tres
1345 1447 1546 1509 tumuli,
1573 1461 1703 1516 quos

166 1535 516 1600 congmgasti,
541 1534 696 1586 trium
725 1543 848 1587 sunt
867 1536 1216 1604 gubernacula
1243 1535 1494 1602 plebium,
1517 1536 1705 1604 quibus

169 1623 339 1675 adhuc
361 1623 613 1689 pastorali
640 1623 894 1692 regimine
936 1633 986 1676 te
1012 1632 1220 1692 oportet
1245 1613 1507 1692 praeesse:
1525 1626 1593 1678 At
1622 1627 1706 1678 ille

168 1709 300 1762 dixit
322 1723 337 1760 :
359 1709 580 1764 Utinam
611 1711 663 1763 in
693 1711 809 1764 loco
832 1711 960 1764 mihi
993 1712 1194 1766 credito
1231 1711 1456 1780 aliquem
1487 1713 1706 1766 Domino

169 1795 397 1849 {metum
437 1797 724 1865 perﬁciam.
759 1796 856 1851 llic
884 1799 1046 1852 etiam
1074 1799 1372 1869 Ludgerus,
1401 1801 1626 1870 qualiter
1654 1802 1704 1856 in

1441 452 1612 505 ACTA
1651 450 1704 503 S.
1747 450 2054 506 LUDCERL

169 571 334 621 retur,
371 559 604 611 ascendit
636 559 685 611 in
733 556 1126 611 eminentiorem
1158 559 1347 620 locum,
1371 557 1694 626 jactavitque
1726 566 1768 615 Α

3209 456 3309 513 718

1871 557 2059 612 [bima
2089 557 2374 626 cespitibus
2404 558 2516 612 istis
2545 559 2760 628 vestigia
2789 560 3046 630 linquens.

1865 645 2071 698 Suadeo
2091 659 2205 712 qu:e
2231 655 2441 716 propter
2469 655 2684 698 curvato
2710 647 2905 716 puplite
2932 649 3191 718 supplex,

1865 731 1941 784 Tu
1967 732 2282 800 quicumque
2309 733 2454 801 legis,
2488 735 2641 786 terris
2668 734 2752 788 his
2776 737 2952 789 oscula
2993 738 3110 807 llge.

1863 818 1997 886 Spes
2031 822 2122 874 tibi
2149 836 2334 889 magna
2365 821 2453 873 fiat
2483 819 2820 893 [Forte,'llet]
2852 824 3112 895 lacrymas
3135 843 3315 880 ascen-

2890 913 3035 986 [dere
3058 917 3254 972 caelum

1871 998 2000 1051 Hinc
2022 1002 2263 1068 potuisse
2290 1010 2407 1054 tuas
2433 1000 2589 1055 fultas
2615 1004 2919 1072 patronihus
2942 1015 2962 1043 ε
2996 1005 3128 1061 istis.

1869 1087 1956 1138 Sic
1982 1087 2193 1144 manetd
2223 1089 2307 1141 ille
2337 1105 2494 1142 cruor
2525 1101 2713 1146 cuncto
2737 1091 3012 1161 pretiosior
3037 1109 3166 1149 auro
3187 1134 3202 1153 .

1873 1177 2205 1246 Membraque
2231 1180 2431 1234 caelesti
2458 1196 2579 1236 rore
2601 1183 2687 1237 hic
2715 1183 2921 1253 perfusa
2950 1185 3248 1252 quiescunt.

1869 1264 2088 1332 Adjuvat
2112 1266 2230 1320 hinc
2251 1267 2442 1321 Paulus
2465 1269 2668 1331 doctor,
2691 1271 2986 1326 Bonifacius
3015 1273 3153 1336 inde,

1870 1353 1990 1406 Haec
2021 1354 2120 1434 illis
2142 1355 2349 1421 quando
2374 1365 2580 1409 constat
2604 1357 2756 1410 simul
2784 1357 2901 1411 aula
2926 1359 3118 1412 dicata.

1876 1443 1956 1495 l8.
1985 1442 2220 1512 Cumque
2262 1446 2344 1497 vir
2368 1446 2456 1498 Dei
2485 1445 2755 1516 Ludgerus
2799 1447 2849 1500 in
2892 1450 3076 1503 eadem
3122 1450 3332 1518 regione

1805 1529 1956 1582 annis
1999 1530 2108 1583 fere
2152 1540 2350 1598 septem
2397 1532 2449 1585 in
2495 1532 2745 1586 doctrinae
2774 1533 2948 1587 studio
2993 1535 3330 1602 persisteret.

1801 1619 2133 1671 consurrexit
2167 1615 2330 1672 radis
2357 1619 2571 1674 sceleris
2594 1618 2871 1675 Wtitukint
2909 1622 3012 1676 dux
3060 1623 3327 1678 Savonnm

1805 1713 2022 1757 eatenus
2044 1706 2338 1774 gentilium,
2355 1708 2543 1760 evertit
2558 1707 2812 1761 Fresones
2833 1722 2861 1760 a
2877 1708 2958 1760 via
2974 1708 3063 1761 Dei
3087 1710 3328 1763 combus-

1807 1795 1985 1864 sitquc
2005 1797 2253 1852 ecclesias
2288 1807 2341 1852 et
2363 1799 2562 1868 expulit
2586 1798 2674 1851 Dei
2714 1797 2936 1853 famulos
2975 1808 3029 1852 ct
3059 1813 3225 1867 usque
3269 1801 3335 1853 ad

169 1895 323 1953 gente
357 1886 644 1940 Fresonum
681 1895 920 1955 optatum
943 1890 1339 1958 evangelizandi
1380 1892 1704 1945 exercuisset
1737 1873 1780 1932 Β
1809 1883 1840 1937 l‘
1846 1883 1934 1939 leo
1952 1885 2163 1940 ﬂuvium
2183 1885 2309 1940 fecit
2332 1887 2589 1941 Fresones
2607 1887 2802 1942 Christi
2841 1888 2996 1943 tidem
3022 1887 3335 1955 relinquere,

170 1975 421 2039 ofﬁcium,
447 1986 499 2030 et
543 1977 743 2030 semina
775 1977 908 2031 Vitae
951 1991 1190 2048 supernae
1217 1981 1401 2049 gratia:
1426 1995 1546 2034 rore
1593 1981 1708 2032 irri-

171 2065 356 2133 gan‘te,
389 2067 440 2120 in
478 2067 619 2137 agris
647 2066 928 2120 multorum
956 2069 1192 2145 cordinm
1220 2069 1286 2122 ad
1314 2068 1426 2136 ejus
1453 2070 1705 2138 praedica-

169 2159 368 2210 tionem
397 2158 660 2210 uberrime
682 2157 1045 2224 pullulassent,
1076 2166 1236 2213 testes
1265 2168 1388 2213 sunt
1426 2176 1592 2229 usque
1619 2162 1710 2215 ho-

175 2246 258 2298 die
301 2244 479 2314 p0puli
509 2245 735 2312 regionis
779 2245 938 2307 illius,
965 2247 1104 2314 quod
1133 2249 1197 2301 ad
1228 2249 1460 2302 veritatis
1486 2247 1732 2319 agnitio:

170 2349 290 2387 nem
302 2349 335 2387 a
350 2335 526 2402 prisco
552 2335 815 2388 revocavit
829 2348 1038 2398 errore;
1061 2344 1223 2389 testes
1237 2350 1443 2406 quoque
1456 2339 1709 2400 ecclesias.

173 2438 304 2489 quas
328 2436 426 2490 per
451 2422 565 2476 loca
592 2421 794 2492 singula
814 2425 1135 2487 construxit;
1161 2435 1341 2480 testes
1364 2436 1416 2479 et
1451 2425 1710 2481 famulan-

175 2515 306 2564 tium
353 2512 462 2566 Deo
485 2513 934 2583 congregationes,
958 2529 1090 2584 quas
1113 2515 1374 2585 aliquibus
1401 2518 1712 2572 coadunavit

173 2606 228 2658 in
261 2606 412 2661 locis.

243 2720 326 2774 l7.
361 2720 454 2774 Cui
483 2721 640 2776 etiam
675 2719 1038 2776 testimonium
1064 2723 1333 2792 perhibuit
1372 2723 1584 2792 quidam
1628 2720 1714 2773 Al-

179 2811 315 2863 euini
348 2810 636 2879 discipulus
683 2825 707 2852 ι
742 2812 982 2868 versibus
1011 2813 1238 2867 heroicis
1267 2813 1388 2866 talia
1422 2811 1669 2866 mandans
1697 2826 1709 2861 :

245 2898 434 2952 Frater
458 2913 638 2953 amore
663 2899 754 2954 Dei
783 2908 1007 2968 cognato
1034 2901 1236 2953 dulcior
1260 2899 1402 2952 omni

245 2985 312 3041 Et
332 2989 738 3056 consanguineis
765 2988 953 3042 merito
979 2989 1258 3056 pretiosior
1284 2989 1428 3062 ipsis.

245 3071 451 3141 Ludg‘er
476 3081 646 3126 amate
675 3073 824 3137 mihi,
849 3073 1046 3127 Christi
1077 3081 1126 3127 te
1153 3075 1322 3145 gratia
1351 3073 1544 3128 salvet:

247 3161 381 3214 Vive
410 3168 511 3214 tua:
526 3161 706 3229 gentis
728 3153 1023 3216 Fresonum
1048 3164 1190 3216 clara
1215 3161 1478 3222 columna.

250 3249 533 3320 Presbyter
559 3251 792 3306 occiduis
827 3251 1105 3306 laudabilis
1131 3251 1277 3306 orbis
1307 3252 1360 3305 in
1382 3252 1512 3314 oris,

247 3341 467 3403 Doctus,
497 3340 550 3392 in
571 3337 778 3408 eloquio
802 3339 1050 3407 prudens,
1085 3350 1138 3394 et
1163 3348 1337 3394 mente
1364 3339 1684 3410 profundus;

247 3430 366 3498 Ipse
393 3429 611 3498 gradum
639 3429 841 3482 meritis
867 3445 1046 3493 ornas,
1075 3439 1126 3484 et
1150 3430 1382 3484 moribus
1411 3431 1582 3485 almis.

253 3520 319 3573 Et
345 3534 492 3588 puer,
520 3533 608 3583 en,
633 3519 846 3573 senibus
872 3519 1055 3572 humili
1082 3521 1145 3574 de
1173 3521 1330 3574 corde
1352 3519 1649 3574 ministras:

254 3609 319 3662 Et
340 3623 621 3678 germanus
659 3609 772 3678 agis
805 3611 1010 3663 cunctis
1032 3609 1324 3677 aequalibus
1351 3625 1492 3663 :evo:

253 3698 426 3765 Atque
445 3711 634 3765 parens
660 3697 837 3764 pueris
862 3697 983 3749 mm
1011 3697 1322 3750 documenta
1354 3697 1614 3767 rependis.

251 3788 306 3839 ln
339 3786 524 3839 melius
548 3772 849 3852 crescendo,
879 3787 982 3839 mei
1008 3801 1209 3840 memor
1238 3795 1372 3848 esto,
1402 3787 1665 3844 sacerdos.
1753 3836 1762 3841 ._

252 3873 308 3926 ln
339 3873 687 3943 precibusque
717 3875 820 3927 tuis
844 3876 1178 3928 commendes
1205 3889 1380 3942 qtneso
1405 3875 1627 3928 Tonanti

254 3961 347 4014 His
376 3962 620 4016 brevibus
644 3972 834 4027 vatem,
863 3965 951 4032 qui
984 3972 1033 4017 te
1063 3964 1294 4017 laudavit
1321 3965 1372 4016 in
1403 3965 1545 4027 odis;

255 4049 352 4102 Cui
381 4051 557 4103 teretis
580 4051 750 4103 baculi
778 4066 874 4118 pro
913 4052 1014 4106 tuli,
1033 4053 1264 4105 carmine
1289 4053 1482 4106 donum

255 4137 530 4193 Muniiicus
554 4139 775 4192 tribuas.
804 4139 934 4192 Fors
959 4141 1068 4192 bare
1093 4139 1390 4192 mercedula
1422 4141 1524 4192 vati

256 4227 552 4281 Concordat
582 4227 806 4281 modico.
833 4227 976 4281 Felix
1006 4229 1118 4282 sine
1147 4229 1247 4282 line
1279 4228 1466 4282 valeto.

259 4316 352 4370 llic
376 4316 402 4354 δ
422 4315 580 4370 Pater
609 4317 848 4384 egregius
882 4318 1084 4370 meritis
1110 4316 1408 4370 Bonifacius
1430 4317 1581 4370 almis

255 4405 387 4460 Cum
413 4405 570 4460 sociis
593 4406 790 4475 pariter
813 4404 1063 4459 fundebat
1089 4406 1357 4474 sanguinis
1381 4407 1589 4466 undam,

259 4493 453 4562 Inclyta
481 4494 717 4562 martyrii
752 4503 1018 4547 sumentes
1048 4501 1325 4546 stemmata
1357 4494 1511 4546 sacri.

259 4583 422 4636 Terra
451 4583 600 4635 beata
626 4583 780 4636 nimis
809 4592 1109 4636 sanctorum
1137 4584 1387 4650 sanguine
1417 4582 1578 4643 dives,
1653 4631 1656 4633 .

263 4672 571 4726 Transvolat
599 4675 720 4727 hinc
745 4675 908 4726 victor
939 4673 1085 4725 miles
1113 4673 1172 4724 ad
1204 4673 1413 4740 priemia
1446 4674 1579 4731 coeli,

264 4812 286 4839 ι
320 4801 393 4855 Ex
436 4802 606 4855 indice
660 4803 888 4870 capitum
934 4808 1072 4868 patet
1114 4799 1400 4870 los_cplium
1447 4799 1721 4864 quemdam

197 4884 310 4921 esse
328 4879 590 4924 auctorem
609 4868 792 4923 horum
817 4884 1079 4922 versuum.
1112 4869 1173 4920 Et
1196 4868 1379 4920 Surins
1403 4881 1608 4934 quoque
1635 4882 1723 4917 no-

202 4947 273 4988 tat
301 4939 350 4990 in
384 4954 481 4991 tns.
514 4939 693 4991 codice
721 4939 817 5004 legi
843 4956 854 4989 :
903 4936 1085 4990 Versus
1107 4936 1311 5003 Joseph.
1347 4933 1501 4988 Certe
1531 4933 1720 5000 Jusep'n

200 5007 330 5058 inter
354 5007 556 5059 Alcuini
586 5006 868 5075 discipulos
902 5014 1251 5075 computatur,
1292 5014 1362 5075 ut
1382 5012 1522 5075 patet
1543 5017 1637 5075 eo
1662 5004 1724 5075 iis

201 5088 313 5139 qua:
338 5088 455 5128 επις.
495 5089 545 5128 tv
578 5068 930 5142 Benedictino,
964 5068 1113 5142 parte
1144 5089 1180 5133 ι,
1212 5073 1261 5122 in
1290 5068 1470 5137 Elegia
1493 5070 1719 5130 Alcuini,

201 5156 313 5210 pag.
336 5143 446 5202 l80,
477 5143 526 5194 in
554 5143 779 5195 medium
802 5141 1106 5194 aﬂ‘eruntur.

272 5249 297 5286 δ
347 5249 399 5302 1η
448 5251 762 5302 editionibns
802 5249 930 5301 Viue
959 5249 1013 5300 S.
1044 5247 1287 5315 Ludgeri,
1331 5260 1458 5313 quas
1490 5247 1724 5298 Antwer-

204 5318 404 5386 pienses
432 5327 485 5370 et
511 5317 832 5386 Benedictini
875 5326 1244 5384 procurarunt,
1274 5330 1454 5368 versus
1501 5329 1723 5386 sequen-

207 5380 282 5439 tes
319 5399 348 5437 a
369 5385 632 5454 prioribus
662 5380 1082 5454 distinguuntur,
1098 5393 1149 5435 et
1171 5392 1290 5439 ante
1318 5398 1525 5454 versum
1567 5380 1584 5432 :'
1626 5380 1724 5432 Hic

206 5464 344 5524 pater
366 5452 616 5524 egregius,
632 5462 757 5524 etc.,
789 5452 940 5506 talem
970 5453 1185 5524 titulunr
1201 5454 1432 5524 positum
1453 5453 1722 5524 invenere:

221 5519 617 5576 l’ersus'Alcuini
642 5522 704 5572 de
732 5524 938 5574 ecclesia
963 5521 1203 5589 Luitgeri.
1238 5519 1332 5583 Qui
1364 5519 1729 5589 etiam_titulus

208 5590 431 5656 praeponi
463 5589 650 5645 debere
672 5591 894 5642 videtur.
947 5587 1247 5657 Namprius
1272 5602 1484 5642 carmen
1518 5587 1727 5657 Josepbi

215 5657 383 5710 linitur
411 5659 464 5711 in
487 5659 657 5711 verbis
682 5675 692 5708 ε
721 5657 868 5710 Felix
892 5660 998 5710 sine
1022 5656 1121 5722 ﬁne
1146 5656 1322 5708 valeto.
1354 5657 1415 5707 lit
1441 5671 1628 5707 novum
1660 5656 1731 5706 in-

213 5725 335 5794 cipit.
359 5726 411 5778 in
434 5727 603 5778 verbis
627 5745 637 5776 :
669 5726 763 5777 llic
788 5737 929 5792 pater
955 5726 1200 5792 egregius,
1226 5735 1326 5776 etc.

603 5859 865 5915 ΡΑϊιιυῑ..
917 5857 1108 5915 XCIX

1803 1987 1861 2028 et
1903 1975 2178 2029 immolare
2218 1977 2368 2031 idolis
2420 1976 2570 2043 juxta
2633 1991 2832 2030 morem
2877 1978 3072 2031 erroris
3112 1976 3334 2045 pristini.

1809 2063 1912 2117 Sed
1933 2073 1985 2116 et
2011 2065 2250 2117 Albricns
2280 2066 2554 2132 episcOpus
2605 2067 2654 2117 in
2684 2067 2792 2133 ipsa
2819 2079 3062 2134 perversa
3104 2079 3339 2118 commo-

1809 2155 1952 2207 tione
1980 2154 2222 2223 migravit
2262 2154 2328 2207 ad
2352 2154 2647 2208 Dominum.
2693 2155 2839 2207 Tunc
2862 2153 3131 2222 Ludgerns
3154 2168 3338 2207 neces-

1809 2247 1966 2299 sitate
2012 2244 2309 2313 compulsus
2345 2243 2572 2297 deseruit
2613 2251 2792 2312 partes
2835 2243 2970 2306 illas,
2997 2251 3049 2296 ct
3091 2243 3339 2311 disposita

1809 2335 1963 2386 turba
2008 2333 2399 2401 discipulorum,
2423 2329 2554 2386 duos
2599 2347 2663 2385 ex
2707 2333 2786 2386 eis
2828 2346 3004 2386 secum
3041 2346 3337 2393 assumens,

1810 2421 2173 2490 Hildigrimnm
2214 2420 2410 2475 scilicet
2438 2436 2742 2491 germanum
2767 2419 2900 2488 ejus,
2927 2431 2976 2474 et
3004 2420 3338 2481 Gerbertum,
3425 2424 3438 2436 ‘

1809 2510 2413 2578 qui‘cognominabatur
2441 2510 2644 2572 Castus,
2678 2511 2910 2578 perrexit
2941 2510 3157 2562 Romam
3203 2519 3246 2571 ε,
3289 2515 3344 2561 et

1813 2599 1932 2652 inde
1954 2596 2292 2666 progrediens
2318 2598 2556 2666 pervenit
2600 2597 2664 2650 ad
2694 2596 3066 2649 monasterium
3098 2594 3151 2648 S.
3181 2595 3344 2649 Bene-

1812 2689 1939 2741 dicti
1968 2687 2018 2740 in
2051 2702 2210 2757 regno
2233 2687 2604 2748 Beneventino,
2634 2695 2687 2740 ct
2714 2686 2820 2739 illic
2850 2687 2900 2738 in
2926 2694 3104 2739 sancta
3130 2699 3348 2739 conver-

1815 2777 2018 2829 satione
2066 2777 2357 2831 consistens
2402 2775 2583 2828 didicit
2626 2775 2854 2842 regulam
2903 2774 3134 2841 ejusdem
3179 2775 3346 2829 sancti

1813 2864 1986 2916 Patris
2013 2863 2300 2936 Benedicti.
2333 2862 2460 2914 Erat
2486 2862 2623 2914 enim
2670 2862 2888 2927 cupiens
2927 2860 3230 2914 haereditate
3254 2877 3346 2914 sua

1816 2951 2113 3004 coenobium
2138 2959 2442 3004 construere.
2488 2948 2878 3009 monachorum,
2901 2949 3039 3015 quod
3065 2949 3136 3000 ita
3163 2958 3343 3014 postea

1819 3041 2042 3095 Domino
2067 3041 2354 3110 opitulante
2375 3050 2690 3111 concessum
2721 3047 2800 3092 est
2842 3039 2892 3092 in
2922 3039 3035 3094 loco
3071 3039 3158 3108 qui
3193 3054 3348 3094 voca-

1821 3138 1907 3183 tur
1935 3131 2239 3183 Vucrtbina.

1892 3241 1973 3294 l9.
2000 3239 2125 3294 Post
2149 3241 2278 3294 duos
2305 3239 2460 3308 igitur
2483 3254 2648 3293 annos
2673 3248 2724 3293 et
2749 3254 2953 3293 menses
2987 3254 3077 3292 sex
3111 3254 3352 3292 reversus

1820 3331 1995 3384 est'ad
2021 3330 2239 3398 patriam
2265 3344 2435 3392 suam,
2462 3337 2513 3383 et
2543 3329 2780 3397 pervenit
2803 3329 2914 3394 ejus
2941 3327 3076 3381 fama
3105 3329 3169 3382 ad
3197 3342 3352 3381 aures

1821 3419 2030 3484 gloriosi
2078 3417 2329 3486 principis
2359 3416 2550 3480 Caroli,
2576 3416 2663 3485 qui
2693 3416 2962 3471 constituit
3009 3431 3125 3469 eum
3173 3416 3351 3469 docto—

1823 3522 1932 3559 rcm
1979 3507 2030 3558 in
2061 3513 2215 3572 gente
2240 3503 2526 3557 Fresonum
2557 3505 2622 3554 ab
2649 3503 2890 3555 orientali
2935 3513 3084 3570 parte
3127 3502 3354 3556 [luminis

1819 3592 2011 3647 Labeki
2048 3592 2064 3628 τ
2107 3607 2264 3659 super
2289 3605 2450 3660 pagos
2473 3590 2699 3657 quinque
2723 3604 2943 3657 quorum
2981 3590 3087 3642 Innc
3113 3600 3233 3642 sunt
3264 3605 3352 3642 vo-

1819 3681 2003 3735 cabula
2030 3683 2053 3719 ε
2080 3698 2091 3731 ;
2124 3678 2436 3748 llugmercbi
2461 3719 2473 3739 ,
2525 3678 2765 3746 llunusga
2786 3717 2799 3738 ,
2844 3676 3037 3744 Funlga
3059 3718 3071 3740 ,
3122 3677 3352 3746 Emisga.

1818 3772 2036 3840 Fodirga
2060 3779 2113 3824 et
2141 3785 2293 3822 unam
2320 3767 2558 3831 insulam,
2584 3783 2697 3835 qua:
2722 3767 3074 3819 diciturBant.
3093 3767 3204 3834 ipse
3227 3783 3350 3819 vero

1819 3875 1942 3913 cura
1960 3858 2160 3918 solerti,
2175 3857 2422 3909 doctrina:
2437 3856 2636 3908 Domini
2656 3855 2795 3923 gregi
2826 3855 2923 3907 sibi
2947 3855 3136 3907 tradito
3158 3854 3348 3907 ﬂuenta

1818 3948 2117 4000 ministrare
2145 3945 2370 4008 studuit,
2403 3944 2522 3997 fana
2548 3945 2836 4006 destruere,
2867 3953 2921 3997 et
2947 3959 3125 3998 omnes
3155 3946 3350 3997 erroris

1816 4039 2023 4105 pristini
2077 4037 2287 4089 abluere
2338 4035 2533 4088 sordes.
2585 4033 2799 4086 Curavit
2856 4048 3063 4101 quoque
3129 4034 3349 4088 ulterius

1819 4126 2067 4178 doctrina:
2089 4124 2328 4176 derivare
2358 4121 2585 4181 ﬂumina,
2610 4130 2663 4174 et
2692 4122 2904 4173 consilio
2935 4123 3000 4175 ab
3032 4124 3347 4189 imperatore

1820 4224 2031 4282 accepto
2077 4212 2433 4266 transfretavit
2481 4213 2530 4264 in
2581 4211 2805 4264 confinio
2848 4212 3130 4264 Fresonum
3192 4221 3348 4278 atque

1819 4303 2081 4356 Danorunt
2122 4305 2182 4356 ad
2213 4302 2488 4369 quamdam
2537 4301 2754 4353 insulam
2806 4315 2919 4366 (pne
2960 4317 2985 4350 a
3019 4300 3226 4353 nomine
3257 4302 3343 4352 Dei

1820 4390 1899 4440 sui
1945 4389 2057 4441 falsi
2103 4389 2307 4450 Fosete,
2357 4387 2678 4448 Fest-testam
2722 4387 2745 4425 ιι
2786 4396 2866 4439 est
2917 4388 3191 4456 appellata.
3249 4387 3345 4442 Cui

1753 4495 1797 4552 ο
1822 4491 1938 4530 cum
1963 4476 2250 4545 navigando
2271 4477 2786 4545 appr-cpinquasseat,
2806 4484 2987 4528 tenens
3013 4477 3060 4527 in
3079 4492 3230 4529 manu
3255 4494 3349 4533 sua

1823 4581 2054 4626 crucem,
2082 4575 2132 4618 et
2169 4567 2230 4617 ad
2258 4565 2530 4616 Dominum
2571 4578 2750 4630 preces
2793 4578 2909 4616 cum
2954 4563 3193 4618 laudibus
3234 4567 3321 4618 l'un

1823 4656 1970 4714 dens,
2000 4654 2258 4714 viderunt,
2301 4653 2384 4720 qui
2425 4653 2473 4703 in
2521 4667 2582 4702 ea
2628 4650 3230 4718 navierant,caliginem
3275 4663 3323 4706 te

1895 4796 1914 4818 θ
1949 4785 2231 4837 inclinante
2261 4783 2539 4834 Latinitate
2575 4783 2732 4835 etiam
2775 4797 2909 4849 sepe
2936 4781 3230 4834 diocunibns
3275 4782 3324 4834 dt

1826 4862 1970 4913 cttnl,
2001 4868 2094 4919 pro
2124 4853 2372 4904 dna-conis.
2501 4918 2508 4919 ί
2613 4913 2618 4917 Α

1895 4922 1917 4957 ά
1951 4918 2032 4972 Al.
2070 4921 2152 4974 hic
2179 4933 2273 4988 pro
2296 4929 2459 4970 manet
2490 4918 2619 4971 forte
2647 4928 2837 4988 ntanat.

1900 5001 1922 5026 ο
1954 4987 2296 5042 Factum‘boc
2324 4995 2405 5040 est
2427 4989 2563 5039 circa
2595 5001 2785 5040 annum
2817 4987 2934 5038 783.

1904 5057 1919 5093 ί
1959 5058 2142 5123 Vulgo,
2175 5065 2229 5107 ut
2251 5056 2407 5109 Corn.
2433 5054 2679 5121 Kempius
2698 5056 2752 5123 in
2785 5055 3028 5121 descript.
3050 5055 3229 5109 Frisia:
3253 5059 3286 5110 l.
3323 5062 3363 5114 t.

1831 5143 1876 5178 c.
1905 5125 1953 5184 6,
1986 5121 2155 5179 dictus
2181 5126 2243 5177 de
2269 5124 2519 5182 Lauwers,
2545 5123 2659 5175 aliis
2687 5121 2889 5174 Lavica.

1903 5197 1924 5230 ε
1960 5194 2012 5245 ln
2053 5194 2170 5244 edd.
2203 5194 2479 5260 ﬁAntwerp.
2507 5199 2581 5260 _et
2626 5189 2814 5260 Bened.
2849 5199 3099 5260 vocantur
3142 5192 3190 5245 hi
3239 5207 3355 5260 pagi

1835 5261 2156 5336 Hugrncrtht',
2191 5257 2462 5336 (lanugo,
2488 5257 2717 5336 _Firilga,
2750 5257 2979 5336 ζέηιίιρςι,⁸
3004 5257 3283 5336 Fediﬂlgo.

1901 5325 2433 5396 “'Antwerpiensihtts
2487 5328 2595 5396 h:_r;_c
2637 5325 2806 5376 insula
2848 5325 3052 5396 videtur
3089 5327 3172 5379 illa
3199 5325 3359 5383 fuisse

1865 5413 1985 5450 nam
2033 5392 2242 5450 Tacitus
2282 5395 2486 5448 Castam
2521 5392 2709 5446 Nemus
2748 5395 2967 5453 vocavit,
3000 5395 3120 5447 licet
3157 5396 3226 5448 ibi
3254 5414 3358 5451 non

1865 5415 1985 5450 nam
2043 5415 2242 5450 ιδριιυδ
2282 5415 2486 5448 uastum
2521 5415 2709 5446 nemus
2748 5415 2967 5453 \"OCBVII,
3000 5415 3120 5447 "CCI.
3157 5415 3226 5448 llll
3254 5415 3356 5451 non

1830 5415 2005 5519 ioscti
2034 5466 2146 5526 dei,
2182 5466 2271 5516 sed
2299 5463 2470 5515 llertw
2497 5464 2605 5515 dea:
2636 5463 2947 5522 meminerit,
2982 5473 3033 5514 ct
3058 5463 3356 5518 credibilius

1834 5538 1900 5587 sit
1928 5535 2144 5600 llugiam
2195 5535 2259 5584 ab
2297 5547 2358 5583 eo
2387 5530 2617 5599 intelligi.
2647 5529 3215 5600 AdamusBremensis,
3245 5533 3278 5584 Ι.
3311 5548 3362 5584 tv

1837 5604 1968 5657 llist.
2013 5598 2340 5655 ‘Foseteslant
2387 5598 2618 5652 eamdem
2672 5613 2786 5649 esse
2838 5598 2962 5650 dicit
3004 5613 3120 5650 cum
3167 5599 3359 5652 Fama

1836 5671 2019 5734 insula,
2068 5690 2083 5719 ι
2117 5686 2229 5736 qum.
2267 5669 2315 5720 in
2347 5669 2484 5721 ostio
2512 5667 2738 5736 ﬂuminis
2762 5666 2921 5736 Albia:
2970 5667 3118 5731 longo
3151 5682 3359 5720 recessu

1838 5743 1979 5793 ιπυει,
2009 5734 2466 5807 αιῖτιέιιθςιῐσρίίςητ
2495 5750 2590 5802 app
2625 5735 2760 5788 liata.
2791 5734 2838 5782 id
2865 5743 2960 5790 est,
2989 5743 3126 5786 terra
3156 5750 3357 5789 Sancta.

2865 5838 2940 5896 23
