3886 6228
584 358 683 408 779

1536 357 1622 407 ΑΒ
1662 356 1715 409 s.
1758 355 2050 411 LUDGERl
2089 356 2369 409 scrtum
2408 328 2757 407 Apravnix.

3624 347 3703 399 780

582 468 863 521 nebrosam
906 466 969 517 de
1009 465 1188 517 eadem
1230 464 1344 515 navi
1392 462 1759 530 egredientem,
1802 476 1903 529 qua
1950 476 2091 513 rece-
2120 465 2161 520 A
2191 464 2357 523 desse,
2399 462 2662 526 erutisque
2702 456 3003 510 idololatriae
3034 457 3196 525 spinis
3234 457 3457 509 verbum
3490 455 3583 509 Dei
3608 456 3703 507 dili-

583 556 761 617 dente,
788 567 970 621 magna
1001 552 1051 604 in
1075 566 1135 604 ea
1167 551 1422 605 serenitas
1449 549 1690 616 perstitit.
1723 548 1867 601 Tunc
1905 548 1984 599 vir
2010 547 2098 598 Dei

584 643 657 694 ait
682 658 694 692 :
720 640 938 702 Videtis,
963 638 1185 706 qualiter
1210 652 1304 706 per
1344 636 1752 690 misericordiam
1784 635 1872 688 Dei
1900 633 2097 701 effuga—

584 741 666 784 tus
693 737 773 784 est
799 730 1057 791 inimicus,
1084 727 1171 795 qui
1200 727 1343 795 prius
1381 725 1604 795 caligine
1640 729 1986 792 occupaverat
2023 722 2101 773 in-

583 820 749 873 sulam
778 820 930 871 hanc.
978 816 1347 869 Pervenientes
1390 822 1563 867 autem
1598 813 1663 867 ad
1692 812 1925 866 eamdem
1956 812 2099 864 insu-

581 908 705 967 lam,
738 908 1117 960 dextruxerunt
1144 905 1319 957 omnia
1344 902 1573 969 ejusdem
1595 903 1797 956 Fosetis
1816 901 1956 964 fana,
1985 916 2100 968 qua:

582 995 685 1047 illic
705 994 853 1048 fuere
872 1000 1192 1053 constructa,
1210 998 1370 1057 etpro
1398 990 1475 1044 eis
1495 988 1688 1044 Christi
1715 989 2102 1043 fabricaverunt

580 1082 848 1135 ecclesias.
881 1081 1112 1147 Cumque
1135 1078 1454 1133 habitatores
1489 1086 1643 1132 terra;
1670 1078 1811 1131 illius
1833 1076 1933 1130 ﬁde
1951 1075 2102 1129 Chri-

577 1169 649 1221 sti
679 1169 951 1229 imbueret,
980 1166 1261 1234 baptizavit
1283 1181 1373 1221 cos
1398 1181 1515 1220 cum
1557 1166 1884 1219 invocatione
1908 1172 2101 1218 sancta:

580 1256 871 1319 Trinitatis,
897 1256 946 1308 in
970 1255 1133 1317 fonte,
1153 1255 1242 1321 qui
1271 1254 1341 1306 ibi
1364 1254 1661 1317 ebulliebat,
1690 1254 1741 1306 in
1770 1268 1873 1320 quo
1895 1253 1948 1307 S.
1970 1252 2102 1305 Wil-

579 1347 841 1400 librordus
874 1346 1019 1412 prius
1058 1344 1295 1401 homines
1337 1342 1709 1409 baptizaverat,
1753 1357 1782 1393 a
1811 1355 1912 1408 quo
1941 1341 2100 1393 etiam

575 1433 722 1487 fonte
750 1446 905 1485 nemo
927 1431 1068 1499 prius
1088 1430 1298 1483 haurire
1331 1444 1519 1496 aquam
1548 1430 1645 1482 nisi
1687 1437 1865 1482 tacens
1898 1442 2100 1495 prmsn-

579 1522 771 1574 mebat.
804 1516 1079 1583 Cuiusdam
1109 1518 1267 1570 etiam
1292 1531 1471 1569 eorum
1497 1516 1749 1583 principis
1778 1514 1940 1568 ﬁlium
1967 1513 2102 1566 Lan-

578 1606 777 1660 dricum
805 1606 1012 1658 nomine
1038 1605 1239 1672 accepit
1282 1619 1307 1655 a
1341 1603 1502 1666 fonte,
1530 1617 1683 1669 quem
1727 1603 1888 1655 sacris
1917 1600 2100 1653 litteris
2142 1631 2149 1639 ι

580 1697 833 1749 imbutum
862 1694 1122 1747 ordinavit
1164 1694 1545 1761 presbyterum,
1593 1691 1682 1759 qui
1727 1691 1903 1744 multis
1950 1689 2100 1741 annis

578 1787 718 1855 genti
757 1783 1045 1836 Fresonum
1091 1783 1141 1833 in
1187 1782 1437 1835 doctrina:
1476 1780 1681 1856 praefuit
1722 1780 1909 1833 studio.
1955 1779 2117 1832 Tunc

581 1877 769 1928 iterum
802 1879 1050 1939 operante
1075 1870 1300 1936 maligno
1328 1868 1395 1921 ab
1419 1869 1757 1922 orientalibus
1784 1867 2102 1921 Fresonibus

580 1977 683 2015 nox
710 1958 1028 2031 inﬁdelitatis
1049 1970 1247 2024 magum
1273 1956 1437 2008 fuerat
1452 1964 1651 2019 exorta,
1676 1954 1822 2022 cujus
1842 1955 2102 2008 Maluinno

585 2045 887 2118 (Malumno)
911 2044 1150 2099 ctEilrat
1172 2055 1195 2081 ε
1224 2042 1369 2097 fuere
1408 2044 1686 2111 principes,
1726 2052 1777 2097 et
1814 2044 2102 2096 combusta:

580 2146 700 2189 sunt
740 2135 973 2188 ecclesia:
1020 2132 1259 2197 servique
1303 2132 1395 2183 Dei
1442 2130 1668 2198 repulsi;
1722 2130 1814 2182 sed
1869 2129 2103 2181 radiante

502 2236 505 2239 '
579 2224 688 2279 sole
706 2223 919 2289 justitim
950 2220 1185 2285 effugata}
1213 2228 1334 2271 sunt
1359 2218 1585 2271 tenebras
1613 2218 1863 2271 radiantis
1885 2218 2100 2279 erroris,

583 2314 653 2366 ita
679 2320 735 2364 ut
758 2317 872 2378 post
898 2308 1018 2361 anni
1046 2305 1294 2359 circulum
1337 2304 1391 2357 S.
1415 2304 1686 2373 Ludgerus
1711 2319 1830 2356 eum
1856 2304 1964 2356 suis
1990 2304 2100 2370 pri-

491 2400 498 2408 ’
582 2416 668 2453 sca
709 2396 1081 2451 consuetudine
1128 2392 1436 2445 ﬁducialitcr
1481 2392 1617 2460 plebi
1665 2391 1735 2444 illi
1766 2392 1953 2459 pabula
1983 2390 2102 2444 ﬁdei

584 2486 883 2539 ministrare
923 2496 1028 2534 non
1074 2480 1368 2543 desisteret,
1397 2487 1448 2531 et
1478 2478 1696 2531 Domino
1736 2478 2019 2546 opitulante
2049 2478 2102 2529 in

579 2590 661 2638 ea,
686 2586 842 2640 quam
872 2578 996 2622 tunc
1022 2574 1345 2635 receperant,
1373 2566 1776 2634 perseverabant
1798 2564 1917 2617 ﬁde.

649 2661 734 2715 20.
782 2659 985 2711 Interea
1030 2669 1125 2722 per
1166 2653 1557 2720 dispositionem
1604 2650 1961 2704 misericordis
2007 2649 2105 2704 Dei

586 2752 820 2805 Saxones
866 2744 1099 2799 conversi
1134 2750 1255 2796 sunt
1289 2742 1354 2795 ad
1377 2741 1669 2805 Dominum,
1696 2748 1747 2792 et
1773 2755 1862 2792 rex
1889 2738 2106 2793 Carolus

584 2836 823 2892 eumdem
847 2834 1016 2885 virum
1042 2830 1134 2883 Dei
1160 2829 1455 2897 Ludgerum
1477 2836 1739 2895 pastorem
1780 2828 1834 2879 in
1864 2827 2105 2880 orientali

585 2933 734 2992 parte
760 2922 1024 2975 Saxonum
1056 2915 1345 2978 constituit,
1375 2913 1521 2979 cujus
1550 2914 1807 2982 parochias
1840 2912 1991 2966 sedes
2026 2921 2106 2965 est

588 3009 889 3078 principalis
918 3008 944 3045 δ
975 3007 1025 3059 in
1074 3004 1187 3057 loco
1226 3000 1609 3069 Mimigernefor
1636 2999 1805 3069 (Infra
1826 3016 1844 3053 :
1870 3000 2107 3069 Miniger-

2196 559 2377 618 genter
2402 563 2495 617 per
2528 548 2639 599 loca
2667 546 2865 612 singula
2891 558 3082 605 serere,
3114 544 3367 597 ecclesias
3391 551 3702 603 construere,

2195 650 2248 691 et
2276 653 2367 707 per
2392 652 2481 691 eas
2506 635 2734 704 singulos
2757 635 3002 688 ordinare
3037 636 3396 701 presbyteros,
3425 650 3559 702 quos
3581 636 3704 689 verli

2197 728 2286 780 Dei
2322 735 2686 794 cooperatores
2712 725 2809 777 sibi
2846 724 2941 791 ipsi
2980 723 3292 776 nutriverat.
3328 722 3589 790 Cupiebat
3626 724 3707 790 igi-

2197 825 2282 867 tur
2321 815 2375 866 in
2403 823 2574 880 empto
2614 812 3001 881 evangelizandi
3035 826 3193 878 opere
3226 811 3405 865 multis
3446 812 3706 864 subvenire

2196 904 2462 969 gentibus;
2498 902 2589 955 sed
2626 909 2799 952 tamen
2826 899 3173 967 pontiﬁcalem
3203 900 3424 965 gradum
3453 899 3705 951 humiliter

2196 993 2497 1047 declinare:
2526 990 2721 1044 idcirco
2763 1004 2884 1043 suos
2927 988 3227 1057 frequenter
3266 987 3416 1056 petiit
3464 987 3703 1047 alumnos,

2198 1087 2253 1131 ut
2280 1078 2467 1146 aliquis
2492 1093 2558 1133 ex
2586 1079 2662 1131 eis
2686 1092 2781 1145 pro
2806 1092 2869 1131 eo
2893 1075 3237 1145 episcopalem
3267 1076 3557 1141 susciperet
3582 1076 3704 1127 ordi-

2196 1183 2335 1222 nem.
2376 1166 2470 1221 Cui
2494 1181 2613 1220 cum
2640 1166 2963 1219 Hildibaldus
2986 1166 3259 1232 episcopus
3283 1162 3636 1231 persuaderet,
3658 1173 3704 1215 ut

2196 1256 2474 1322 episcopus
2512 1253 2745 1306 ordinari
2791 1252 3085 1314 debuisset;
3132 1250 3258 1304 illud
3286 1248 3625 1318 apostolicum
3662 1252 3702 1301 ei

2198 1342 2483 1407 respondit,
2528 1340 2743 1393 dicens:
2785 1338 2987 1408 Oportet
3034 1340 3319 1407 epist-apum
3359 1337 3701 1407 irreprehemi-

2198 1430 2343 1482 bilem
2369 1445 2491 1481 esse.
2514 1428 2707 1491 Atille,
2731 1435 2787 1480 ut
2803 1435 2923 1481 erat
2961 1426 3189 1499 humilis,
3232 1434 3287 1479 et
3316 1426 3430 1478 viro
3459 1425 3548 1477 Dei
3590 1425 3701 1477 ami-

2198 1519 2469 1579 cissimus,
2514 1532 2631 1570 cum
2682 1516 2873 1584 gemitu
2925 1516 3055 1568 dixit
3093 1531 3107 1565 :
3145 1514 3256 1567 Hoc
3303 1514 3356 1565 in
3401 1528 3457 1565 se
3511 1514 3702 1565 minime

2198 1605 2355 1657 fuisse
2382 1604 2714 1672 completum.
2752 1603 2983 1655 Tandem
3020 1616 3276 1655 consensu
3303 1601 3534 1653 omnium
3562 1615 3697 1669 supe-

2201 1701 2364 1755 ratus,
2393 1701 2445 1745 et
2477 1691 2643 1759 magis
2664 1690 2757 1743 Dei
2794 1690 3132 1757 dispositione
3165 1696 3397 1751 coactus,
3437 1690 3695 1755 acquievit,

2201 1796 2264 1833 ne
2303 1781 2667 1849 plurimorum
2699 1780 2950 1843 consilio,
3002 1779 3109 1832 imo
3154 1779 3246 1832 Dei
3300 1778 3551 1832 voluntati
3592 1793 3691 1831 con-

2201 1872 2391 1923 trarius
2421 1884 2537 1923 esse
2562 1870 2842 1923 videretur.

2232 1958 2351 2033 21.
2380 1957 2607 2026 Accepto
2656 1958 2830 2025 itaque
2874 1970 3024 2009 sacro
3050 1956 3231 2008 ordine
3274 1954 3555 2023 pontiﬁcali
3595 1968 3700 2008 cum

2199 2038 2337 2097 omni
2364 2045 2648 2113 sagacitate
2671 2052 2725 2097 et
2750 2044 3001 2097 modestia
3029 2043 3174 2112 gregi
3201 2042 3462 2097 Saxonico
3485 2042 3578 2097 sibi
3600 2057 3702 2096 cte-

2200 2131 2307 2183 dito
2353 2132 2658 2184 documenta
2705 2130 2889 2185 salutis
2934 2130 3197 2183 uberrime
3234 2129 3562 2191 ministravit,
3586 2143 3687 2195 quo

2200 2218 2433 2285 adusque
2461 2219 2679 2272 Domino
2703 2218 2955 2287 largiente
2983 2219 3046 2269 ad
3075 2216 3358 2284 perfectam
3390 2212 3701 2284 illos'perdu-

2200 2315 2346 2360 ceret
2392 2308 2566 2360 ﬁdem.
2614 2306 2720 2359 Illis
2768 2308 2923 2359 etiam
2966 2307 3193 2373 quinque
3220 2306 3455 2373 pagellis,
3494 2319 3613 2373 quos
3654 2305 3701 2356 in

2201 2395 2379 2448 Fresia
2424 2395 2488 2447 ad
2532 2394 2847 2463 agnitionem
2890 2408 3026 2446 verte
3057 2402 3109 2444 et
3153 2392 3428 2447 individua:
3453 2392 3702 2446 Trinitatis

2202 2483 2264 2533 de
2315 2481 2601 2549 gentilitate
2646 2482 2959 2548 perduxerat
3005 2481 3088 2547 (eo
3109 2479 3245 2547 quod
3266 2479 3412 2547 prius
3440 2494 3535 2531 non
3560 2480 3702 2532 habe-

2202 2576 2317 2619 rent
2357 2566 2675 2635 episcopum)
2706 2567 2860 2619 simili
2904 2552 3055 2619 modo
3080 2566 3366 2635 pontiﬁcali
3399 2566 3699 2634 prmerafre.

2201 2655 2412 2721 gimine.
2437 2652 2539 2707 Sed
2560 2662 2613 2707 et
2632 2669 2961 2707 successores
2981 2653 3095 2719 ejus
3120 2662 3339 2721 utraque
3363 2653 3471 2707 loca
3497 2668 3586 2720 pro
3610 2668 3700 2706 una

2202 2742 2497 2796 habuerunt
2541 2743 2807 2811 parochia,
2867 2743 3118 2810 deditque
3163 2740 3212 2794 ei
3260 2754 3350 2793 rex
3399 2740 3605 2794 Karolus
3652 2749 3702 2791 ut

2202 2830 2255 2882 in
2294 2844 2450 2897 regno
2474 2829 2791 2883 Francorum
2825 2830 2874 2882 in
2897 2844 3024 2897 pago
3047 2827 3337 2881 Bracbante
3374 2825 3700 2895 (Bracbante),

2206 2917 2256 2967 in
2286 2917 2398 2969 loco
2429 2918 2516 2984 qui
2545 2917 2715 2971 Locus
2737 2928 2757 2954 ε
2799 2927 3015 2971 vocatur
3040 2916 3413 2971 monasterium
3442 2916 3594 2968 sancti
3620 2913 3701 2964 Pc-

2205 3007 2271 3058 tri
2321 3007 2713 3075 gubernandum
2754 3022 2874 3060 cum
2919 3008 3160 3059 omnibus
3200 3004 3546 3071 adjacentibus
3586 3004 3699 3064 suis,

584 3095 813 3161 neford),
842 3094 929 3146 ubi
954 3090 1171 3147 Domino
1215 3091 1324 3159 ipse
1355 3090 1629 3143 honesmm
1657 3089 1948 3142 construxit
1988 3104 2101 3141 mo-
2132 3065 2175 3125 δ
2204 3065 2439 3149 ecclesiis
2464 3105 2516 3150 et
2550 3096 2759 3151 villulis.
2805 3097 2952 3150 Tunc
2988 3065 3326 3164 adimpletum
3354 3101 3431 3147 est
3460 3096 3699 3145 "somnium

588 3182 874 3236 nastcrium
895 3180 988 3232 sub
1010 3177 1187 3245 regula
1208 3176 1456 3229 canonica
1481 3176 1697 3229 Domino
1718 3174 2101 3228 famulantinm.

584 3270 765 3339 Itaque
786 3282 930 3322 more
950 3266 1099 3319 solito
1120 3279 1235 3317 cum
1258 3264 1397 3317 omni
1424 3264 1669 3315 aviditate
1689 3271 1742 3315 et
1762 3263 2107 3317 sollicitudine

585 3360 802 3417 rudibus
826 3357 1089 3410 Saxonum
1124 3354 1325 3424 populis
1366 3354 1605 3407 studebat
1651 3354 1702 3405 in
1731 3355 1965 3406 doctrina
1991 3370 2109 3421 pro-

658 3509 681 3536 α
707 3494 1085 3559 Anlwcrpiens.
1118 3501 1171 3545 et
1210 3488 1533 3543 Benediclini
1575 3506 1588 3540 :
1626 3488 1775 3556 cujus
1806 3489 1927 3541 mali
1954 3488 2106 3541 [Iuno

592 3574 635 3615 α
659 3564 1099 3693 ξιᾙῗξῦρθτξῖρηε.
1125 3636 1177 3679 et
1204 3625 1521 3677 Benedictini
1556 3642 1567 3675 :
1609 3642 1625 3673 ι
1657 3624 1817 3693 Sedes
1844 3633 1922 3677 est
1970 3626 2112 3691 prin-

592 3697 773 3763 cipalis
822 3698 873 3747 in
921 3692 1052 3762 pago
1114 3694 1394 3760 Sudergoe,
1453 3694 1506 3744 in
1560 3693 1672 3744 loco
1729 3692 1874 3759 cujus
1916 3695 2113 3747 vocabu

2205 3184 2343 3251 quod
2367 3183 2416 3237 ei
2437 3185 2516 3236 vir
2543 3186 2634 3237 Dei
2663 3185 3007 3245 Marchelmus
3036 3184 3181 3252 prius
3216 3181 3391 3235 fuerat
3417 3182 3700 3247 interpreta-

2208 3279 2293 3323 tus
2318 3272 2378 3324 de
2407 3270 2709 3326 collectione
2754 3273 2909 3325 trium
2947 3270 3283 3333 tumulorum,
3327 3268 3698 3339 signiﬁcantium

2210 3362 2366 3413 trium
2393 3363 2743 3431 gubernacula
2771 3363 3097 3434 populorum.

2146 3570 2157 3581 .
2209 3495 2312 3547 lum
2338 3498 2877 3581 estMimi‘gerneford,
2923 3517 2941 3548 ο
2981 3495 3167 3581 θιοὲἲ
3194 3496 3349 3581 hodie
3373 3494 3695 3581 estnlli'insler.

2278 3576 2297 3601 ε
2342 3566 2428 3618 \lii
2453 3563 2606 3619 codd:
2629 3567 2805 3629 Lotus,
2829 3566 3033 3619 Lotusa.
3058 3564 3221 3631 Vu'lgo
3241 3565 3418 3626 ιεωε,
3447 3563 3697 3616 Hannonis:

2208 3633 2454 3701 oppidum
2494 3636 2631 3688 inter
2652 3636 2845 3688 Athum
2883 3644 2935 3687 et
2962 3634 3273 3687 Tornacum.

1719 3936 2005 4009 LIBER
2058 3934 2595 4009 SECUNDUS.
2646 3916 2647 3919 ‘

666 4174 716 4225 Ι.
750 4169 996 4235 Quamvis
1021 4163 1428 4236 praeponendum
1470 4162 1539 4214 sit
1580 4162 1925 4231 ministerium
1956 4177 2113 4215 evan-

2213 4177 2358 4230 pere,
2384 4172 2699 4232 acceptaque
2720 4166 2785 4218 ab
2810 4180 2872 4221 eo
2894 4166 3046 4233 hujus
3072 4167 3146 4221 rei
3169 4168 3465 4237 sponsione,
3485 4148 3627 4235 jussit
3649 4176 3694 4220 ut

599 4264 774 4333 gelicaa
812 4257 1214 4328 prmdicationis,
1251 4263 1306 4308 et
1340 4252 1623 4306 multorum
1654 4250 1961 4303 illuminatio
1998 4265 2113 4303 cor-
2141 4276 2186 4333 ο
2215 4250 2297 4301 die
2325 4250 2551 4303 crastina
2580 4252 2781 4305 veniret
2814 4252 2878 4305 ad
2904 4268 2979 4306 se.
3024 4253 3263 4307 Crastina
3306 4269 3431 4307 vero
3476 4253 3693 4321 equiunii

598 4353 740 4405 dium
784 4343 1175 4415 operationibus
1214 4340 1603 4401 miraculorum,
1632 4338 2113 4404 ostensionibusque

598 4440 884 4507 signorum,
915 4433 979 4485 ad
1000 4432 1250 4483 honorem
1273 4438 1443 4481 tamen
1470 4427 1735 4493 largientis
1753 4426 1955 4479 Domini
1982 4425 2115 4492 ston

600 4523 801 4592 alligari
841 4519 1077 4580 fecimus,
1122 4530 1235 4583 qua:
1280 4514 1345 4565 ab
1387 4514 1566 4581 eodem
1613 4521 1792 4565 sancto
1827 4513 1939 4565 viro
1978 4510 2115 4565 facta

606 4612 901 4667 recolimns.

671 4700 799 4751 Cum
835 4691 1222 4763 evangelizandi
1250 4690 1415 4758 gratia
1450 4690 1498 4741 in
1528 4688 1705 4741 Fresia
1745 4688 1809 4740 ad
1837 4688 2116 4755 quamdam

604 4788 776 4839 villam
794 4784 998 4836 nomine
1014 4779 1257 4833 Helewirt
1271 4777 1609 4845 pervenisset,
1628 4786 1864 4828 matrona
1882 4775 2118 4841 quaedam

608 4876 828 4929 Mensuit
873 4873 1077 4923 nomine
1120 4868 1322 4935 excepit
1360 4866 1501 4917 illum
1533 4866 1582 4916 in
1630 4866 1839 4917 domum
1873 4879 2039 4925 suam,
2067 4872 2121 4915 et

606 4976 727 5015 ecce
764 4961 847 5012 illo
877 4955 1228 5010 discumbente
1252 4968 1367 5005 cum
1394 4951 1658 5017 discipulis
1684 4953 1789 5004 suis
1812 4951 2017 5003 oblatus
2042 4957 2120 5001 est

607 5060 795 5106 aecus,
816 5042 1064 5095 vocabulo
1087 5038 1312 5100 Bcrnlef,
1336 5040 1420 5104 qui
1447 5054 1473 5089 a
1501 5038 1684 5090 vicinis
1705 5037 1810 5089 suis
1837 5037 1981 5089 valde
2009 5035 2121 5087 dili-

609 5134 845 5203 gebatur,
872 5144 932 5182 eo
960 5129 1095 5195 quod
1116 5135 1253 5179 esset
1279 5124 1517 5188 affabilis,
1542 5134 1593 5178 et
1621 5126 1949 5191 antiquorum
1975 5134 2122 5177 actus

610 5234 665 5277 et
713 5238 890 5291 regum
936 5221 1217 5273 certamina
1265 5218 1395 5271 bene
1441 5216 1656 5269 novera‘t
1698 5218 1961 5284 psallendo
2004 5231 2124 5283 pro—

612 5324 787 5370 mere;
825 5307 913 5361 sed
950 5322 1043 5374 per
1069 5306 1344 5357 triennium
1379 5305 1622 5357 continua
1658 5306 1888 5357 eiecitate
1914 5319 2122 5371 percus-

616 5412 704 5449 sus
758 5403 855 5455 est,
886 5395 957 5446 ita
994 5402 1050 5446 ut
1082 5392 1275 5445 nullum
1317 5392 1415 5443 sibi
1450 5392 1622 5444 lumen
1650 5392 1728 5443 vel
1778 5401 2021 5444 extrema:
2048 5391 2122 5441 vi-

615 5482 776 5535 sionis
813 5490 1124 5533 remaneret.
1155 5484 1315 5543 Quem
1342 5480 1462 5531 dum
1499 5481 1640 5531 vultu
1681 5479 1832 5530 hilari
1872 5488 2009 5531 esset
2048 5479 2123 5528 in-

620 5572 799 5631 tuitus,
834 5569 1163 5634 interrogavit
1191 5570 1232 5620 si
1263 5569 1614 5635 paenitentiam
1656 5584 1681 5619 a
1718 5585 1769 5621 se
1806 5568 1953 5620 vellet
1984 5566 2122 5617 acci-

2212 4338 2323 4389 viro
2346 4337 2437 4390 Dei
2466 4338 2648 4391 obvius
2675 4337 2846 4393 factus
2868 4351 2947 4394 est
2975 4342 3111 4395 idem
3136 4356 3305 4397 caecus
3330 4359 3341 4393 :
3369 4350 3572 4410 accepto
3593 4354 3694 4409 ergo

2211 4423 2302 4475 Dei
2346 4423 2567 4477 famulus
2600 4440 2693 4493 per
2732 4425 2936 4481 frenum
2964 4427 3075 4495 ejus
3100 4428 3322 4491 caballo,
3352 4438 3406 4484 et
3430 4428 3569 4483 duxit
3596 4442 3691 4482 eum

2213 4525 2241 4561 a
2274 4508 2423 4561 turba
2468 4525 2700 4564 seorsum
2730 4520 2781 4565 et
2804 4514 3070 4568 conﬁtenti
3102 4524 3317 4582 peccata
3360 4532 3452 4570 sua
3477 4517 3693 4585 peniten-

2213 4597 2338 4648 tiam
2382 4596 2584 4650 indixit.
2642 4598 2834 4653 Deinde
2878 4596 3079 4668 signum
3122 4611 3318 4656 sanctae
3358 4604 3527 4657 crucis
3559 4601 3694 4656 oculis

2213 4681 2325 4747 ejus
2371 4684 2633 4751 imposuit,
2678 4693 2730 4737 et
2772 4694 2953 4742 tenens
2994 4704 3201 4741 manum
3249 4705 3396 4743 suam
3430 4703 3593 4743 coram
3626 4700 3688 4745 eo.

2215 4772 2555 4838 interrogavit
2600 4774 2642 4824 si
2680 4775 2874 4841 aliquid
2898 4777 3133 4829 videret?
3167 4777 3281 4843 Ipse
3310 4791 3435 4830 vero
3462 4789 3573 4829 cum
3601 4787 3691 4827 ma-

2214 4874 2315 4927 gno
2338 4860 2525 4926 gaudio
2550 4860 2699 4924 dixit,
2729 4877 2783 4915 se
2822 4877 3031 4915 manum
3077 4863 3214 4919 illius
3252 4864 3429 4917 videre
3469 4877 3629 4931 posse;
3654 4867 3694 4911 at

2219 4947 2320 5009 ille,
2340 4948 2466 5015 Age,
2498 4948 2681 5015 inquit,
2713 4952 3051 5017 omnipotenti
3081 4951 3186 5005 Deo
3214 4954 3427 5020 gratias.
3466 4947 3691 5005 Sermoci°

2217 5039 2459 5090 nantibus
2482 5052 2685 5105 quoque
2710 5041 2787 5091 eis
2811 5040 2874 5092 de
2898 5041 2997 5092 ﬁde
3018 5041 3274 5094 catholica
3301 5048 3628 5108 pervenerunt
3642 5036 3692 5090 ad

2218 5126 2389 5177 villam
2419 5127 2625 5179 nomine
2652 5127 2911 5181 Vuerthen
2954 5127 3081 5196 [ΑΙ.,
3104 5127 3394 5189 Werfhem,
3416 5124 3691 5181 Wersheim.

2218 5214 2537 5284 lmerfhem],
2586 5224 2639 5267 ct
2682 5217 3019 5284 interrogavit
3064 5234 3075 5266 :
3125 5216 3167 5268 si
3215 5215 3382 5283 ipsam
3420 5215 3583 5269 videre
3619 5224 3693 5279 νο-

2221 5303 2441 5355 tuisset?
2479 5304 2567 5356 llle
2606 5318 2730 5356 vero
2778 5306 2952 5356 statim
2998 5304 3109 5368 ipso
3152 5302 3402 5357 vocabulo
3448 5296 3695 5354 nominavit

2217 5406 2332 5443 eam
2360 5404 2410 5443 et
2434 5392 2646 5445 arbores
2664 5401 2716 5443 et
2740 5405 2955 5459 qumque
2982 5389 3091 5456 ejus
3112 5390 3328 5443 aediﬁcia
3351 5403 3407 5442 se
3425 5387 3549 5441 bene
3572 5397 3693 5453 posse

2220 5482 2515 5547 conspicere
2550 5480 2811 5547 professus
2848 5489 2945 5531 est.
2997 5480 3079 5531 Ait
3125 5486 3299 5530 autem
3345 5471 3696 5537 ille:0mnip0-

2224 5569 2347 5619 lenti
2392 5567 2495 5621 Deo
2526 5584 2617 5634 age
2659 5568 2869 5634 gratias,
2901 5568 2987 5631 qui
3036 5575 3083 5617 te
3132 5565 3457 5617 illuminavit.
3500 5558 3695 5622 Cumque
