3886 6228
146 410 224 459 78f

1391 390 1561 442 ACTA
1604 388 1658 439 S.
1699 389 1783 442 L17
1797 389 1987 442 DCERI
2001 427 2013 439 .

3167 393 3263 444 782

146 515 386 566 venissent
419 509 481 560 ad
527 507 696 559 villam
725 507 1011 560 Wiscuuit-t
1057 503 1188 573 [.tl.,
1217 481 1479 567 Usquurd,
1513 501 1642 551 Vus-
1672 505 1715 555 Α
1745 500 1947 552 videbo.
1992 499 2153 564 linjas
2195 514 2318 567 ergo
2343 500 2572 554 vaticinii
2604 501 2792 554 veritas
2819 502 3050 570 ejusdem
3074 505 3270 557 sororis

144 600 367 659 cuurdis,
393 597 626 664 V'osgurd
646 636 660 657 ,
693 593 1035 662 Wuscurdus]
1082 592 1312 651 nomine,
1344 588 1433 641 ubi
1471 597 1647 640 orato-

145 697 263 746 rium
305 697 416 741 erat
464 693 838 745 constructum,
873 683 993 736 fecit
1043 697 1161 734 eum
1189 694 1364 732 secum
1397 692 1549 731 orare
1599 684 1650 728 ct

146 784 238 834 Deo
264 776 459 845 gratias
489 789 660 842 agere,
692 771 1106 836 constrinxitque
1129 782 1247 820 eum
1295 773 1646 823 sacramento,

1747 601 1855 638 sua:
1883 588 2176 654 nostrisque
2205 598 2282 640 est
2310 589 2526 656 probata
2553 589 2891 655 temporibus.

1817 674 1944 728 Nam
1973 676 2213 728 omnibus
2239 676 2419 728 diebus
2450 676 2639 744 quibus
2669 676 2802 728 idem
2828 676 2916 729 Dei
2961 675 3189 731 famulus
3224 681 3272 732 in

1748 765 1847 816 hoc
1875 763 2050 815 seculo
2081 765 2303 825 vixerat,
2332 780 2431 831 pax
2480 763 2573 815 fuit
2602 765 2828 830 undique
2858 765 2996 828 Ireta,
3021 774 3081 819 ut
3108 769 3278 819 nullus

142 879 193 920 ut
224 875 336 917 ante
376 864 512 915 diem
551 861 722 912 obitus
761 860 840 911 sui
885 858 1028 917 nulli,
1071 854 1294 922 qualiter
1334 852 1652 905 illuminatus
1747 859 1954 918 putaret
1999 852 2080 904 his
2135 852 2432 920 regionibus
2482 851 2706 918 aliquam
2758 851 3206 920 perturbationem
3250 872 3277 906 a

144 955 302 1013 fuerit,
333 951 602 1002 indicaret.
634 945 920 1012 Complevit
961 944 1046 995 ille
1069 943 1168 994 viri
1192 941 1281 993 Dei
1312 948 1648 1008 prmeeptdm,

141 1050 188 1092 et
231 1053 318 1104 per
363 1037 474 1089 dies
525 1035 726 1100 aliquos
777 1032 1064 1084 caecitatem
1119 1025 1413 1080 simulando
1461 1025 1649 1075 ducatu

142 1130 308 1184 alieno,
334 1125 603 1182 utebatur;
636 1120 724 1171 sed
754 1127 869 1185 post
895 1117 1093 1169 obitum
1121 1112 1254 1179 ejus,
1283 1109 1650 1181 qualitenillu-

142 1217 361 1268 minatus
390 1210 564 1269 fuerit,
593 1207 832 1260 asseruit.

202 1302 250 1353 Ω.
296 1299 353 1350 in
399 1296 621 1349 secunda
659 1295 816 1361 igitur
851 1290 1156 1358 expulsione
1190 1301 1461 1340 servorum
1504 1285 1592 1336 Dei
1624 1299 1652 1336 a

142 1388 330 1447 Fresia,
357 1386 420 1437 de
449 1398 566 1450 qua
581 1381 825 1449 superius
846 1379 952 1444 jam
985 1379 1229 1439 diximus,
1258 1376 1416 1444 jussit
1445 1381 1655 1427 sanctus

141 1480 214 1529 vir
239 1475 505 1541 Ludgerus
524 1470 770 1535 eumdem
799 1468 1106 1521 Bernlevum
1139 1465 1222 1534 (eo
1251 1465 1388 1532 quod
1415 1463 1654 1530 diligere~

142 1575 218 1614 tur
253 1576 280 1612 a
311 1560 507 1626 multis)
539 1573 630 1625 per
659 1555 978 1625 singulorum
1018 1555 1205 1606 domos
1236 1552 1562 1605 discurrere.
1604 1558 1657 1603 et

139 1651 398 1718 persuasis
449 1647 735 1707 matronis,
787 1646 1069 1697 morituros
1117 1641 1321 1694 illorum
1375 1637 1655 1692 infantulos

141 1739 419 1804 baptizare,
453 1734 718 1787 benedicta
749 1731 1054 1800 Simpliciter
1085 1744 1218 1795 aqua
1248 1729 1298 1780 in
1321 1726 1533 1779 nomine
1560 1725 1654 1776 Do-

1750 937 2124 990 Nortbmannis
2165 940 2374 991 evenire
2417 955 2599 1007 posse;
2653 940 2741 992 sed
2781 949 2897 1007 post
2941 942 3136 994 obitum
3169 942 3281 1007 ejus

1752 1044 1778 1080 a
1809 1037 1960 1094 gente
2001 1028 2327 1080 severissima
2358 1028 2630 1098 [Amwerp.
2658 1039 2703 1081 et
2730 1029 2939 1092 Beued.,
2969 1030 3275 1099 smvisslma]

1751 1116 2224 1169 Northmannornm
2262 1117 2655 1169 innumerabilia
2697 1133 2828 1183 pene
2876 1120 3026 1173 annis
3065 1120 3281 1188 singulis

1750 1203 1983 1271 perpessi
2008 1219 2186 1256 sumus
2215 1204 2370 1256 mala.
2415 1203 2544 1255 Nam
2572 1213 2929 1257 concremata:
2960 1214 3079 1258 sunt
3113 1208 3280 1261 eccle-

1754 1290 1874 1352 siae;
1905 1291 2221 1343 monasteria
2250 1291 2545 1352 destructa;
2583 1291 2784 1343 deserta
2811 1291 2876 1342 ab
2900 1291 3280 1348 habitatoribus

1753 1377 1974 1444 prtedia,
1996 1376 2046 1429 in
2075 1385 2273 1428 tantum
2295 1417 2308 1438 ,
2345 1387 2402 1430 ut
2430 1379 2660 1444 peccatis
2687 1378 3016 1447 exigentibus
3043 1381 3282 1448 regiones

1757 1463 2052 1526 maritimae,
2078 1478 2206 1530 quas
2247 1465 2392 1531 prius
2438 1465 2717 1519 multitudo
2756 1467 2967 1520 tenebat
2994 1468 3279 1529 hominum,

1753 1567 1885 1617 pene
1919 1554 2024 1605 sint
2067 1553 2116 1605 in
2146 1553 2472 1607 solitudinem
2521 1555 2763 1608 redacta.
2794 1553 2897 1609 Sed
2927 1557 3090 1610 solem
3132 1559 3280 1626 justi-

1758 1638 1860 1700 tite,
1889 1638 1974 1704 qui
2005 1653 2099 1706 pro
2130 1639 2323 1692 nostris
2346 1640 2577 1705 peccatis
2604 1639 2874 1706 clongatus
2899 1640 3174 1705 abscessit,
3204 1657 3286 1694 re-

1757 1739 2031 1777 versurum
2061 1739 2350 1793 speramus,
2378 1734 2431 1778 et
2447 1725 2596 1792 juxta
2621 1728 2935 1798 pmsagium
2956 1730 3054 1782 viri
3080 1729 3170 1783 Dei
3195 1744 3286 1797 pa-

140 1824 256 1875 mini
282 1823 529 1874 intinctos
547 1820 625 1871 vel
647 1818 946 1887 superfusos
973 1832 1090 1870 cum
1120 1816 1447 1868 invocatione
1472 1821 1663 1864 saneta'
1700 1806 1737 1859 li
1767 1826 1882 1864 cem
1906 1813 2139 1868 ccclesize
2177 1813 2482 1867 redituram.
3275 1826 3311 1837 κ

140 1910 426 1962 Trinitatis.
467 1908 532 1959 At
568 1907 649 1959 ille
679 1905 840 1972 jussis
877 1904 988 1969 ejus
1029 1903 1250 1956 libenter
1283 1900 1532 1953 obediens
1566 1898 1659 1950 ha-

139 1999 349 2066 ptizavit
391 1999 440 2049 in
490 1998 598 2064 ipsa
642 1994 1031 2063 perturbatione
1100 1989 1326 2044 infantes
1381 1990 1558 2040 decem
1611 1992 1664 2035 et

137 2096 268 2148 octo,
294 2085 383 2152 qui
409 2098 589 2136 omnes
615 2097 795 2148 nuper,
820 2090 876 2133 ut
900 2081 1150 2148 baptizati
1180 2078 1405 2138 fuerant,
1432 2074 1660 2129 defuncti

137 2183 274 2235 sunt,
324 2172 556 2238 exceptis
603 2170 805 2224 duobus
848 2185 979 2236 quos
1022 2168 1205 2220 beatus
1253 2167 1543 2234 Ludgerus,
1579 2178 1660 2214 re-

138 2264 322 2313 deunte
349 2273 497 2327 pace,
525 2273 642 2312 cum
675 2265 851 2310 sancta
879 2256 1174 2308 chrismatis
1201 2254 1445 2306 unctione
1474 2250 1664 2304 confir-

137 2349 311 2399 mavit.
339 2348 456 2416 Ipse
490 2361 612 2399 vero
636 2343 846 2398 Bernlef
869 2345 1163 2411 ubicunque
1200 2343 1368 2395 virum
1394 2340 1492 2437 Dei
1518 2354 1665 2406 repe-

138 2438 307 2499 risset,
342 2433 523 2488 didicit
552 2434 617 2487 ab
636 2433 972 2495 eoPsalmos,
1000 2440 1052 2492 et
1082 2432 1135 2484 in
1163 2447 1244 2493 ea,
1271 2432 1426 2498 quam
1455 2442 1664 2495 recepe-

138 2529 215 2573 rat
248 2520 625 2575 illuminatione
662 2520 974 2587 permansit,
1016 2519 1353 2584 quoadusque
1400 2532 1581 2579 senex,
1612 2523 1666 2568 et

134 2611 316 2679 plenus
342 2610 544 2661 dierum
571 2607 740 2660 obiret
767 2608 818 2661 in
845 2621 989 2674 pace.
1015 2607 1179 2672 Quem
1205 2607 1328 2658 dum
1357 2604 1665 2657 morientem

136 2714 267 2752 uxor
293 2714 390 2752 sua
421 2697 588 2750 ﬂendo
617 2697 998 2765 interrogaret,
1037 2694 1260 2762 qualiter
1289 2701 1406 2760 post
1443 2706 1563 2746 eum
1590 2694 1666 2744 vi-

138 2802 255 2840 vere
281 2787 558 2854 potuisset,
591 2784 856 2853 respondit
895 2783 1120 2862 dicensi
1151 2780 1206 2834 Si
1241 2795 1337 2848 ego
1387 2795 1415 2831 a
1445 2779 1666 2831 Domino

136 2876 337 2943 aliquid
383 2875 662 2942 impetrare
708 2879 911 2939 potero,
939 2856 1273 2938 postumum
1317 2869 1516 2922 obitum
1562 2883 1665 2921 non

136 2964 291 3031 longo
331 2972 566 3030 tempore
604 2961 654 3012 in
683 2960 781 3012 hoc
818 2958 1005 3013 sarculo
1036 2956 1146 3014 eris
1171 2956 1391 3011 victura.
1432 2957 1668 3024 Dumque

135 3067 262 3105 sana
289 3061 347 3104 et
400 3051 673 3104 incolumis
702 3050 835 3102 hanc
858 3049 969 3117 ejus
992 3046 1384 3116 responsionem
1412 3046 1661 3122 audisset,

140 3141 221 3192 die
251 3139 442 3206 quinto
465 3138 666 3192 decimo
690 3136 958 3189 moriendo
985 3136 1263 3188 subsecuta
1292 3142 1391 3187 est.

206 3226 260 3278 5.
289 3226 412 3279 Alio
443 3238 651 3294 quoque
683 3231 912 3290 tempore
941 3221 1061 3274 dum
1091 3229 1230 3274 esset
1259 3222 1444 3276 beatus
1468 3220 1666 3288 Ludge-

144 3329 232 3366 rus
262 3328 424 3368 secus
467 3327 628 3373 mare,
676 3312 728 3364 in
772 3311 885 3364 loco
911 3310 1000 3377 qui
1040 3318 1256 3363 vocatur
1282 3309 1554 3371 Werdina,
1583 3310 1668 3364 ubi

142 3403 251 3469 ipse
293 3403 397 3455 sibi
451 3402 502 3454 in
547 3401 847 3455 bsereditate
886 3407 1098 3466 paterna
1161 3399 1453 3451 construxit
1497 3398 1669 3451 cccle-

142 3491 274 3542 siam
296 3529 318 3552 ,
347 3489 579 3543 terribile
615 3490 741 3542 vidit
783 3488 1072 3551 somnium,
1110 3487 1248 3554 quod
1295 3500 1515 3539 narrans
1543 3484 1669 3538 lier-

143 3579 326 3647 δικ-επ
369 3578 535 3631 soror'i
573 3592 678 3629 suae
715 3577 846 3629 dixit
879 3593 890 3626 :
931 3577 1049 3629 Vidi
1081 3590 1176 3644 per
1223 3575 1479 3627 somnium
1523 3573 1670 3639 quasi

141 3669 308 3722 solem
354 3663 633 3736 fugientetr
677 3679 832 3732 supra
874 3678 1016 3717 mare
1061 3679 1088 3716 a
1121 3664 1352 3732 partibus
1382 3663 1669 3730 Aquilonis,

140 3766 192 3808 et
221 3756 395 3808 nubes
419 3755 714 3808 teterrimas
767 3761 1058 3820 sequentes,
1089 3754 1178 3820 qui
1225 3751 1424 3821 fugiens
1451 3767 1513 3806 ac
1541 3752 1671 3803 defl-

144 3847 292 3900 ciens
318 3844 658 3914 pertr’ansivit
684 3858 796 3907 nos,
814 3845 883 3896 ita
911 3852 966 3894 ut
993 3843 1263 3908 elongatus
1293 3857 1320 3893 a
1342 3842 1490 3894 nobis
1510 3841 1673 3893 videri

144 3947 245 3986 non
277 3940 476 4001 posset,
511 3941 564 3985 et
589 3931 834 3999 caligines
876 3947 990 3999 quae
1019 3938 1172 3985 erant
1198 3939 1409 3993 secum,
1435 3930 1676 3987 obtinue—

142 4031 269 4074 runt
326 4021 500 4075 omnia
539 4019 649 4073 loca
681 4021 791 4072 hcce
834 4019 1114 4080 maritima.
1161 4019 1284 4070 Post
1312 4018 1528 4070 multum
1553 4032 1678 4070 vero

145 4108 422 4178 temporis,
451 4121 691 4161 reversus
725 4115 805 4160 cst
833 4107 910 4174 sol
941 4107 1109 4159 minor
1143 4115 1195 4160 et
1224 4106 1481 4175 pallidior,
1521 4120 1674 4173 quam

143 4196 338 4250 fuisset
355 4197 531 4265 prius,
577 4195 921 4264 ell‘ugavitque
951 4196 1198 4265 caligines
1228 4207 1373 4248 trans
1411 4211 1575 4249 mare.
1614 4197 1679 4249 Et

144 4285 260 4336 haec
285 4284 488 4346 dicens,
517 4280 738 4335 ubertim
766 4281 948 4335 faciem
975 4297 1121 4335 suam
1152 4282 1391 4351 irrigavit
1415 4282 1674 4350 lacrymis.

142 4370 320 4432 Quem
360 4369 481 4421 dum
520 4369 725 4422 flentem
763 4384 910 4423 soror
945 4384 1035 4422 sua
1075 4371 1416 4437 conspiceret,
1459 4368 1600 4423 ﬂevit
1625 4379 1678 4423 et

140 4459 278 4524 ipsa,
314 4457 495 4523 dicens
523 4475 535 4508 :
563 4457 694 4522 Quid
727 4458 824 4511 sibi
853 4457 961 4510 vult
986 4459 1085 4512 hoc
1111 4459 1439 4525 sompnium?
1470 4457 1564 4511 Cui
1589 4458 1677 4513 ille

140 4544 423 4613 respondit
449 4562 461 4596 :
491 4545 731 4597 Ventura:
756 4552 876 4598 sunt
903 4560 931 4596 a
964 4544 1338 4596 Nortbmannis
1365 4547 1678 4609 persecutio-

140 4649 242 4686 nes
294 4647 522 4700 magna,
547 4642 599 4685 et
636 4634 880 4685 instantia
921 4633 1076 4686 bella.
1127 4634 1545 4699 vastationesque
1583 4632 1678 4684 im-

139 4728 372 4786 mcusin,
394 4725 463 4776 ita
495 4731 552 4777 ut
578 4725 688 4777 haec
723 4723 1045 4776 delectabilia
1075 4723 1187 4775 loca
1210 4723 1469 4775 maritima
1494 4738 1681 4789 pecca-

140 4813 211 4863 tis
241 4811 580 4878 exigentibus
600 4825 731 4878 pene
759 4810 1114 4864 inhabitabilia
1143 4817 1461 4864 remaneant.
1486 4809 1681 4864 Deinde

136 4899 406 4963 posthmc,
454 4898 663 4953 favente
684 4899 809 4962 Deo,
837 4899 1038 4952 reddita
1070 4900 1169 4951 erit
1212 4914 1314 4965 pax
1341 4899 1593 4959 ecclesia},
1626 4906 1681 4950 et

137 4986 490 5038 severissima
538 4987 688 5055 plaga
737 5003 852 5054 quae
902 4989 1199 5055 regionibus
1238 4988 1318 5041 his
1355 4987 1678 5048 incubuerat,

137 5071 294 5124 infra
329 5074 466 5140 ipsos
496 5074 879 5127 Northtnannos
923 5077 1328 5143 retorquebitur.
1353 5074 1419 5126 At
1450 5075 1533 5127 illa
1564 5090 1680 5128 cum

137 5161 354 5228 gemitu
402 5163 534 5215 dixit
562 5181 572 5212 :
601 5163 643 5216 Ο
675 5164 868 5215 utinam
914 5165 1152 5231 dignetur
1199 5180 1279 5216 me
1317 5164 1564 5216 Dominus
1594 5179 1683 5214 au-

139 5250 296 5304 ferre
339 5251 401 5303 de
436 5251 533 5304 hoc
570 5253 775 5314 szeculo,
821 5254 1120 5320 priusquam
1159 5253 1541 5318 superveniant.
1591 5250 1682 5303 Cui

1827 1899 1878 1950 4.
1913 1901 2064 1952 Venit
2093 1915 2300 1968 quoque
2325 1901 2460 1953 idem
2488 1901 2568 1952 vir
2593 1900 2684 1954 Dei
2717 1902 2767 1954 in
2797 1902 2933 1966 loco,
2959 1903 3048 1971 qui
3074 1910 3291 1958 vocatur

1760 1985 2025 2038 Bilurbilte
2062 1987 2202 2056 [Αηι.
2235 1998 2280 2040 et
2301 1987 2519 2052 Bened.,
2543 1989 2845 2060 Billurbclti]
2888 1993 2953 2046 ad
2991 1993 3286 2056 ecclesiam,

1760 2085 1812 2127 et
1840 2091 1960 2129 ecce
2001 2077 2187 2130 mulier
2218 2077 2471 2145 quzedam,
2503 2094 2618 2145 qua:
2648 2081 2827 2134 illicito
2872 2091 2986 2134 erat
3031 2085 3289 2138 connubio

1762 2180 1856 2218 suo
1899 2166 2136 2234 capulata
2189 2168 2318 2229 viro,
2349 2165 2463 2235 ejus
2492 2169 2668 2222 volens
2708 2171 2959 2238 mitigare
3010 2183 3286 2238 terrorem,

1763 2254 1906 2308 misit
1950 2255 2022 2307 illi
2067 2255 2168 2308 mel
2199 2257 2348 2324 quasi
2390 2272 2484 2324 pro
2525 2258 2914 2323 benedictione;
2969 2269 3025 2314 at
3065 2260 3148 2314 ille
3187 2263 3288 2316 tale

1763 2358 1952 2397 munus
1977 2343 2215 2411 accipere
2243 2345 2575 2412 despiciendo
2602 2349 2790 2399 renuit.
2858 2347 3078 2413 Quidam
3114 2359 3290 2403 tamen

1756 2432 1976 2499 juvenes
2018 2446 2082 2484 ex
2120 2432 2387 2498 discipulis
2427 2432 2541 2498 ejus
2584 2434 2708 2487 illud
2737 2435 2837 2488 mel
2862 2437 3292 2505 concupiscentes

1765 2526 2100 2586 acceperunt,
2142 2527 2195 2572 et
2226 2519 2277 2571 in
2323 2519 2545 2573 ecclesia
2596 2529 2734 2575 retro
2763 2521 2925 2576 altare
2969 2523 3173 2578 occulte
3199 2539 3291 2591 po-

1766 2615 2002 2671 suerunt,
2024 2622 2248 2674 cumque
2270 2607 2351 2660 vir
2373 2605 2464 2660 Dei
2494 2609 2559 2660 ad
2603 2609 2738 2661 idem
2769 2609 2932 2664 altare
2967 2611 3180 2665 missam
3209 2626 3293 2664 ce-

1766 2697 2081 2758 iebraturns,
2127 2696 2418 2767 accederet,
2464 2705 2516 2751 et
2555 2713 2614 2752 os
2659 2694 2722 2750 ad
2764 2714 2946 2766 preces
2976 2701 3285 2768 aperuisset,

1766 2783 2039 2851 confestim
2089 2799 2182 2837 vas
2231 2791 2474 2847 testeum,
2522 2787 2571 2838 in
2616 2794 2719 2853 quo
2755 2787 2878 2840 illud
2927 2788 3288 2842 inobedientizn

1761 2870 1868 2924 mel
1897 2870 2207 2933 habebatur,
2240 2873 2533 2925 minutatim
2563 2875 2783 2940 crepuit,
2810 2882 2864 2926 et
2889 2875 3180 2943 dispersum
3209 2886 3291 2931 est

1768 2957 1870 3011 mel
1892 2959 2028 3025 quod
2051 2957 2355 3026 colligentes
2377 2959 2709 3027 projecerunt
2736 2960 2896 3014 foras.
2928 2961 3040 3016 Non
3065 2965 3291 3019 cessavit

1768 3050 1942 3116 autem
1982 3045 2132 3099 miles
2193 3044 2390 3098 Christi
2434 3047 2710 3114 quominus
2751 3047 2874 3101 illud
2936 3049 3174 3104 illicitum
3202 3052 3292 3105 de-

1690 3115 1735 3174 (ἶ
1767 3139 1993 3184 strueret
2034 3130 2351 3201 conjugium,
2384 3134 2474 3186 sed
2503 3145 2556 3186 et
2595 3135 2764 3187 virum
2810 3135 2999 3205 ipsum,
3029 3139 3117 3206 qui
3164 3139 3292 3194 illud

1769 3227 2070 3288 perpetrare
2101 3237 2260 3274 ausus
2293 3231 2391 3284 est,
2418 3223 2785 3276 exterminavit
2809 3224 3055 3291 apatria.

1928 3308 2058 3361 Cum
2085 3310 2244 3376 igitur
2285 3311 2337 3362 in
2363 3310 2541 3363 Fresia
2578 3310 2795 3365 docendi
2824 3313 2996 3380 gratia
3032 3314 3096 3367 ad
3129 3314 3296 3371 eccle-

1770 3398 1897 3448 siam
1932 3412 2077 3451 suam
2103 3399 2347 3459 venisset,
2369 3397 2516 3463 juxta
2547 3398 2759 3451 fluvium
2789 3400 2927 3453 Lude
2964 3403 3114 3469 petiit
3154 3404 3293 3458 illius

1771 3484 1869 3536 luci
1899 3484 2208 3550 piscatores,
2233 3487 2321 3554 qui
2351 3488 2396 3541 ci
2430 3488 2599 3556 pisces
2624 3487 2809 3542 alferre
2832 3489 3086 3554 solebant,
3111 3502 3170 3544 ut
3197 3493 3294 3546 ali-

1769 3589 1925 3640 quem
1952 3576 2236 3629 sturionem
2265 3578 2699 3644 comprehensum
2724 3577 2988 3631 afferrent.
3009 3580 3078 3632 At
3111 3580 3180 3635 illi
3217 3581 3295 3635 di-

1771 3674 1961 3718 xerunt
2008 3665 2157 3732 longe
2184 3680 2302 3719 esse
2327 3665 2655 3734 praeteritum-
2677 3674 2900 3734 tempus,
2931 3681 3035 3736 quo
3062 3669 3192 3723 tales
3217 3670 3296 3737 pi-

1771 3767 1886 3806 sees
1927 3754 2294 3820 comprehendi
2340 3761 2580 3821 poterant
2619 3754 2755 3822 (erat
2779 3756 2917 3808 enim
2961 3756 3013 3809 in
3053 3758 3291 3825 proximo

1773 3850 1976 3909 tempus
2025 3841 2252 3900 hiemis).
2309 3841 2510 3905 Quibus
2563 3842 2647 3894 ille
2697 3842 2814 3894 hero
2859 3843 3004 3895 vultu
3051 3846 3160 3896 ait:
3195 3847 3291 3906 lte,

1772 3928 1883 3990 ﬁlii,
1913 3927 2070 3982 facite
2103 3944 2218 3995 qua:
2243 3929 2378 3990 dixi;
2410 3927 2596 3995 petens
2621 3937 2702 3980 est
2738 3929 2874 3982 Deus
2899 3931 3040 3982 omni
3069 3940 3301 4001 tempore

1773 4016 1941 4069 servis
1970 4018 2078 4069 suis
2121 4018 2414 4070 desiderata
2459 4026 2730 4084 praestare.
2779 4017 2880 4087 ipsi
2910 4034 3034 4073 vero
3060 4022 3301 4088 precibus

1773 4104 1872 4156 viri
1903 4104 1989 4157 Dei
2024 4107 2191 4157 coacti
2220 4115 2491 4173 coeperunt
2519 4119 2664 4159 more
2691 4106 2845 4160 solito
2887 4115 2997 4161 rete
3022 4124 3116 4177 per
3141 4125 3302 4178 aquas

1774 4194 2001 4257 trahere,
2049 4203 2119 4256 et,
2169 4209 2320 4256 ecce,
2372 4195 2544 4248 subito
2588 4194 2804 4248 elevatis
2830 4196 3015 4258 oculis,
3056 4197 3300 4252 viderunt

1774 4295 1922 4334 avem
1967 4297 2210 4350 magnam
2258 4283 2654 4336 descendentem
2685 4283 2750 4337 de
2779 4283 2913 4338 cmlo
2937 4301 3115 4339 coram
3142 4300 3217 4350 se,
3249 4296 3303 4340 et

1777 4369 1898 4420 dum
1941 4369 2137 4422 intente
2177 4370 2229 4422 in
2256 4370 2395 4422 illam
2425 4370 2691 4424 oculorum
2715 4371 2934 4439 figerent
2961 4373 3149 4435 aciem,
3173 4374 3305 4432 dixit

1779 4473 1914 4511 unus
1938 4460 2002 4512 ad
2027 4459 2248 4513 alterum
2279 4479 2290 4511 :
2317 4461 2451 4514 Vere
2493 4461 2882 4515 similitudinem
2923 4461 3081 4516 habet
3123 4464 3298 4532 piscis.

1781 4547 2089 4601 Mirantibus
2135 4549 2307 4616 itaque
2345 4549 2421 4600 eis
2462 4563 2523 4600 ac
2563 4563 2754 4616 pavore
2787 4552 3080 4619 perterritis
3117 4552 3300 4605 cecidit

1783 4638 1890 4705 ipsa
1919 4637 2078 4706 piscis
2105 4636 2301 4704 eﬂigies
2341 4637 2448 4689 sive
2491 4637 2603 4690 avis
2630 4652 2806 4691 coram
2851 4640 2978 4707 ipsis
3008 4639 3058 4692 in
3085 4653 3298 4707 aquam,

1781 4739 2005 4794 cumque
2047 4725 2112 4776 ad
2155 4724 2323 4790 ipsum
2368 4723 2539 4776 locum
2572 4726 2950 4793 pervenissent,
2997 4725 3215 4780 intravit
3247 4727 3297 4780 in

1783 4814 1987 4867 illorum
2014 4819 2123 4864 rete
2148 4812 2306 4878 piscis
2331 4811 2476 4864 mira:
2504 4811 2898 4878 magnitudinis,
2927 4829 3084 4881 quem
3115 4815 3308 4868 sturio.

1782 4914 1899 4952 nem
1944 4910 1972 4940 ι
2017 4906 2222 4958 vocant,
2273 4913 2426 4965 quem
2473 4898 2553 4950 vir
2578 4898 2670 4951 Dei
2720 4899 3070 4954 desiderabat.
3125 4903 3192 4955 At
3233 4901 3305 4956 illi

1781 4986 2212 5052 comprehensum
2259 4985 2399 5035 illum
2429 4985 2718 5038 attulerunt
2745 4988 2858 5038 viro
2883 4987 2994 5048 Dei,
3029 4999 3311 5043 narrantes

1785 5071 2052 5132 miracula,
2084 5085 2198 5137 qua:
2244 5069 2452 5123 fuerunt
2495 5082 2658 5140 gesta.
2686 5072 2884 5138 Quibus
2915 5074 3311 5143 ille:Agamus.

1785 5161 1972 5227 inquit,
2001 5159 2340 5225 omnipotenti
2373 5160 2476 5212 Deo
2501 5161 2713 5227 gratias,
2742 5162 2826 5227 qui
2855 5163 2942 5215 dat
2964 5178 3136 5216 escam
3163 5167 3308 5217 omni

1786 5251 1950 5303 carni.
1987 5248 2318 5300 Commonuit
2363 5249 2519 5301 etiam
2552 5265 2659 5310 eos,
2694 5266 2758 5303 ne
2786 5251 2886 5304 hoc
2929 5253 3064 5314 idem
3093 5269 3190 5323 pro
3217 5270 3280 5307 cu

138 5344 283 5395 ille:
320 5342 430 5396 Non
473 5344 542 5396 ita
588 5345 709 5417 erit,
754 5346 937 5413 inquit,
985 5345 1073 5397 sed
1119 5344 1168 5395 in
1216 5344 1398 5396 diebus
1445 5344 1546 5395 tuis
1575 5344 1684 5396 haec
1773 5341 2017 5405 jusquam
2061 5339 2337 5389 sanctitate
2367 5337 2443 5388 vel
2479 5339 2687 5392 meritis
2715 5348 2886 5395 aetum
2921 5355 3140 5398 narrare
3174 5357 3311 5413 pra)-

140 5438 348 5491 erunt;
378 5444 473 5496 ego
515 5447 636 5484 vero
677 5443 871 5500 pestem
920 5432 1058 5484 illam
1108 5433 1157 5482 in
1188 5433 1286 5484 hoc
1312 5444 1530 5498 corpore
1577 5443 1678 5481 non

1780 5434 2066 5479 sumerent.

219 5575 246 5601 ι
274 5560 443 5626 Vulgo
471 5561 601 5615 Sior.
625 5564 863 5630 Antiquis
884 5563 1194 5623 Saxonibus,
1223 5570 1275 5612 ut
1297 5561 1449 5612 hodie
1475 5557 2002 5626 Septentrionalibus,
2030 5566 2132 5607 sror
2159 5571 2398 5622 magnum
2435 5558 2708 5622 signiﬁcat,
2752 5569 2803 5610 ct
2854 5559 3028 5626 Anglis
3067 5567 3199 5611 stare
3229 5570 3307 5614 est

147 5630 345 5682 alamd
364 5631 507 5681 ‘ntia.
