3886 6228
603 340 704 412 783

1546 346 1633 398 AD
1672 346 1726 396 S.
1767 342 2059 398 LCDGElll
2102 340 2381 427 δείκνυ
2422 338 2772 392 ΑΓΡΕΝΜΧ.
2848 374 2851 383 .

3655 334 3737 390 τδι

664 466 716 518 6.
755 462 880 518 Erat
908 458 963 514 S.
996 460 1264 528 Ludgerus
1286 458 1340 513 in
1360 456 1645 524 Scripturis
1673 454 1837 508 sacris
1879 468 1982 506 non
2011 466 2119 504 meo
2149 458 2193 511 Α
2220 457 2516 515 nuncupato
2556 448 2853 508 Billurbilte,
2885 447 2969 499 ubi
3017 445 3307 498 infirmatus
3360 446 3472 513 ipse
3515 457 3736 511 corpore.

600 552 849 608 diocriter
872 548 1124 610 eruditus,
1156 547 1290 600 sicut
1313 547 1365 598 in
1386 543 1521 597 libro
1564 544 1631 596 ab
1654 557 1718 596 eo
1749 542 2039 608 composito
2064 540 2131 591 de

605 642 722 694 \‘ita
749 636 1124 693 venerabilium
1151 635 1264 703 ejus
1291 632 1563 686 doctorum
1590 630 1830 699 Gregorii
1857 627 2056 682 scilicet
2080 634 2131 679 et

599 729 792 784 Albrici
841 734 1019 795 aperte
1056 725 1335 792 probatur;
1368 721 1461 776 sed
1507 728 1561 775 et
1587 718 1871 789 primordia
1900 718 1955 771 S.
1980 716 2134 771 Boni-

600 819 721 873 facii
771 817 1024 871 adventus
1074 820 1231 881 atque
1268 810 1629 872 ordinationis,
1683 823 1799 876 qua:
1848 806 2053 860 fuerant
2080 806 2131 859 in

601 906 703 961 alio
744 902 995 972 Opuseulo
1050 900 1435 970 praetermissa,
1480 898 1697 966 pulchro
1732 909 1970 949 sermone
2024 895 2135 961 ipse

600 994 935 1068 conscripsit.
955 988 1237 1057 Diseipulis
1255 988 1409 1041 etiam
1436 987 1545 1041 suis
1570 1000 1722 1041 inane
1743 986 1928 1039 diebus
1952 983 2133 1052 singu-

602 1083 667 1137 lis
688 1084 899 1136 tradere
916 1095 1010 1148 per
1035 1093 1090 1131 se
1109 1077 1368 1132 lectiones
1406 1091 1509 1129 non
1537 1073 1786 1143 neglexit,
1813 1080 1867 1127 et
1886 1070 2136 1140 quicquid

608 1173 663 1226 in
696 1172 862 1225 sacris
888 1169 1166 1223 Codicihus
1192 1167 1485 1221 faciendum
1528 1164 1741 1225 invenit,
1775 1163 1900 1215 illud
1935 1162 2137 1214 instan-

604 1260 805 1314 tissime
823 1257 1023 1312 studuit
1047 1256 1326 1311 obserrare
1351 1262 1407 1307 et
1431 1256 1639 1307 docere.
1660 1250 1885 1305 Caverat
1904 1264 2051 1317 ergo,
2073 1263 2138 1301 ne

516 1402 519 1407 .
605 1348 704 1402 sibi
728 1347 1008 1414 aliquando
1032 1358 1221 1399 nomen
1246 1341 1445 1396 faceret
1463 1341 1639 1403 inane,
1662 1347 1717 1393 et
1744 1339 1941 1392 idcirco
1956 1351 2141 1390 secun-

605 1439 728 1491 dum
756 1434 1065 1504 Apostolum
1082 1433 1260 1489 omnia
1275 1438 1579 1487 mensurate
1616 1429 1789 1483 facere
1821 1427 2138 1493 concupivit.

606 1523 896 1587 Cucullam,
918 1534 983 1578 eo
1023 1521 1162 1590 quod
1188 1519 1590 1589 promissionem
1619 1514 2003 1576 observationis
2032 1528 2143 1565 mo-

606 1614 1022 1667 nachorum-non
1052 1610 1271 1672 fecerat,
1300 1616 1511 1676 portare
1544 1606 1750 1667 desivit,
1784 1604 1937 1657 cilicii
1967 1611 2141 1655 tamen

605 1702 990 1763 indumentum,
1008 1682 1147 1767 quod
1168 1697 1334 1766 magis
1352 1695 1600 1750 abscondi
1630 1693 1819 1762 potuit,
1842 1692 1908 1745 ad
1926 1704 2138 1745 carnem

606 1805 771 1859 usque
800 1791 863 1843 ad
888 1788 1045 1841 ﬁnem
1066 1789 1184 1841 vita:
1212 1801 1319 1840 suae
1342 1785 1541 1840 habuit.
1568 1782 1757 1843 Carnis
1792 1798 1939 1838 esum
1980 1781 2140 1835 certis
2172 1779 2211 1834 Β

606 1879 930 1947 temporibus
955 1891 1060 1934 non
1120 1875 1321 1938 renuit;
1354 1874 1599 1941 satiatum
1644 1881 1818 1925 tamen
1849 1870 1992 1923 illum
2022 1870 2139 1921 cibo

604 1967 687 2019 vel
706 1974 849 2035 potu,
877 1963 1253 2033 discipulorum
1276 1960 1389 2029 ejus
1408 1976 1564 2015 nemo
1598 1975 1829 2027 unquam
1856 1959 2013 2021 vidit;
2048 1957 2140 2011 scil

605 2072 723 2110 eum
751 2057 817 2109 ad
841 2071 897 2110 se
922 2069 1067 2108 more
1098 2053 1252 2108 solito
1270 2068 1530 2122 pauperes
1559 2067 1620 2105 ac
1645 2050 1835 2104 divites
1854 2063 2141 2117 pransuros

609 2148 898 2209 invitasset,
931 2145 1099 2199 dulcia
1148 2152 1362 2198 sternte
1391 2143 1510 2195 vitae
1540 2141 1747 2193 illorum
1787 2139 2030 2192 cordibus
2058 2137 2141 2189 in-

612 2237 833 2289 fundere
864 2234 1175 2287 documenta
1201 2242 1303 2285 non
1332 2231 1576 2292 cessavit,
1600 2229 1668 2282 ita
1692 2237 1750 2281 ut
1770 2228 1885 2297 plus
1901 2227 2144 2294 spiritua-

614 2325 769 2385 lilius,
819 2337 976 2391 quam
1004 2321 1317 2375 carnalibus
1366 2320 1569 2373 deliciis
1612 2317 1786 2371 satiati
1830 2321 2139 2370 remearent.

610 2412 733 2464 Erat
760 2411 933 2478 itaque
954 2417 1101 2478 pater
1124 2423 1405 2478 egenorum
1429 2415 1483 2461 et
1511 2406 1783 2474 despector
1824 2404 1903 2457 sui
1935 2417 1949 2454 :
1978 2410 2029 2455 et
2056 2416 2139 2456 se-

611 2501 837 2556 candum
870 2498 1197 2568 Apostolum,
1237 2499 1313 2550 sic
1357 2512 1415 2550 se
1446 2495 1689 2550 omnibus
1716 2502 1959 2560 coeptare
1980 2507 2141 2545 cura-

609 2592 706 2652 vit,
734 2597 791 2643 ut
834 2589 1079 2642 omnibus
1101 2588 1349 2654 prodesse
1388 2585 1663 2653 potuisset.
1694 2584 1816 2637 Fuit
1851 2590 2026 2635 autem
2051 2596 2143 2633 cu-

610 2680 758 2746 piens
780 2676 952 2739 anxie,
980 2676 1149 2744 gratia
1175 2674 1416 2739 docendi,
1441 2673 1826 2727 Northmaanos
1856 2672 2022 2737 adire,
2052 2674 2142 2727 sed

613 2780 701 2817 rev
727 2762 945 2817 Carolus
968 2762 1265 2816 nullatenus
1286 2778 1554 2817 assensum
1579 2762 1818 2830 ptmbuit.

682 2856 731 2907 'l.
778 2853 1013 2921 Cumque
1058 2853 1388 2920 omnipotens
1432 2852 1569 2905 Deus
1613 2866 1893 2918 perennem
1948 2864 2147 2903 merce

614 2946 737 2996 dem
750 2943 968 2995 reddere
994 2940 1102 2993 suis
1122 2940 1220 3007 piis
1247 2940 1431 2993 studiis
1451 2939 1782 3001 decrevisset,
1809 2947 1928 2991 ante
1946 2938 2143 2992 obitum

613 3046 763 3085 suum
783 3030 1048 3109 aliquanto
1073 3039 1302 3097 tempore
1325 3030 1561 3098 corporis
1607 3029 1842 3083 molestia
1868 3031 2145 3097 depressus

2230 548 2285 591 ut
2310 552 2464 605 supra
2493 537 2782 598 retulimus,
2808 537 2897 589 sed
2924 531 3126 589 fervore
3149 534 3427 587 cliaritatis
3448 532 3648 586 validus
3667 536 3742 586 de-

2230 639 2349 684 vote
2369 631 2644 682 missarum
2665 628 2844 681 ultima
2875 627 3155 681 celebravit
3178 625 3459 689 solemnia;
3485 624 3572 678 ubi
3600 626 3739 683 etiam

2230 719 2339 785 ipsa
2391 716 2727 784 subsequenti
2758 725 2908 769 nocte
2952 716 3165 770 assistet.
3230 728 3317 768 ius
3347 713 3615 781 discipulis
3634 712 3743 765 dile-

2230 817 2367 859 ctam
2396 807 2615 860 Domluo
2645 807 2868 861 reddidit
2894 806 3142 866 animam.
3185 804 3241 857 la
3265 806 3379 873 ipsa
3408 804 3570 872 igitur
3591 803 3744 855 exitus

2232 899 2309 950 sui
2338 898 2466 949 hora
2492 896 2783 951 clementiae
2811 910 2917 948 sua:
2943 894 3193 956 Dominus
3218 892 3461 961 dignatus
3480 900 3559 945 est
3589 902 3744 945 osten-

2234 990 2357 1041 dere
2380 989 2606 1056 signum.
2636 985 2765 1039 Nam
2788 983 3059 1039 Gerl‘ridus
3084 985 3358 1053 presbyter
3385 998 3547 1051 nepos
3572 980 3681 1049 ejus
3705 991 3746 1033 et

2234 1092 2505 1131 successor
2528 1093 2647 1131 cum
2671 1085 2825 1130 nocte
2848 1075 3035 1129 eadem
3062 1089 3165 1126 una
3189 1088 3306 1125 cum
3341 1070 3612 1131 fratribus,
3637 1084 3746 1136 gra-

2233 1168 2303 1219 tia
2330 1166 2594 1227 visitan'li,
2620 1165 2683 1217 ad
2707 1164 2852 1216 illum
2884 1162 3104 1214 festinus
3127 1167 3479 1228 properasset,
3508 1166 3568 1211 et
3587 1156 3748 1224 paulu—

2233 1257 2339 1308 lum
2366 1256 2533 1307 adhuc
2556 1254 2757 1307 itineris
2777 1260 3087 1311 remaneret,
3112 1250 3357 1303 viderunt
3375 1258 3493 1300 ante
3516 1262 3575 1301 se
3595 1246 3747 1298 lumen

2236 1360 2501 1413 magnum,
2534 1344 2681 1411 quasi
2710 1343 2876 1411 ignem
2908 1341 2957 1393 in
2984 1330 3205 1392 sublime
3226 1337 3529 1397 ascendere,
3559 1349 3621 1388 ac
3643 1348 3749 1386 cun-

2236 1446 2347 1488 ctas
2367 1443 2514 1487 tetra:
2543 1432 2709 1486 noctis
2739 1431 2875 1485 illius
2904 1428 3157 1498 eﬂ'ugasse
3180 1429 3441 1481 tenebras.
3467 1425 3531 1479 Et
3555 1439 3647 1493 per
3663 1424 3745 1476 hoc

2237 1524 2413 1576 statim
2450 1523 2696 1575 indicium
2742 1521 3092 1589 intelligentes
3134 1518 3303 1571 sancti
3352 1532 3413 1569 ac
3457 1514 3752 1569 venerabilis

2237 1616 2335 1667 viri
2358 1616 2587 1675 obitum,
2636 1613 2772 1681 quod
2809 1612 3071 1678 reliquum
3108 1618 3221 1664 erat
3254 1610 3374 1671 viae,
3422 1622 3542 1661 cum
3583 1619 3751 1673 magna

2236 1702 2513 1755 velocitate
2541 1693 2870 1767 peregerunt,
2894 1696 3109 1765 jamque
3144 1711 3264 1751 eum
3305 1694 3605 1750 defunctum
3631 1694 3753 1745 inve-

2242 1798 2449 1853 nerunt,
2481 1798 2532 1843 et
2582 1789 2844 1843 subtiliter
2881 1788 3227 1856 requirentes,
3268 1790 3592 1853 agnoverunt
3634 1781 3755 1849 quod

2240 1882 2422 1934 eodem
2450 1880 2714 1939 momento
2732 1877 2840 1930 veri
2880 1875 3093 1927 luminis
3129 1874 3368 1927 assiduus
3396 1871 3685 1939 speculator
3706 1879 3751 1921 et

2242 1948 2444 2023 amator
2472 1968 2714 2036 migravit
2736 1967 2799 2021 ad
2825 1968 3243 2035 Dominum,quo
3261 1966 3337 2019 eis
3360 1964 3454 2017 fuit
3476 1978 3571 2031 per
3595 1962 3754 2014 lumen

2241 2067 2527 2112 ostensum.

2311 2145 2361 2198 8.
2383 2145 2557 2211 'lgitur
2577 2145 2813 2214 discipuli
2840 2161 2943 2200 non
2986 2145 3343 2208 immemores,
3373 2141 3596 2211 qualiter
3639 2140 3755 2193 idem

2245 2235 2490 2289 sacerdos
2516 2235 2717 2288 Domini
2746 2236 3071 2301 disposuerat
3099 2234 3267 2287 adhuc
3289 2232 3488 2294 vivens,
3508 2238 3567 2283 ut
3588 2230 3641 2282 in
3660 2228 3757 2280 loco

2243 2332 2540 2389 nuncupata
2568 2321 2863 2384 Weitbina,
2892 2322 2981 2375 ubi
3012 2322 3065 2373 in
3104 2320 3408 2374 haereditate
3451 2317 3660 2386 propria
3702 2315 3758 2367 ob

2244 2413 2597 2467 habitaculum
2628 2414 3001 2466 uzonaclwrum
3028 2411 3081 2464 in
3130 2411 3327 2464 honore
3371 2409 3427 2463 ὃ.
3470 2408 3756 2463 Salvatorls,

2242 2511 2437 2556 sancte
2457 2502 2550 2554 Dei
2580 2501 2872 2570 genitricis,
2903 2502 3171 2568 sanctique
3209 2498 3558 2566 apostolorum
3588 2497 3756 2565 princi-

2238 2591 2325 2657 pis
2352 2589 2494 2641 Petri
2523 2591 2632 2656 ipse
2658 2589 2953 2642 construxit
2996 2588 3299 2650 ecclesiam,
3336 2589 3451 2655 ejus
3476 2585 3753 2653 sepeliretur

2245 2695 2454 2748 corpus.
2488 2678 2590 2733 Sed
2618 2696 2735 2733 cum
2787 2680 2852 2732 ad
2905 2682 3003 2733 hoc
3049 2681 3327 2749 agendum,
3377 2677 3596 2747 populus
3641 2676 3759 2729 illius

2244 2776 2421 2822 saneta
2455 2768 2691 2822 recolens
2718 2769 2923 2829 merita,
2972 2771 3310 2823 vehementer
3339 2769 3620 2826 resisteret,
3651 2766 3758 2817 inito

2244 2858 2463 2909 consilio
2492 2859 2556 2910 ad
2582 2859 2959 2910 monasterium
2987 2859 3051 2910 ab
3069 2872 3132 2910 eo
3145 2865 3505 2910 constructum
3531 2853 3758 2908 vocabulo

2246 2944 2693 3012 Mimigerneford,
2725 2945 2788 2998 de
2834 2960 2938 3014 quo
2982 2948 3089 3015 jam
3133 2947 3373 3014 superius
3392 2946 3632 3005 diximus,
3661 2958 3757 3012 per-

2244 3034 2507 3095 duxerunt
2538 3032 2691 3097 illud;
2725 3042 2882 3102 atque
2915 3033 2966 3085 in
2993 3033 3214 3087 ecclesia
3260 3040 3455 3085 sanctze
3501 3032 3670 3085 Maria:
3694 3032 3757 3083 in-

612 3129 709 3174 est.
726 3102 796 3174 ln
822 3120 1125 3173 inﬁrmitate
1153 3127 1326 3172 tamen
1352 3120 1553 3186 positus
1579 3127 1828 3172 consueto
1857 3133 2000 3171 more
2026 3134 2145 3171 san-
2170 3098 2215 3158 ο
2244 3122 2518 3175 humatum
2534 3098 2885 3188 reliquerunt,
2928 3120 3096 3173 donec
3146 3120 3457 3187 venerabilis
3508 3120 3759 3187 episcopus

613 3209 713 3262 etis
741 3223 948 3277 semper
973 3207 1177 3260 actibus
1208 3207 1558 3260 intentissime
1583 3216 1809 3262 mentem
1852 3207 2146 3275 occupavit,

616 3305 705 3350 aut
732 3298 783 3349 in
806 3296 1116 3351 lectionibus
1139 3296 1302 3349 sacris
1330 3295 1606 3358 audiendo,
1629 3305 1717 3349 aut
1738 3297 1790 3358 in
1809 3296 2030 3348 Psalmis
2056 3311 2146 3347 ca-

618 3389 808 3450 nendo,
836 3384 917 3440 vel
946 3385 1103 3439 etiam
1131 3384 1181 3438 in
1208 3385 1327 3437 aliis
1350 3384 1671 3451 quibuslibet
1715 3356 1869 3437 rebus
1904 3384 2148 3450 spiritua-

618 3481 755 3534 libus
784 3478 1018 3548 agendo;
1052 3492 1118 3530 ne
1148 3490 1377 3545 unquam
1404 3492 1433 3527 a
1462 3490 1686 3543 superna
1710 3473 2150 3541 contemplatione

618 3569 869 3623 dissoluta
910 3564 1058 3621 mens
1101 3575 1411 3634 tepesceret,
1457 3574 1510 3619 et
1541 3581 1671 3633 pene
1700 3566 1883 3619 diebus
1931 3565 2151 3632 singulis

618 3662 897 3713 missarum
926 3664 1252 3712 sacramenta
1272 3655 1513 3723 quamvis
1534 3662 1763 3723 aegrotus
1805 3668 2040 3720 corpore,
2074 3654 2143 3705 in.

621 3749 863 3821 fatigatus
890 3758 1063 3801 tamen
1086 3745 1260 3799 animo
1289 3744 1587 3797 celebravit.
1630 3743 1746 3812 Ipso
1784 3758 1909 3797 vero
1934 3744 2018 3797 die
2046 3744 2148 3797 Do-

624 3855 652 3887 ll
680 3838 831 3899 iuico,
852 3853 969 3891 cum
988 3836 1040 3889 in
1062 3834 1397 3903 subsequenti
1421 3841 1571 3887 nocte
1593 3834 1655 3887 de
1677 3834 1777 3887 hoc
1797 3833 1988 3897 mundo
2012 3841 2151 3887 esset

622 3929 807 3981 iturus
831 3928 895 3981 ad
935 3925 1230 3987 Dominum,
1258 3924 1405 3992 quasi
1444 3922 2009 3987 valefaciens,;reditis
2052 3922 2150 3975 sibi

622 4018 863 4069 omnibus
888 4015 941 4067 in
969 4015 1172 4067 duabus
1192 4014 1301 4065 suis
1325 4012 1564 4066 ecclesiis
1585 4013 1787 4080 publice
1825 4011 2151 4081 praedicavit,

624 4120 775 4159 tuane
818 4104 1015 4157 scilicet
1058 4102 1110 4153 in
1149 4100 1281 4164 loco,
1332 4102 1421 4166 qui
1446 4100 1635 4153 dicitur
1658 4099 1900 4163 Coasfelt,
1932 4086 2145 4153 cauea..-

625 4194 927 4264 presbytero
952 4194 1181 4255 missam,
1214 4199 1266 4244 et
1303 4192 1440 4244 circa
1488 4192 1671 4245 horam
1718 4194 1926 4247 tertiam
1956 4196 2010 4247 in
2036 4190 2149 4249 loco

661 4322 921 4331 ’.το-...ιρι

2242 3210 2479 3264 ecclesia
2507 3209 2902 3272 Cadolonensis,
2934 3209 3273 3280 Hildigrimus
3310 3211 3540 3271 nomine,
3581 3220 3757 3276 germa-

2254 3313 2354 3349 nus
2383 3296 2615 3365 ejusdem
2644 3296 2745 3347 viri
2774 3295 2864 3348 Dei
2894 3304 3048 3363 atque
3092 3297 3327 3349 eruditus
3373 3296 3440 3349 ab
3474 3310 3556 3360 eo,
3606 3303 3759 3363 ageret

2234 3403 2364 3440 cum
2388 3386 2614 3455 glorioso
2641 3400 2763 3453 rege
2787 3384 3081 3449 Carolo,‘ut
3118 3386 3229 3453 ejus
3278 3388 3516 3455 imperio,
3548 3386 3650 3439 imo
3684 3384 3757 3436 Dei

2248 3477 2484 3541 consilio,
2515 3478 2565 3529 in
2592 3477 2727 3540 loco,
2758 3478 2845 3530 uti
2877 3478 2986 3545 ipse
3011 3478 3161 3530 vivus
3196 3477 3519 3538 decreverat,
3545 3482 3757 3528 sanctum

2250 3568 2388 3622 illius
2435 3570 2751 3623 condere-tur
2800 3582 3008 3636 corpus,
3059 3576 3204 3621 extra
3250 3566 3526 3621 ecclesiam
3561 3566 3611 3617 in
3628 3573 3758 3632 parte

2250 3659 2489 3720 orientis,
2519 3667 2577 3710 ut
2608 3658 2837 3723 jusserat
2874 3659 3025 3726 ipse:
3063 3674 3167 3710 non
3214 3658 3353 3711 enim
3395 3666 3511 3710 erat
3554 3668 3757 3721 unquam

2250 3736 2602 3809 consentiens,
2627 3754 2684 3799 ut
2710 3748 2760 3799 in
2781 3747 3003 3800 ecclesia
3028 3762 3121 3800 sua
3144 3756 3447 3799 consecrata
3476 3745 3760 3813 sepeliretur

2237 3854 2440 3907 corpus
2467 3838 2768 3891 humanum.
2816 3838 3103 3892 Defunctus
3130 3846 3211 3891 est
3251 3838 3428 3904 itaque
3454 3849 3592 3888 anno
3615 3832 3759 3886 domi-

2251 3930 2382 3982 nica”:
2438 3928 2813 3981 incarnationis
2863 3928 3294 3996 octingentesimo
3347 3940 3511 3983 nono,
3565 3921 3755 3990 septima

2251 4018 2512 4070 Kalendas
2532 4017 2744 4085 Aprilis,
2776 4026 2826 4069 ct
2856 4018 3121 4069 tricesimo
3149 4013 3377 4068 secundo
3402 4013 3484 4065 die
3512 4012 3590 4064 sui
3615 4008 3757 4062 sancti

2246 4108 2437 4169 obitus,
2464 4107 2562 4161 hoc
2588 4116 2688 4172 est,
2716 4116 2861 4161 sexto
2888 4108 3147 4160 Kalendas
3164 4106 3280 4159 Maii
3305 4103 3524 4158 miriﬁce
3543 4101 3752 4168 fingi-an:

2248 4199 2299 4250 in
2325 4198 2508 4253 eodem
2537 4200 2649 4253 loco
2673 4199 2902 4267 sepultus
2924 4209 3018 4252 est.

1792 4414 2083 4495 LIBER
2143 4423 2601 4498 TERTIUS.

2035 4562 2369 4578 ,ι’-Ψ

698 4640 745 4689 1.
786 4637 968 4687 Divina
994 4633 1151 4702 igitur
1174 4633 1399 4686 donante
1445 4634 1739 4696 clementia,
1774 4642 1830 4685 ut
1858 4634 2008 4685 vivus
2034 4642 2155 4685 ante
2187 4636 2231 4692 D
2258 4634 2467 4701 proprio
2492 4633 2712 4695 vocavit,
2742 4631 2918 4685 dicens
2946 4647 2957 4682 :
2991 4630 3273 4697 lrmenger,
3294 4629 3511 4699 vigilas?
3537 4627 3631 4695 Qui
3654 4641 3752 4682 eum

628 4728 940 4784 desideravit
969 4722 1228 4794 profuisse
1256 4722 1451 4783 multis,
1478 4724 1552 4775 sic
1578 4724 1735 4776 etiam
1774 4734 1889 4790 post
1916 4722 2029 4790 ejus
2047 4720 2159 4773 obi-

631 4831 739 4873 tum
769 4824 947 4871 sancta
973 4814 1112 4867 illius
1154 4814 1337 4866 merita
1365 4811 1635 4881 suffragari
1665 4828 1765 4883 non
1790 4820 2017 4873 cessant,
2045 4813 2160 4878 qni-

632 4908 844 4960 busziam
872 4904 1022 4971 longe
1046 4900 1393 4963 manentibus,
1424 4892 1729 4967 quibusdam
1753 4902 1909 4954 etiam
1937 4899 2000 4952 ad
2024 4890 2161 4951 illius

632 4994 924 5061 sepulcrum
972 4987 1301 5049 meantibus,
1350 4988 1465 5041 aliis
1503 5003 1627 5041 vero
1664 4988 1767 5040 illic
1810 4989 2157 5049 manentibus,

633 5083 712 5135 vel
742 5080 858 5134 inde
885 5080 1094 5131 domum
1120 5075 1485 5138 redeuntibus;
1513 5092 1576 5128 ex
1603 5075 1790 5142 quibus
1813 5091 1894 5137 ea,
1938 5092 2052 5141 quin
2095 5076 2158 5127 ad

636 5170 940 5225 memoriam
970 5166 1205 5227 veniunt,
1226 5163 1543 5221 intimamus.

706 5258 824 5309 Fuit
851 5255 1058 5324 quidam
1092 5252 1142 5303 in
1166 5265 1299 5318 pago
1345 5250 1537 5319 North
1578 5252 1889 5319 Iriuiugerus
1929 5253 2160 5314 nomine,

638 5350 724 5418 qui
756 5347 922 5398 cidem
940 5352 1122 5397 sancto
1148 5341 1379 5410 Ludgero
1411 5342 1461 5393 in
1476 5341 1747 5408 juventute
1772 5342 2050 5401 serviebat,
2079 5342 2163 5393 cui

640 5435 871 5501 contigit,
900 5442 955 5482 ut
983 5433 1155 5484 lumen
1181 5429 1447 5484 oculorum
1496 5430 1778 5491 amitteret,
1818 5437 1870 5482 et
1914 5430 2163 5482 tredecim

641 5529 791 5579 annis
816 5522 1077 5577 continuis
1098 5523 1149 5573 in
1170 5521 1402 5575 cmcitate
1434 5522 1736 5589 permansit.
1753 5520 1845 5572 Cui
1868 5530 2017 5573 nocte
2038 5536 2165 5587 qua-

644 5619 760 5669 dazn
778 5624 986 5669 sanctus
1006 5612 1086 5666 vir
1098 5626 1191 5680 per
1206 5612 1455 5664 visionem
1472 5611 1727 5677 apparuit,
1746 5619 1797 5661 et
1817 5624 1933 5663 cum
1958 5609 2165 5661 nomine

2259 4735 2314 4773 se
2338 4719 2552 4785 vigilare
2576 4718 2798 4779 diceret,
2832 4716 2999 4786 tetigit
3029 4715 3212 4769 facient
3241 4716 3353 4783 ejus
3373 4716 3582 4769 dicens:
3613 4713 3752 4769 Sicuti

2259 4810 2470 4877 reliqua:
2502 4810 2599 4861 hoc
2626 4810 2676 4861 in
2700 4807 2813 4861 loco
2863 4806 3006 4861 color
3042 4805 3309 4859 dissimilis
3353 4804 3661 4874 apparuerit,
3687 4801 3753 4856 die

2260 4900 2481 4953 Dindoni
2507 4898 2715 4952 domino
2748 4908 2856 4960 tuo,
2887 4906 2944 4950 ut
2971 4906 3022 4950 te
3050 4896 3205 4949 faciat
3225 4896 3402 4949 venire
3427 4894 3491 4949 ad
3509 4892 3751 4949 ecclesiam

2261 5005 2431 5042 meam
2458 4988 2508 5041 in
2534 4989 2825 5049 Werthina,
2852 5002 3008 5053 quam
3052 4985 3254 5039 ibidem.
3275 4985 3494 5039 Domino
3515 4982 3751 5040 fabricavi,

2261 5078 2348 5131 ubi
2374 5080 2530 5130 etiam
2558 5091 2744 5144 corpus
2773 5090 2944 5129 meum
2969 5075 3232 5143 sepultura
3262 5074 3468 5143 tegitur,
3510 5082 3565 5126 et
3588 5071 3652 5125 ibi
3673 5068 3753 5123 Do-
3844 5116 3845 5127 χ

2263 5168 2405 5219 mina
2430 5166 2677 5232 largiente
2729 5166 2901 5218 lmren
2952 5165 3222 5219 oculorum
3264 5163 3503 5232 recipies.
3538 5161 3753 5227 Quicum
3844 5144 3845 5153 ‘

2261 5256 2433 5307 taliter
2461 5254 2645 5307 fuisset
2671 5256 2984 5315 admonitus,
3013 5252 3245 5305 narravit
3272 5252 3483 5305 domino
3502 5264 3595 5305 suo
3624 5244 3752 5317 quale

2262 5358 2290 5393 a
2320 5351 2500 5394 sancto
2530 5342 2638 5393 viro
2665 5343 2963 5394 mandatum
3001 5350 3293 5406 acceperat,
3331 5347 3384 5391 et
3424 5336 3595 5399 simul.
3640 5334 3752 5404 quod

2260 5415 2410 5482 faciei
2458 5427 2569 5493 ejus
2610 5431 2926 5497 imposuerat
2969 5431 3190 5496 signum,
3220 5426 3466 5491 ostendit,
3500 5425 3633 5494 quod
3660 5429 3753 5474 erat

2253 5520 2401 5587 juxta
2434 5521 2645 5572 verbum
2672 5520 2760 5571 Dei
2785 5519 2879 5570 viri
2902 5518 3149 5571 dissimile
3182 5516 3286 5568 culi
3317 5514 3525 5583 reliqum
3542 5510 3753 5568 omnibus

2265 5608 2441 5660 diebus
2471 5610 2586 5659 vit-.u
2610 5623 2731 5661 sum.
2782 5607 2926 5660 Tunc
2961 5606 3196 5658 dominus
3226 5617 3350 5656 suus
3379 5618 3480 5657 una
3518 5616 3629 5655 cum
3654 5611 3754 5652 cim-
