3886 6228
166 428 266 486 785

1431 420 1603 474 ACTA
1642 419 1699 473 S.
1736 416 2045 473 ιυοοιεῐυ.

3214 423 3310 477 786

152 494 275 607 iuge
302 555 394 594 sua
420 537 485 591 ad
514 536 752 589 eumdem
797 540 964 587 locum
1007 532 1410 602 gratulabundus
1435 544 1675 599 pergens,
1703 528 1755 584 Α
1778 524 1945 585 baculi
1982 543 2076 596 per
2102 528 2211 582 dies
2233 501 2500 597 plurimos.
2539 530 2773 599 Cumque
2817 539 2968 601 pace;-
3002 535 3140 586 illius
3178 533 3311 599 533;-

156 623 334 682 secum
364 629 533 697 ipsum
561 623 901 691 lrmingerum
928 622 1092 676 duxit.
1140 619 1367 688 Contigit
1405 618 1586 680 etiam,
1621 624 1681 669 ut

156 719 457 774 Gerfridnm
476 717 776 785 episcopum
800 714 858 769 S.
880 715 1101 781 Ludgeri
1130 706 1371 780 nepotem
1398 718 1454 765 et
1469 726 1682 765 succes-

157 826 328 865 sorem
356 823 457 863 una
477 823 595 862 cum
615 807 866 860 fratribus
885 814 938 858 et
962 803 1230 857 monachis
1272 802 1565 857 invenirent
1585 798 1678 863 ibi,

154 896 344 967 quibus
372 912 490 951 cum
504 905 651 965 gesta
670 902 963 957 narrarent,
986 891 1222 947 fecerunt
1238 888 1477 943 eumdem
1497 886 1682 941 lrmin-

154 1002 339 1054 gerum
387 986 437 1038 in
490 983 701 1053 praefata
746 982 965 1037 ecclesia
989 996 1051 1034 ea
1078 985 1228 1034 nocte
1262 977 1458 1045 jacere,
1496 976 1549 1029 in
1574 990 1677 1044 qua

155 1091 274 1128 cun‘
305 1083 506 1129 orasset
532 1081 584 1127 et
621 1072 908 1141 vigilasset,
932 1070 1178 1124 continuo
1214 1083 1309 1135 per
1332 1067 1424 1133 Dei
1456 1065 1678 1133 gratiam

152 1164 330 1217 lumen
351 1161 620 1217 oculorum
642 1158 837 1227 recepit
860 1159 1141 1212 secundum
1167 1156 1327 1209 verba
1350 1154 1448 1206 viri
1474 1152 1586 1206 Dei.
1623 1153 1678 1204 ln

151 1254 337 1305 eadem
364 1260 515 1305 nocte
529 1252 668 1304 circa
690 1249 945 1317 gallorum
959 1255 1193 1309 cantum,
1211 1252 1334 1298 ante
1382 1244 1678 1313 sepulcrum

152 1340 251 1392 viri
285 1334 380 1393 Dei
425 1339 611 1392 mulier
633 1338 870 1407 quaedam
901 1335 1191 1403 paralytica
1227 1340 1439 1401 repente
1463 1324 1676 1403 sanitati

151 1430 389 1496 corporis
412 1431 647 1482 restituta
676 1436 774 1488 est,
804 1435 855 1479 et
884 1426 1012 1479 abiit
1032 1416 1680 1493 incolumis,magnificans

150 1521 340 1583 Deum,
365 1520 451 1589 qui
482 1534 575 1587 per
599 1510 806 1572 servum
835 1531 986 1569 suum
1006 1523 1113 1567 tam
1146 1506 1317 1566 subito
1336 1527 1453 1565 eam
1493 1526 1678 1565 curare

148 1610 395 1677 dignatus
417 1618 517 1661 est.

214 1696 268 1747 ‘3.
306 1695 364 1747 ln
389 1711 518 1763 pago
541 1694 772 1762 Suderge
796 1676 924 1765 [Αὶη
956 1691 1246 1771 sudergoe]
1275 1698 1515 1744 matrona
1539 1705 1680 1758 qum-

145 1784 268 1836 dam
322 1782 529 1834 nomine
575 1780 851 1851 Sigiburcli
879 1783 1118 1835 colonum
1149 1780 1330 1833 habuit
1370 1778 1676 1832 Reinoldum

1780 613 1960 668 bemus
1980 617 2208 680 nomine,
2225 617 2334 684 jam
2353 628 2479 674 tunc
2497 620 2783 676 monachus
2796 629 2960 676 tracta
2969 640 3023 676 re
3043 626 3307 691 cmpisset,

1780 701 1825 754 si
1854 702 2026 771 aliqua
2049 705 2372 759 medicorum
2410 708 2682 762 curatione
2708 712 2997 766 contractio
3028 726 3311 765 nervorum

1779 790 1894 858 eius
1920 791 2144 845 relaxari
2166 795 2452 862 potuisset;
2480 810 2603 849 ecce
2625 800 2870 852 sacerdos
2886 799 3089 853 Domini
3112 799 3313 869 Ludge—

1779 892 1872 932 rus
1894 878 2065 934 eidem
2088 881 2401 936 scholastice
2427 884 2478 936 in
2504 893 2649 938 veste
2680 888 2989 941 sacerdotali
3012 889 3231 941 cidarim
3260 890 3312 941 in

1778 969 1950 1035 capite
1973 978 2205 1049 gestans,
2224 985 2319 1041 per
2345 973 2598 1027 visionem
2625 976 2883 1042 apparuit,
2914 978 3093 1031 dicens
3122 998 3132 1029 :
3162 978 3308 1039 Vide,

1779 1070 1846 1110 ne
1867 1072 1963 1124 pro
1994 1073 2080 1123 eo,
2107 1062 2247 1127 quod
2256 1063 2480 1129 pateris,
2497 1065 2759 1118 carnalem
2785 1066 2972 1120 alicubi
2993 1068 3316 1122 medicinam

1778 1146 2317 1214 qumrereprzes‘umas
2332 1151 2483 1216 ;quia
2507 1152 2551 1204 si
2573 1152 2677 1205 hoc
2704 1152 2909 1217 feceris,
2930 1154 3123 1207 nullam
3149 1156 3315 1224 ipsius

1777 1233 2138 1289 medicaminis
2176 1238 2500 1291 curationem
2550 1239 2796 1307 recipies,
2841 1249 2895 1295 et
2941 1241 3184 1295 similiter
3218 1257 3313 1310 pro

1774 1321 1991 1375 levitate
2002 1338 2065 1377 ac
2078 1326 2263 1391 puerili
2285 1318 3005 1397 mobilitateincrepaviteum
3029 1338 3083 1383 et
3106 1333 3312 1385 absces.

1777 1409 1863 1462 sit.
1889 1409 2039 1465 Mane
2059 1422 2233 1466 autem
2260 1412 2423 1478 facto,
2449 1416 2683 1468 narravit
2707 1432 2825 1485 quae
2850 1418 3051 1472 viderat
3076 1437 3087 1471 :
3118 1429 3170 1473 et
3194 1435 3312 1475 cum

1777 1497 1865 1551 die
1886 1501 2071 1555 eodem
2095 1503 2324 1570 peractis
2338 1506 2651 1572 vespertinis
2672 1506 2911 1560 laudibus
2932 1508 3144 1561 domum
3171 1510 3314 1563 inﬁr-

1777 1602 2005 1654 morum,
2036 1590 2090 1643 in
2114 1606 2216 1658 qua
2240 1593 2287 1645 ei
2314 1593 2489 1660 priore
2516 1600 2668 1649 nocte
2690 1596 2773 1648 vir
2799 1604 3009 1649 sanctus
3035 1613 3130 1671 per
3156 1598 3313 1667 visio:

1779 1693 1898 1731 nem
1930 1676 2185 1749 apparuit,
2216 1683 2480 1745 intrasset,
2529 1685 2863 1739 cernentibus
2904 1684 3173 1750 fratribus,
3222 1688 3310 1754 qui

1779 1768 1887 1822 illic
1911 1770 2130 1823 aderant
2155 1785 2220 1823 cx
2248 1771 2441 1839 templo
2484 1773 2553 1825 ad
2596 1782 2791 1827 terram
2820 1776 3035 1840 corruit,
3063 1785 3116 1829 et
3138 1784 3309 1830 erecta

146 1872 379 1935 nomine,
411 1870 559 1938 cujus
583 1847 715 1927 uror
740 1872 893 1940 longa
935 1870 1241 1940 (egritudine
1266 1871 1508 1937 depressa
1532 1869 1677 1939 jace-

1780 1856 1995 1937 estejus
2019 1857 2147 1909 tibia
2175 1847 2510 1923 sine'dolore,
2539 1851 2949 1930 audiebatur-que
2969 1866 3170 1918 sonitus
3195 1881 3313 1919 ner-

147 1964 259 2025 bat,
286 1977 350 2014 ac
377 1974 509 2029 pene
532 1960 857 2029 corporalem
878 1960 1150 2028 desperata
1173 1959 1411 2013 salutem.
1437 1955 1566 2011 Cum
1588 1956 1680 2026 igi-

144 2060 231 2102 tur
276 2056 431 2103 nocte
492 2050 716 2117 quadam
760 2050 898 2102 inter
951 2064 1090 2117 aegra
1136 2046 1360 2116 suspiria
1416 2043 1681 2113 paululum

144 2136 383 2207 membra
434 2135 636 2190 defessa
669 2136 971 2190 laberentur
1004 2137 1055 2188 in
1111 2125 1368 2197 somnum,
1420 2134 1550 2186 vidit
1587 2146 1683 2199 per

144 2226 409 2279 somnium
454 2226 728 2293 quemdam
771 2226 1115 2279 assistentem,
1142 2231 1194 2277 et
1238 2222 1501 2277 dicentem
1539 2223 1678 2276 sibi:

145 2314 390 2381 Loquere
432 2329 552 2368 cum
580 2313 817 2383 Ludgero
846 2314 1105 2382 episcopo.
1153 2313 1221 2366 At
1264 2311 1369 2375 illa,
1399 2318 1457 2363 ut
1498 2318 1678 2378 postea

144 2416 368 2461 narrare
388 2402 603 2465 solebat,
640 2418 735 2455 nec
763 2403 991 2471 graviter
1021 2402 1303 2463 dormiens,
1336 2415 1432 2453 nec
1455 2394 1684 2467 perfecte

144 2489 390 2556 vigilans,
418 2489 547 2542 vidit
562 2490 704 2542 illum
727 2498 951 2543 stantem
971 2489 1036 2541 ad
1054 2490 1308 2541 orientem
1329 2476 1637 2541 conversum
1663 2478 1695 2538 ε’

144 2593 377 2645 cumque
391 2594 509 2631 eum
534 2578 726 2647 alloqui
752 2593 853 2631 non
871 2585 1226 2647 prtesumeret,
1256 2575 1340 2630 ille
1362 2591 1515 2630 verso
1534 2576 1679 2630 vultu

142 2666 211 2718 ad
232 2681 352 2719 eam
382 2667 547 2733 inquit
572 2680 588 2718 :
611 2665 827 2720 Probavi
852 2666 1155 2736 patientiam
1190 2674 1352 2727 tuam,
1373 2660 1678 2732 patientiam

144 2755 342 2807 habeto
365 2762 417 2808 et
441 2753 690 2808 Dominus
716 2756 922 2809 curabit
950 2763 1020 2808 te.
1047 2753 1309 2822 Completa
1332 2769 1456 2822 ergo
1480 2753 1679 2808 visione

142 2848 353 2893 tantum
382 2844 612 2917 vigorem
632 2845 834 2911 accepit
860 2859 1050 2913 corpus
1074 2844 1205 2911 ejus,
1251 2851 1308 2895 ut
1334 2857 1464 2910 pene
1508 2843 1573 2895 ab
1616 2857 1678 2896 ea

146 2929 425 2982 tolleretur
446 2930 694 2995 memoria
715 2932 907 2999 prioris
953 2930 1233 2995 molestae;
1268 2941 1320 2983 et
1353 2931 1493 2984 facto
1526 2945 1679 2988 mane

142 3016 267 3070 laeta
298 3019 544 3081 surrexit,
591 3033 812 3073 narrans
856 3019 1090 3073 ordinem
1129 3034 1237 3072 sua:
1265 3018 1675 3088 restaurationis.

143 3108 243 3159 V'ir
268 3115 443 3161 autem
466 3106 579 3173 ejus
605 3114 658 3161 et
680 3106 772 3161 ﬁlii
795 3122 913 3161 cum
945 3105 1145 3161 familia
1188 3107 1567 3175 congaudentes
1589 3090 1679 3159 be-

144 3196 466 3251 nedixerunt
492 3169 683 3263 Deum.
709 3195 779 3248 At
797 3195 885 3250 illa
923 3196 1166 3264 deinceps
1194 3195 1247 3249 S.
1283 3169 1505 3265 budgeﬁ
1549 3210 1676 3249 con-
1703 3169 1749 3230 (ἶ

145 3294 393 3341 sueverat
414 3301 529 3340 etim
559 3286 845 3355 gratiarum
889 3287 1093 3339 actione
1120 3286 1332 3339 visitare
1359 3284 1674 3353 sepulcrum,

143 3376 233 3429 cui
282 3376 441 3428 etiam
486 3375 715 3443 posthaec
762 3374 1047 3429 revelatum
1087 3382 1168 3428 est
1208 3372 1347 3442 quod
1377 3387 1528 3426 sacro
1572 3387 1677 3425 non

145 3474 295 3519 esset
317 3459 487 3517 abluta
508 3466 840 3533 baptismate,
864 3470 916 3518 et
942 3463 1171 3531 ejusdem
1192 3463 1523 3518 revelationis
1541 3462 1679 3515 veri-

146 3562 257 3607 tate
278 3562 542 3621 comperta
568 3554 813 3622 baptismi
835 3556 1062 3622 suscepit
1089 3556 1330 3622 gratiam.
1462 3606 1497 3640 ﬁ

213 3644 271 3696 3.
312 3642 457 3696 Alius
481 3642 692 3710 quidam
717 3642 1017 3696 Berthricus
1040 3642 1246 3696 nomine
1266 3644 1319 3695 in
1346 3643 1527 3696 eodem
1543 3657 1678 3710 pago

142 3733 367 3785 colonus
392 3730 563 3799 lgonis
598 3732 761 3785 nostri
787 3732 1099 3801 presbyteri,
1146 3740 1198 3785 et
1220 3732 1416 3785 alumni
1456 3730 1512 3785 S.
1540 3732 1677 3785 Lud-

142 3820 285 3888 geri,
315 3818 474 3874 ﬁliam
523 3820 705 3877 habuit
748 3820 1183 3881 adolescentulam
1210 3820 1436 3891 paralysi
1486 3821 1677 3874 dolori-

144 3912 356 3978 busque
377 3910 695 3963 destitutam.
718 3910 817 3975 Qui
857 3926 973 3964 cum
1008 3909 1197 3963 famam
1225 3911 1391 3964 sancti
1421 3910 1671 3971 audisset,

142 4016 239 4068 spe
269 4000 455 4068 puella:
475 4000 713 4055 sanitatis
755 4012 1005 4057 accensus
1048 4009 1254 4065 arrepto
1282 3999 1555 4052 itineread
1586 4015 1671 4053 sa-'

144 4104 305 4142 crum
328 4088 461 4140 illius
487 4088 777 4155 sepulcrum
803 4090 1086 4155 perducere
1110 4101 1225 4140 eam
1248 4085 1528 4141 festinavit.
1550 4088 1674 4153 Qui-

136 4179 249 4252 bus
280 4176 402 4229 iiluc
451 4174 802 4243 pergentibus,
835 4175 969 4228 dixit
1010 4174 1095 4227 illa
1123 4173 1273 4227 fratri
1304 4189 1417 4238 suo,
1446 4176 1535 4243 qui
1556 4189 1673 4230 cum

147 4274 277 4318 alue
306 4264 654 4331 seequitando
682 4264 734 4316 in
758 4278 883 4331 sago
911 4262 1126 4334 ferebat,
1158 4262 1353 4315 nullum
1382 4278 1438 4316 se
1466 4263 1519 4315 in
1560 4278 1675 4317 cor-

1776 1942 1957 2000 votum
1983 1949 2035 2001 in
2058 1947 2272 2023 poplite,
2317 1952 2401 2005 ae'
2421 1949 2465 2005 si
2510 1952 2618 2006 illic
2644 1962 2907 2008 sarmenta
2939 1955 3075 2008 siCca
3106 1955 3312 2025 frange-

1778 2046 1977 2101 rentur,
2006 2045 2059 2092 et
2088 2040 2319 2093 surrexit
2337 2041 2585 2096 continuo
2608 2058 2788 2108 sanus,
2815 2044 2945 2097 nihil
2972 2044 3202 2099 sentiens
3223 2048 3311 2099 de—

1775 2125 1992 2180 bilitatis
2036 2127 2292 2195 pristiam,
2339 2129 2441 2183 sed
2475 2130 2715 2185 exultans
2760 2124 2863 2185 una
2899 2148 3019 2186 cum
3062 2132 3312 2187 fratribus

1777 2217 2041 2271 referebat
2066 2219 2172 2272 Deo
2196 2218 2396 2274 laudes.
2426 2219 2539 2289 Ipse
2565 2232 2692 2275 vero
2721 2206 2965 2290 deinceps
3003 2221 3150 2288 juxta
3194 2237 3323 2277 verm

1776 2308 1900 2362 bum
1946 2309 2044 2363 viri
2091 2309 2185 2363 Dei
2228 2311 2391 2363 vitam
2446 2326 2595 2365 suam
2630 2313 2845 2366 cautius
2889 2312 3155 2383 corrigere
3202 2324 3310 2368 stu-

1780 2398 1912 2451 duit.
2082 2461 2088 2469 ι

1844 2486 1895 2539 5.
1935 2488 2111 2556 Puella
2140 2490 2377 2557 quaedam
2405 2491 2615 2544 nomine
2660 2490 2936 2545 Modswith
2982 2472 3157 2545 lumen
3182 2494 3311 2545 anti-

1776 2583 1915 2628 serat
1938 2576 2229 2641 oculorum,
2252 2586 2306 2631 et
2326 2578 2445 2655 _siuc
2468 2578 2663 2632 lumine
2685 2580 2950 2633 duodenos
2971 2594 3174 2633 menses
3190 2594 3311 2647 per-
3339 2631 3361 2645 ,

1777 2664 1987 2727 mansit,
2011 2672 2070 2716 ut
2093 2679 2191 2718 nec
2218 2672 2469 2719 extrema:
2496 2664 2597 2719 frui
2622 2667 2823 2720 valeret
2868 2667 3103 2723 visionis.
3157 2667 3312 2721 l‘atcr

1774 2766 1899 2805 vero
1915 2760 1967 2804 et
1978 2760 2147 2804 mater
2169 2747 2440 2837 audientes
2454 2752 2647 2808 famam
2671 2752 2838 2837 sancti
2854 2755 3098 2827 Ludgeri,
3113 2768 3307 2823 quanta

1773 2859 1867 2912 per
1885 2858 2003 2897 cum
2027 2842 2222 2898 faceret
2245 2826 2495 2900 Dominus
2520 2846 2583 2899 ad
2605 2826 3013 2903 consolationem
3041 2848 3309 2903 inﬁrman-

1775 2932 1925 2993 tium,
1939 2940 2152 2999 peracto
2167 2932 2354 2987 itinere
2366 2937 2723 3001 perduxerunt
2741 2948 2857 2989 eam
2874 2938 2938 2991 ad
2960 2939 3308 3007 supradictani

1774 3020 2068 3102 ecclesiam,
2097 3020 2150 3071 in
2174 3036 2282 3087 qua
2306 3032 2519 3090 accepta
2543 3023 2751 3079 licentia
2779 3041 2887 3079 una
2901 3030 3018 3080 cum
3048 3043 3183 3081 casca
3205 3027 3310 3082 ﬁlia

1779 3120 1898 3162 ante
1917 3110 2210 3178 sepulcrum
2225 3112 2747 3181 egregiiconfessoris
2768 3115 2820 3168 in
2843 3117 3083 3172 oratione
3130 3126 3306 3171 trans-

1776 3216 1931 3270 egere
1951 3211 2157 3258 noctem
2181 3220 2194 3256 :
2227 3218 2380 3258 mane
2401 3214 2573 3258 autem
2602 3204 2741 3283 facto
2782 3206 2917 3260 dixit
2936 3222 2992 3261 se
3012 3208 3180 3276 puella
3198 3208 3307 3276 jam

1776 3293 2014 3360 proprias
2031 3293 2210 3347 videre
2236 3307 2390 3361 posse
2411 3310 2599 3349 manus
2628 3313 2641 3347 :
2668 3304 2723 3350 et
2762 3297 2840 3351 sic
2861 3297 3112 3366 largiente
3136 3298 3310 3352 Domi-

1778 3396 1845 3434 no
1871 3381 2044 3435 lumen
2063 3381 2315 3448 paulatim
2342 3398 2581 3437 crescere
2605 3386 2783 3452 cepit,
2809 3393 2869 3438 ut
2918 3396 3196 3454 antequam
3222 3392 3313 3439 do-

1776 3483 1916 3520 mum
1953 3468 2215 3533 rediisset,
2254 3469 2395 3525 clare
2425 3470 2603 3527 videre
2627 3466 2903 3541 potuisset,
2949 3483 3108 3545 atque
3150 3476 3201 3527 in
3228 3461 3312 3528 Aea

1774 3556 1989 3618 donum,
2014 3556 2151 3624 quod
2180 3566 2326 3611 caret
2352 3558 2617 3625 ﬁgmento,
2648 3568 2759 3615 tota
2771 3562 3056 3630 permansit
3079 3571 3251 3615 aetate.

1842 3644 1894 3699 6.
1929 3646 2043 3698 Alia
2096 3647 2519 3715 quoque-puella
2567 3662 2599 3699 a
2649 3648 2907 3702 dmmonio
2955 3657 3102 3702 muto
3125 3658 3310 3702 vexata

1773 3734 2022 3799 perducta
2048 3742 2129 3786 est
2154 3736 2591 3792 admemoratam
2610 3736 2907 3801 ecclesiam,
2932 3752 3087 3806 quam
3114 3752 3230 3791 mox
3256 3744 3309 3789 ut

1776 3822 2348 3891 ingressafuittstatim
2372 3825 2441 3877 ab
2460 3838 2523 3902 ea
2540 3825 2756 3893 spiritus
2781 3825 3082 3881 immundus
3098 3825 3307 3880 absces-

1777 3908 1865 3973 sit,
1895 3917 1949 3961 et
1973 3910 2147 3967 luctata
2172 3919 2270 3972 est,
2298 3925 2414 3979 qua:
2441 3910 2615 3968 fuerat
2650 3920 2819 3976 muta;
2870 3914 3310 3980 interrogavitque

1777 4006 1995 4050 matrem
2016 4014 2200 4061 suam;
2228 4000 2489 4066 quomodo
2511 3999 2637 4053 illuc
2659 4002 2962 4056 adveniret?
2988 4001 3054 4054 Et
3079 4002 3217 4067 dixit
3252 4017 3311 4057 se

1777 4083 1964 4136 famem
1991 4086 2118 4152 pati.
2148 4085 2243 4137 Cui
2272 4100 2391 4139 cum
2422 4094 2592 4139 mater
2639 4088 2989 4141 miserabilem
3012 4089 3312 4156 passionem

1775 4186 1924 4226 suam
1950 4188 2012 4227 ex
2038 4172 2222 4227 ordine
2242 4173 2530 4237 retulisset,
2552 4177 2838 4243 prostravit
2865 4189 2922 4228 se
2970 4184 3091 4229 ante
3138 4176 3309 4243 sepul-

1772 4278 1918 4315 crum
1941 4262 2149 4315 atbletae
2172 4262 2287 4327 Dei,
2314 4262 2511 4331 gratias
2552 4278 2712 4331 agens
2756 4264 2977 4317 Domino
3000 4262 3304 4328 -Salvatori,

143 4368 284 4421 pore
306 4354 527 4405 sensisse
547 4352 797 4405 dolorem.
819 4351 1093 4407 Acdeiude
1114 4352 1674 4421 subjunxit:Deponite
1770 4350 1860 4418 qui
1889 4363 1982 4416 per
2008 4364 2217 4403 servum
2245 4364 2396 4402 suum
2427 4339 2621 4403 de‘tam
2668 4350 2868 4404 crudeli
2898 4366 3014 4405 eam
3044 4354 3308 4407 contami-

144 4456 236 4494 me
261 4447 323 4493 et
340 4440 493 4492 sinite
508 4438 680 4507 abire;
709 4440 845 4506 quod
863 4454 981 4493 cum
1002 4440 1263 4502 fecissent,
1281 4441 1520 4494 stetitilla
1544 4426 1671 4494 sane
1703 4466 1750 4527 Ι)
1776 4439 1985 4492 natione
2012 4438 2237 4493 liberare
2256 4439 2497 4508 dignatus
2529 4448 2640 4504 est;
2668 4450 2720 4497 et
2762 4436 2975 4510 accepta
2997 4443 3310 4511 paenitentia

144 4542 377 4597 corpore
400 4535 452 4581 et
474 4529 799 4591 ambulabat;
829 4535 883 4581 et
926 4527 1143 4583 exiliens
1182 4530 1431 4591 cucurrit,
1482 4529 1678 4601 gaude-

144 4620 352 4686 batque
371 4619 703 4670 vehementer
722 4618 773 4670 in
788 4617 1117 4671 ambulando.
1134 4618 1207 4670 llli
1230 4633 1353 4671 vero
1373 4619 1483 4671 htec
1503 4619 1681 4672 viden-

147 4720 235 4761 tes
257 4706 680 4774 gloriﬁcaverunt
708 4706 893 4767 Deum,
934 4708 1398 4774 pervenientesque
1420 4708 1486 4761 ad
1510 4708 1681 4761 locum

146 4794 453 4865 prmfatum,
484 4802 823 4846 narraverunt
846 4794 1091 4847 miracula
1140 4809 1253 4861 qum
1281 4804 1423 4861 gesta
1451 4802 1601 4847 erant
1630 4785 1692 4847 in

148 4870 264 4945 via,
301 4883 450 4936 simul
494 4884 827 4937 ostendentes
856 4883 993 4934 illam
1024 4884 1216 4935 nullam
1239 4884 1466 4935 ltesionis
1487 4884 1683 4936 halzen-

148 4984 266 5025 tein
299 4960 570 5022 maculam.
598 4970 964 5037 Completaque
1002 4971 1236 5021 oratione
1288 4985 1348 5021 ac
1397 4970 1680 5034 gratiarum

148 5060 369 5114 actione
390 5073 506 5109 cum
537 5058 725 5125 gaudio
749 5059 1014 5111 redierunt
1037 5058 1100 5111 ad
1120 5058 1347 5125 propria.

227 5147 288 5200 Δ.
327 5146 541 5201 Cuidam
569 5156 748 5199 nostro
767 5148 984 5201 diacono
1022 5148 1276 5200 monacho
1300 5146 1489 5200 accidit
1523 5145 1683 5199 Hildi-

154 5236 298 5288 ηιΔο
325 5236 548 5296 neruine,
577 5234 701 5287 dum
729 5236 898 5288 adhuc
928 5235 977 5287 in
1018 5236 1199 5288 eodem
1242 5234 1556 5287 monasterio
1584 5235 1681 5286 viri

156 5324 259 5378 Dei
306 5322 645 5377 scholasticus
687 5331 844 5385 esset,
876 5323 1007 5375 utin
1045 5324 1191 5391 longa
1219 5323 1523 5392 aegritudine
1559 5338 1682 5377 con-

157 5402 355 5464 tractis
379 5411 553 5463 nervis
575 5394 873 5479 popliteque
896 5420 1127 5475 curvato,
1158 5410 1270 5478 ejus
1291 5412 1414 5465 tibia
1435 5413 1681 5481 iungere-

159 5510 255 5553 tur
284 5494 485 5559 femori,
513 5507 564 5550 et
594 5507 709 5564 post
745 5498 951 5568 longam
978 5498 1329 5567 fatigationem
1367 5510 1549 5553 sanato
1569 5515 1682 5553 cor-

160 5598 301 5651 pore
346 5583 543 5651 reliquo
570 5586 675 5653 ipsa
708 5586 850 5649 tibia,
878 5596 932 5639 ut
965 5587 1145 5646 fuerat,
1174 5598 1383 5640 curvata
1412 5587 1677 5640 remansit.

166 5672 429 5731 thbatur
475 5674 606 5726 enim
655 5689 748 5743 pro
788 5678 925 5729 eain
970 5677 1273 5729 ambulando
1309 5678 1678 5732 sustentatione

1778 4543 1874 4595 pro
1895 4528 2027 4581 actis
2052 4528 2161 4583 suis
2186 4528 2317 4581 abiit
2344 4528 2638 4594 incolumis.

1845 4618 1895 4669 7.
1929 4612 2173 4685 Contigit
2203 4619 2363 4685 igitur
2403 4617 2648 4684 juvenem
2697 4624 3305 4691 quemdamalleliduvin

1776 4707 2005 4771 nomine,
2022 4704 2280 4776 paralysin
2308 4706 2595 4770 incurrere,
2623 4716 2677 4762 et
2690 4708 2885 4763 diebus
2926 4711 3125 4775 multis,
3149 4712 3307 4766 desti—

1780 4800 1893 4845 tuto
1919 4794 2151 4871 omnium
2180 4794 2530 4848 membrorum
2564 4793 2753 4858 otiicio,
2802 4795 2938 4851 lecto
2983 4797 3308 4862 incumbere,

1778 4880 1927 4948 cujus
1947 4881 2075 4934 tibia
2098 4880 2309 4934 sinistra
2334 4890 2602 4935 contracta
2622 4881 2844 4941 admit-
2867 4883 3081 4949 femori,
3108 4895 3160 4938 et
3187 4888 3314 4941 bra-

1777 4972 1952 5024 chium
1978 4971 2215 5023 dextrum
2238 4970 2479 5025 similiter
2499 4980 2823 5027 contractum
2845 4974 3088 5043 abriguit.
3106 4973 3303 5029 Ctetera

1778 5072 1902 5110 vero
1926 5057 2180 5118 membra.
2211 5066 2271 5109 ut
2310 5058 2665 5126 praediximus,
2706 5060 2806 5134 sibi
2834 5059 3039 5115 inutilia
3063 5076 3304 5122 remane-

1777 5144 1921 5203 bant,
1944 5143 2033 5197 sed
2055 5152 2109 5194 et
2128 5158 2245 5197 cum
2279 5144 2565 5201 emissione
2592 5145 2908 5201 miserabilis
2950 5147 3085 5210 soni,
3119 5148 3305 5202 indicis

1778 5232 1991 5293 doloris,
2013 5229 2155 5285 foras
2176 5230 2348 5285 efferri
2374 5230 2588 5285 solebat.
2615 5220 2850 5300 (Sinuque
2886 5234 2973 5300 diu
3024 5235 3134 5286 base
3160 5244 3305 5303 pate-

1778 5328 1939 5381 retur,
1968 5321 2051 5373 die
2082 5322 2303 5388 quadam
2326 5335 2563 5375 sororem
2578 5336 2751 5385 nam,
2804 5337 2921 5389 qua:
2964 5337 3071 5391 pra:
3098 5326 3302 5378 czeteris

1779 5407 1891 5475 ejus
1921 5409 2338 5477 compatiebatur
2382 5404 2665 5472 doloribim,
2707 5406 2896 5466 alatus
2938 5419 3027 5466 est
3072 5410 3296 5463 dicens:

1776 5495 1963 5549 Audivi
1994 5499 2056 5549 de
2077 5500 2257 5550 sancto
2278 5495 2535 5565 Ludgcro,
2575 5496 2799 5564 qualiter
2830 5512 2924 5572 per
2974 5498 3117 5549 illum
3164 5496 3299 5549 Deus

1778 5581 2160 5645 inﬁrmantibus
2211 5583 2461 5636 sanitates
2503 5591 2752 5654 ιιι-πεζιτο
2804 5584 3045 5652 dignatus
3094 5590 3192 5646 est,
3245 5584 3297 5635 in

1777 5673 1909 5736 luco,
1939 5671 2026 5725 ubi
2053 5679 2230 5725 sancta
2257 5669 2385 5740 ejus
2415 5671 2647 5725 membra
2688 5670 2951 5727 tumulata
2982 5670 3252 5741 quiescunt
3277 5684 3296 5725 ξ
