3886 6228
646 351 743 405 787

1581 348 1667 398 AD
1708 348 2091 445 S.'LL'DGERI
2131 348 2406 403 SCRIPTA
2448 352 2799 408 APPENDIX.

3691 367 3771 420 78³

644 453 722 506 the
747 460 902 505 etiam
925 467 1007 505 me
1033 451 1174 503 foras
1199 449 1347 513 ferri,
1374 458 1431 503 et
1459 459 1641 511 contra
1677 452 1814 504 viam
1865 468 1982 520 qua:
2024 452 2165 505 ducit
2193 459 2238 511 Α
2269 463 2389 507 runt
2429 466 2613 509 contra
2638 458 2775 510 viam
2808 474 2923 526 quae
2958 462 3098 516 ducit
3141 466 3208 518 ad
3251 469 3560 531 ecclesiam,
3602 472 3654 524 in
3688 487 3771 540 qua

638 541 778 603 illuc,
822 540 965 608 poni,
1016 548 1074 593 ut
1122 555 1206 594 me
1236 555 1449 594 voveam
1489 540 1564 593 illi
1597 542 1929 605 serviturum,
1968 544 2013 596 si
2051 541 2165 608 eius
2210 551 2214 555 ’

636 626 1158 693 meritis'sanitatem
1201 626 1327 680 mihi
1378 626 1631 681 Dominus
1680 628 1877 683 donare
1922 630 2167 700 dignatus

634 713 808 769 fuerit.
824 713 972 779 Quod
996 729 1117 769 cum
1142 715 1337 769 factum
1363 714 1568 780 fuisset,
1591 719 1769 772 statim
1794 720 1845 772 in
1874 720 1983 788 ipsa
2010 731 2163 776 nocte

630 812 907 871 prastante
935 804 1110 857 divina
1132 804 1320 873 gratia,
1349 805 1545 872 quievit
1568 806 1716 860 dolor
1761 805 1893 873 eius,
1924 809 2164 862 restituta

630 899 752 946 sunt
774 893 825 946 ei
850 893 1025 946 omnia
1047 893 1285 961 corporis
1324 892 1517 956 ofﬁcia,
1560 902 1752 962 prater
1777 910 1933 950 unam
1958 898 2158 962 tibiam,

568 978 571 979 ⁷
628 994 745 1048 qua:
768 980 840 1033 ita
876 981 1187 1049 permansit,
1233 987 1291 1032 ut
1314 988 1429 1033 erat
1451 990 1735 1035 contracta.
1763 982 1980 1038 Peracta
2002 985 2161 1054 igitur

628 1068 921 1137 gratiarum
962 1068 1167 1123 actione
1207 1068 1410 1136 rogavit
1456 1066 1723 1121 dominum
1770 1084 1944 1135 suum,
1996 1080 2053 1124 ut
2096 1073 2158 1125 ad

628 1166 973 1213 memoratum
1010 1170 1067 1209 se
1094 1155 1264 1209 locum
1283 1156 1495 1224 perduci
1518 1155 1743 1222 juberet.
1785 1158 2159 1214 Dissimulante

600 1298 603 1303 ,
629 1251 804 1297 autem
824 1243 935 1306 illo,
958 1244 1006 1297 is
1023 1258 1181 1311 quem
1193 1244 1477 1298 necessitas
1501 1245 1731 1314 regebat,
1748 1245 1932 1301 baculo
1950 1257 2161 1317 regente

628 1329 799 1385 debile
822 1329 961 1385 latus
980 1332 1235 1400 corporis,
1258 1334 1496 1399 pervenit
1522 1333 1589 1386 ad
1628 1334 1925 1403 sepulcrum
1952 1352 2158 1405 pramo-

628 1420 898 1475 minatum.
928 1418 1161 1475 Peractis
1184 1436 1309 1491 ergo
1352 1421 1421 1475 ibi
1464 1424 1707 1477 noctibus
1730 1425 1960 1493 quinque
1981 1440 2161 1493 super-

630 1508 770 1560 venit
792 1506 1095 1565 solemnitas
1136 1509 1367 1577 ejusdem
1397 1508 1453 1562 S.
1483 1509 1725 1579 Ludgeri.
1757 1510 1991 1579 Cumque
2017 1513 2067 1567 in
2097 1528 2159 1567 ea

626 1593 849 1663 porticu,
880 1597 1009 1665 quo;
1024 1603 1107 1650 est
1128 1604 1267 1650 tante
1291 1596 1521 1649 basilica:
1560 1595 1798 1663 januam,
1847 1598 1980 1651 infra
2003 1614 2159 1666 quam

624 1684 795 1736 sancti
812 1684 1100 1755 sacerdotis
1122 1686 1418 1753 sepulcrum
1441 1696 1735 1755 susceptum
1757 1695 1859 1750 est,
1876 1688 1984 1756 ipsa
2010 1699 2160 1744 nocte

2263 540 2403 593 idem
2426 542 2629 597 Domini
2659 547 2904 600 sacerdos
2937 563 3158 619 corpore
3190 563 3411 620 pausat,
3450 557 3771 613 devoverent

2260 646 2363 698 que
2391 647 2446 685 se
2474 632 2617 686 illum
2652 634 2715 686 ad
2752 635 2875 689 illud
2904 652 3113 693 sacrum
3159 643 3455 711 sepulcrum
3494 662 3617 700 cum
3652 649 3772 702 obl»

2261 720 2489 775 tionibus
2542 725 2878 785 aJdueturos.
2946 726 3053 782 Hac
3097 730 3275 800 itaque
3319 735 3601 801 sponsione
3652 736 3769 790 facta

2259 809 2481 878 ingressi
2518 819 2640 864 sunt
2671 812 2917 877 domum,
2953 824 3005 868 et
3033 831 3156 870 ecce
3190 819 3364 873 subito
3394 837 3527 889 puer
3562 822 3647 875 ille
3685 834 3771 877 ter—

2258 896 2327 949 sit
2353 897 2572 958 oculum,
2593 899 2861 965 dextrum,
2886 912 2938 955 et
2975 913 3156 973 aperto
3188 922 3250 960 eo
3281 910 3457 963 statim
3483 911 3665 964 videre
3696 928 3772 979 po-

2260 984 2378 1048 tuit;
2420 988 2569 1041 tersit
2595 988 2818 1043 alterum
2836 1030 2851 1053 ,
2888 999 2941 1045 et
2970 993 3212 1047 similiter
3235 1009 3300 1049 eo
3323 1005 3564 1050 reserato
3586 1000 3771 1065 accepit

2256 1071 2457 1136 visum,
2514 1074 2917 1145 exclamansque
2961 1093 3080 1133 cum
3122 1082 3313 1150 gaudio
3366 1084 3497 1136 dixit
3545 1099 3604 1138 se
3644 1085 3772 1139 clare

2255 1174 2407 1227 posse
2432 1161 2630 1216 videre.
2665 1163 2780 1229 Quo
2806 1167 2984 1235 agnito
3017 1177 3266 1234 parentes
3299 1171 3410 1238 ejus
3438 1185 3561 1223 cum
3590 1171 3769 1226 familia

2257 1248 2511 1327 immenso
2537 1252 2717 1320 repleti
2745 1263 2866 1307 sunt
2888 1257 3097 1323 gaudio,
3122 1266 3175 1310 et
3196 1258 3584 1313 benediserunt
3602 1262 3769 1325 Deum,

2254 1337 2344 1404 qui
2370 1338 2472 1406 per'
2487 1352 2695 1393 servum
2736 1356 2887 1394 suum
2932 1350 3036 1397 tam
3084 1345 3258 1398 subito
3301 1348 3580 1400 sanitatem
3626 1364 3772 1416 poem

2255 1434 2506 1492 praestare
2546 1427 2787 1495 dignatus
2826 1439 2925 1483 est.
2965 1428 3066 1483 Sed
3092 1440 3145 1484 et
3169 1433 3423 1499 promissa
3462 1434 3770 1501 complentes

2254 1512 2318 1565 ad
2350 1524 2689 1569 memoratam
2714 1517 2989 1593 ecclesiam
3017 1519 3372 1587 perduxerunt
3392 1535 3543 1581 eum,
3584 1530 3639 1573 et
3666 1538 3769 1575 cum

2256 1609 2376 1653 vnto
2418 1600 2779 1670 gratulationis
2816 1604 3220 1674 designaverunt
3266 1606 3410 1660 illum
3452 1608 3594 1661 nulla
3641 1614 3768 1678 signa

2255 1688 2487 1743 laesionis
2508 1690 2560 1743 in
2585 1691 2751 1746 oculis
2777 1693 3074 1759 habentem.

626 1772 863 1825 membra
896 1770 1363 1841 soporivdedisset,
1384 1776 1432 1829 ei
1467 1791 1563 1844 per
1596 1776 1763 1830 visum
1793 1778 1931 1832 idem
1957 1778 2037 1831 vir
2064 1776 2155 1832 Dei
2187 1764 2231 1823 Β
2322 1766 2406 1829 11.
2439 1777 2768 1832 Oﬂ'erebatur
2785 1789 2960 1835 autem
2981 1782 3148 1850 puella
3169 1784 3422 1852 quaedam,
3445 1801 3607 1853 quam
3632 1786 3768 1854 longa

623 1862 903 1925 comitatus
926 1877 1114 1931 magno
1144 1863 1337 1917 lumine
1362 1872 1519 1933 atque
1547 1865 1858 1920 clericorum
1884 1869 2154 1938 obsequio,

622 1952 879 2019 apparuit,
906 1952 1179 2021 tetigitque
1200 1952 1436 2008 membra
1459 1953 1614 2018 illius,
1638 1964 1692 2009 et
1714 1954 1985 2020 abscessit,
2016 1972 2078 2010 eo
2105 1959 2157 2011 in

626 2052 812 2107 sopore
847 2040 1049 2094 relicto.
1085 2039 1205 2106 Qui,
1233 2042 1355 2095 dum
1380 2043 1526 2112 signa
1557 2044 1620 2096 ad
1646 2053 1929 2098 nocturnas
1953 2046 2159 2114 vigilias

621 2128 1016 2197 expergefactus
1053 2131 1310 2195 audisset,
1365 2133 1596 2186 surrexit
1646 2148 1824 2197 sanus,
1877 2140 1931 2186 et
1965 2134 2156 2188 oblitus

619 2214 809 2279 baculi,
837 2218 1132 2285 priorisque
1177 2219 1477 2281 debilitatis,
1536 2219 1751 2272 intravit
1796 2235 1917 2274 cum
1964 2220 2153 2276 aliisin

617 2303 867 2371 templum
892 2304 1041 2359 laetus
1066 2314 1118 2358 et
1150 2306 1440 2361 incolumis.
1456 2307 1703 2361 Oratione
1728 2317 1901 2362 autem
1928 2308 2151 2376 factagad

619 2404 711 2444 eor
759 2392 966 2445 rediens
1007 2394 1245 2446 narravit
1287 2394 1461 2446 omnia
1503 2409 1619 2462 quae
1665 2396 1805 2448 circa
1849 2410 1904 2449 se
1948 2394 2153 2449 fuerant

612 2490 781 2551 gesta,
808 2492 863 2537 et
886 2493 1095 2553 peracta
1115 2485 1466 2539 celebratione
1486 2487 1661 2553 operis
1683 2484 1888 2537 Domini
1910 2499 2151 2552 egressus

610 2579 713 2631 est,
736 2570 1083 2639 baculumque
1126 2587 1277 2624 suum
1311 2572 1362 2624 in
1393 2572 1626 2639 ingressu
1653 2572 1883 2640 ejusdem
1922 2571 2151 2647 basilice

609 2659 667 2711 in
692 2657 828 2722 loco,
850 2658 939 2711 ubi
963 2658 1136 2712 fuerat
1164 2668 1396 2721 sanatus,
1429 2659 1597 2713 inﬁxit
1628 2676 1724 2728 pro
1749 2661 1897 2729 signo
1921 2662 2149 2715 curatio-

588 2738 713 2815 ‘nis,
733 2763 831 2803 nec
855 2749 1131 2803 immemor
1154 2751 1260 2803 voti
1287 2751 1478 2819 prioris
1499 2751 1720 2804 redemit
1740 2765 1796 2804 se
1819 2766 1848 2803 a
1873 2750 2144 2818 temporali

608 2837 821 2892 domino
843 2852 957 2900 suo,
983 2846 1036 2891 et
1063 2847 1239 2891 votum
1266 2838 1531 2892 servitutis
1560 2838 1811 2905 implevit.

677 2926 730 2981 8.
766 2924 1013 2990 Quasdam
1041 2936 1209 2979 autem
1246 2926 1438 2978 femina
1477 2925 1542 2979 ad
1593 2927 1833 2979 eumdem
1864 2926 2034 2979 locum
2081 2926 2145 2980 de

610 3013 835 3068 Saxonia
864 3028 1001 3068 c:eca
1023 3015 1273 3083 perducta
1294 3024 1393 3068 est.
1420 3014 1653 3083 Cumque
1701 3031 1877 3069 coram
1906 3016 2143 3085 sepulcro

610 3102 701 3156 Dei
732 3101 931 3163 famuli,
970 3103 1245 3155 missarum
1302 3102 1550 3155 solemnia
1602 3111 1897 3170 agerentur,
1928 3102 1980 3154 in
2008 3102 2137 3155 hora

606 3188 921 3257 evangelicae
945 3189 1183 3241 lectionis
1201 3198 1412 3257 repente
1429 3189 1602 3241 lumen
1627 3189 1845 3256 accepit,
1862 3194 1915 3241 et
1927 3196 2138 3257 peracta

605 3278 892 3348 gratiarum
917 3277 1121 3330 actione
1144 3276 1415 3329 incolumis
1435 3276 1497 3329 ad
1521 3275 1729 3345 propria
1760 3276 1929 3329 rediit.

671 3368 723 3421 9.
762 3365 985 3431 Quidam
1020 3365 1321 3435 juvenisin
1365 3364 1543 3417 Fresia
1586 3364 1796 3417 nomine
1835 3363 2020 3416 Osbrat
2047 3403 2060 3425 ,
2108 3378 2138 3414 a

603 3456 861 3510 daemonio
893 3463 1038 3507 muto
1066 3462 1307 3514 vexatus,
1335 3468 1430 3520 per
1468 3451 1696 3519 singulas
1720 3450 1968 3503 ecclesias
1992 3466 2021 3503 a
2047 3464 2139 3517 pa-

607 3552 686 3595 tre
712 3557 805 3595 suo
833 3540 1085 3595 deductus
1107 3547 1213 3601 est,
1258 3547 1315 3591 ut
1353 3538 1529 3591 curari
1566 3537 1837 3604 potuisset.
1886 3536 1989 3589 Sed
2018 3551 2139 3589 cum

604 3630 657 3683 in
687 3627 826 3681 nulla
852 3608 1235 3680 earum-curari
1267 3626 1553 3694 potuisset,
1600 3624 1808 3676 tandem
1848 3632 1996 3690 pater
2022 3625 2136 3691 ejus

601 3713 807 3767 caelitus
855 3713 1141 3780 inspiratus
1191 3720 1402 3779 peracto
1450 3710 1603 3778 longo
1654 3709 1844 3762 itinere
1893 3710 2136 3777 perduxit

602 3815 722 3853 eum
748 3800 812 3852 ad
840 3806 1183 3852 memoratam
1212 3798 1488 3851 ecclesiam
1507 3837 1519 3861 ,
1549 3807 1602 3850 et
1626 3804 1836 3864 accepta
1864 3796 2071 3850 licentia
2105 3813 2134 3850 a

604 3876 908 3943 custodibus
948 3896 1069 3941 ante
1110 3887 1406 3955 sepulcrum
1434 3885 1724 3939 sacerdotis
1774 3884 1968 3937 Christi
1996 3884 2135 3937 Lud-

605 3979 717 4049 geri
734 3988 991 4032 nocturno
1010 3985 1244 4042 tempore
1265 3974 1316 4027 in
1338 3974 1572 4027 oratione
1592 3973 1893 4041 persistens,
1909 3974 2135 4026 habebat

600 4081 779 4122 secum
805 4065 1045 4117 eumdem
1086 4063 1247 4115 filium
1286 4076 1439 4115 sensu
1476 4068 1529 4113 et
1553 4075 1680 4113 voce
1705 4068 1991 4114 carentem.
2036 4058 2131 4111 Cui

602 4169 695 4221 per
719 4150 1133 4205 misericordiam
1160 4148 1252 4202 Dei
1280 4150 1514 4203 daemone
1552 4148 1771 4216 expulso
1809 4150 2010 4217 integra
2049 4162 2133 4201 sa-

602 4241 740 4293 nitas
760 4238 930 4293 fuerat
950 4252 1196 4292 concessa
1214 4236 1433 4305 loquela;
1456 4244 1510 4289 et
1532 4250 1733 4289 sensus.
1768 4235 1871 4290 Sed
1890 4244 1944 4289 et
1963 4237 2131 4293 vicina

601 4325 833 4392 ejusdem
859 4324 1070 4378 Osberti
1097 4364 1111 4387 ,
1156 4339 1271 4391 qum
1315 4332 1429 4377 erat
1466 4323 1773 4391 paralytica,
1801 4324 1865 4375 ad
1891 4322 2129 4375 eamdem

600 4411 873 4466 ecclesiam
913 4410 1164 4480 perducta
1201 4419 1319 4473 est,
1364 4419 1417 4463 et
1451 4418 1663 4479 accepta
1700 4412 1944 4465 continuo
1982 4411 2129 4479 plena

605 4498 984 4553 restauratione
1033 4498 1262 4566 propriis
1308 4498 1573 4567 gressibus
1624 4498 1879 4552 remeavit
1928 4500 1995 4553 ad
2039 4514 2133 4565 pa-

605 4589 791 4652 triam,
833 4580 1031 4657 gratias
1066 4600 1225 4653 agens
1260 4586 1482 4638 salvanti
1509 4586 1751 4650 Domino,
1781 4586 1868 4654 qui
1897 4601 1993 4653 per
2021 4601 2133 4639 ser-

604 4691 724 4728 vum
754 4690 905 4729 suum
935 4675 1048 4742 ejus
1084 4688 1275 4740 corpus
1316 4671 1623 4726 cunctorum
1665 4675 2021 4727 membrorum
2054 4673 2135 4727 of-

603 4763 721 4817 ficio
740 4763 1040 4817 destitutum
1064 4772 1175 4814 tam
1185 4761 1435 4814 velociter
1453 4769 1751 4813 restaurare
1771 4761 2015 4826 dignatus
2034 4767 2133 4812 est.

668 4853 755 4905 10.
791 4850 956 4921 Igitur
982 4852 1033 4904 in
1062 4853 1193 4919 pago
1218 4850 1472 4903 Borathra
1500 4850 1714 4904 colonus
1737 4849 1947 4918 quidam
1975 4848 2132 4901 Follit

601 4940 758 5010 (Ant.
807 4948 854 4991 et
900 4938 1050 5001 Ben.,
1104 4936 1369 5005 Folebad)
1423 4938 1673 4999 nomine,
1730 4935 1894 4989 ﬁlium
1947 4932 2131 4987 habuit

597 5040 796 5082 eaeam
854 5026 1063 5079 nomine
1111 5023 1464 5085 Gerbaldnm,
1515 5024 1604 5091 qui
1651 5024 1774 5076 dum
1822 5037 1918 5091 per
1965 5020 2128 5073 multa

599 5129 749 5169 sam
786 5110 903 5167 loca
940 5112 1222 5175 deductus,
1266 5110 1461 5165 nullam
1502 5110 1759 5164 medelam
1804 5111 2127 5178 susciperet,

600 5204 687 5272 pio
725 5200 1264 5268 domino'instigante
1323 5201 1530 5253 demum
1584 5198 1639 5253 S.
1697 5198 1922 5266 Ludgeri
1989 5197 2127 5250 fama

600 5290 666 5344 ad
698 5289 1001 5351 memoriam
1026 5289 1195 5351 venit;
1236 5289 1481 5341 continuo
1508 5296 1754 5356 parentes
1798 5288 1935 5342 illius
1978 5288 2125 5356 pueri

601 5391 691 5443 spe
737 5375 1058 5447 gaudentes,
1114 5377 1377 5430 duxerunt
1417 5391 1536 5430 eum
1585 5376 1761 5437 foras,
1826 5383 1881 5428 et
1927 5383 2122 5428 statue-

2252 1864 2503 1933 aegritudo
2527 1866 2910 1935 continuusque
2948 1869 3096 1921 dolor
3132 1870 3470 1939 paralyticam
3506 1870 3768 1932 fecerant.

2251 1968 2365 2019 qua:
2388 1954 2545 2007 etiam
2573 1956 2805 2009 brachiis
2830 1959 3076 2011 continue
3099 1967 3255 2025 caput
3278 1960 3639 2028 constringere
3660 1976 3770 2012 eon-

2250 2047 2521 2103 sueverat,
2556 2041 2639 2094 cui
2668 2043 2930 2096 maximus
2954 2044 3265 2098 incubuerat
3289 2045 3457 2108 dolor,
3501 2048 3574 2098 ita
3621 2054 3680 2100 ut
3714 2049 3772 2100 de

2247 2125 2464 2179 cerebro
2489 2142 2647 2181 sonus
2670 2129 2820 2197 quasi
2847 2130 3028 2183 sibilus
3052 2133 3304 2200 potuisset
3326 2134 3514 2185 audiri.
3543 2132 3769 2201 Cumque

2248 2211 2299 2264 in
2324 2220 2505 2282 crypta
2546 2229 2679 2268 nova
2718 2216 2941 2269 necdum
2968 2226 3180 2285 peracta
3216 2220 3281 2271 ad
3319 2220 3617 2287 sepulcrum
3644 2220 3773 2273 Lud-

2246 2302 2357 2367 geri
2385 2301 2545 2354 Deum
2573 2312 2817 2370 rogatura
2847 2305 3213 2372 deponeretur,
3244 2308 3379 2360 mira
3406 2309 3769 2376 omnipotentis

2246 2386 2336 2440 Dei
2364 2388 2552 2456 gratia,
2585 2392 2815 2444 surrexit
2838 2393 3087 2447 continuo
3113 2403 3296 2447 curata
3324 2396 3390 2448 ab
3415 2396 3560 2449 omni
3589 2396 3768 2450 debili-

2246 2485 2353 2530 tate
2378 2480 2632 2547 eorporis,
2662 2489 2715 2534 et
2738 2482 3054 2535 benedicens
3078 2483 3240 2536 Deum
3265 2484 3393 2536 abiit
3417 2484 3709 2538 incolumis.

2312 2566 2394 2618 12.
2436 2567 2664 2636 Contigit
2701 2570 2907 2622 cuidam
2941 2569 3053 2622 viro
3091 2572 3154 2624 de
3182 2571 3409 2624 Saxonia
3447 2574 3497 2625 in
3534 2571 3654 2628 loco
3686 2576 3765 2640 qui

2242 2655 2434 2708 dicitur
2466 2655 2753 2708 Vuertbina
2785 2655 2925 2726 [Αητ.
2972 2667 3018 2709 et
3060 2658 3209 2721 Bem,
3249 2659 3526 2731 Werina],
3578 2669 3640 2713 ut
3684 2677 3766 2730 per

2245 2742 2581 2795 tentationem
2610 2742 2757 2797 fieret
2780 2745 2995 2806 surdus,
3036 2745 3107 2798 ita
3136 2755 3194 2799 ut
3220 2746 3417 2799 nullum
3444 2748 3663 2801 omnino
3691 2764 3767 2801 so-

2243 2842 2366 2878 num
2404 2828 2618 2881 auribus
2644 2837 2873 2896 caperet.
2921 2828 3020 2894 Qui
3055 2845 3172 2884 cum
3208 2831 3296 2884 diu
3335 2831 3570 2886 funditus
3607 2833 3765 2887 cilicio

2243 2922 2445 2968 careret
2475 2915 2677 2968 aurium
2696 2956 2708 2978 ,
2752 2918 2960 2970 tandem
2992 2933 3082 2986 spe
3112 2920 3523 2986 rewperationis
3553 2921 3762 2981 ductus,

2243 3001 2479 3068 pervenit
2508 3001 2573 3054 ad
2595 3003 2894 3071 sepulcrum
2920 3002 3009 3057 Dei
3046 3004 3223 3058 famuli
3254 3004 3504 3073 Ludgeri;
3549 3021 3764 3074 cumque

2241 3088 2385 3156 signa
2423 3087 2488 3141 ad
2522 3097 2803 3143 nocturnas
2825 3091 3028 3159 vigilias
3054 3100 3333 3155 sonarent,
3372 3093 3543 3146 subito
3580 3104 3764 3163 aperte

2236 3184 2357 3229 sunt
2383 3191 2538 3230 aures
2561 3176 2693 3247 ejus,
2718 3188 2772 3231 et
2794 3179 2925 3232 dixit
2964 3196 3021 3235 se
3055 3190 3233 3249 aperte
3260 3196 3447 3236 sonum
3471 3183 3761 3238 cloccarum

2236 3264 2417 3315 audire
2442 3280 2611 3332 posse,
2643 3268 3031 3336 monachosque
3062 3270 3363 3337 psallentes.
3409 3272 3473 3324 Et
3497 3273 3572 3324 ita
3604 3274 3763 3327 conti-

2235 3368 2339 3405 nuo
2384 3364 2628 3421 percepta
2671 3357 3051 3411 restauratione
3080 3357 3320 3421 auditus,
3374 3359 3524 3413 rediit
3557 3360 3765 3413 domum
3856 3362 3857 3371 ‘

2236 3441 2577 3507 magnificans
2606 3442 2788 3494 Deum.

2304 3533 2383 3586 15.
2422 3533 2714 3601 Aliquando
2741 3536 3094 3604 etiamipsam
3126 3538 3422 3601 ecclesiam,
3452 3539 3589 3593 infra
3616 3555 3760 3606 quam

2233 3619 2528 3685 sepulcrum
2550 3621 2780 3688 ejusdem
2803 3622 2893 3675 Dei
2915 3622 3090 3677 famuli
3114 3635 3377 3693 receptum
3398 3632 3763 3689 est,nocturno

2234 3711 2467 3772 tempore
2488 3705 2727 3758 columna
2752 3707 2884 3760 lucis
2900 3707 3455 3779 obtinendo—protexit,
3492 3720 3549 3765 et
3580 3714 3761 3765 adem-

2233 3792 2339 3845 lum
2385 3807 2550 3861 usque
2595 3802 2837 3863 porrecta
2889 3794 3016 3848 foris
3054 3798 3439 3851 excubantibus
3482 3798 3761 3867 eonspiwa

2231 3881 2430 3943 stabat;
2465 3882 2555 3935 sed
2584 3890 2636 3935 et
2662 3882 2954 3936 eloccarum
2981 3883 3086 3938 illic
3114 3885 3317 3939 sonitus
3342 3885 3653 3954 frequenter
3679 3900 3761 3935 au-

2231 3966 2488 4029 diebatur,
2531 3968 2756 4020 humana
2794 3983 2897 4021 non
2941 3977 3183 4039 tangente
3223 3986 3402 4036 manu,
3448 3974 3539 4027 sed
3581 3983 3760 4043 agente

2228 4052 2401 4119 potius
2426 4054 2721 4121 cognitione
2746 4055 2967 4110 Deitatis
2992 4072 3233 4111 arccana.

2298 4141 2381 4194 14.
2422 4141 2602 4196 Caecus
2622 4144 2835 4211 quidam
2856 4156 2879 4184 η
2899 4146 2964 4199 ad
2988 4147 3283 4214 sepulcrum
3306 4149 3400 4202 Dei
3425 4147 3610 4203 famuli
3630 4147 3760 4202 Lnd-
3856 4168 3857 4171 η

2228 4228 2338 4296 geri
2367 4230 2651 4296 perductus
2678 4240 2787 4295 est,
2823 4234 2909 4286 ubi
2938 4234 3059 4287 dum
3085 4242 3381 4303 prostratus
3406 4244 3650 4301 orasset,
3679 4252 3758 4290 ω
3856 4228 3857 4303 ξ

2227 4325 2383 4385 pente
2413 4333 2441 4370 a
2470 4318 2690 4371 Domino
2719 4319 2893 4373 lumen
2919 4314 3138 4389 reCepit.

2163 4375 2210 4433 θ
2230 4375 2245 4385 ⁸
2301 4402 2383 4455 15.
2421 4402 2569 4457 Alius
2596 4405 2807 4472 quidam
2837 4419 3008 4460 cmeus
3041 4375 3267 4473 nomine,
3297 4408 3655 4474 Riehbertos,
3697 4412 3756 4463 ad

2231 4491 2369 4545 idem
2395 4501 2630 4545 sanctum
2657 4495 2947 4561 sepulcrum
2964 4496 3227 4550 adductus
3253 4505 3349 4562 est,
3379 4499 3471 4552 sed
3497 4499 3606 4555 illic
3629 4500 3757 4554 cele-

2232 4585 2362 4637 riter
2388 4584 2608 4638 Domino
2636 4585 2917 4639 miserante
2943 4587 3292 4650 illuminatus,
3334 4596 3391 4640 et
3433 4588 3543 4641 Deo
3567 4590 3755 4657 gratias

2232 4690 2409 4742 agens,
2439 4690 2597 4727 sanus
2622 4676 2684 4727 ad
2710 4677 2920 4744 propria
2948 4677 3119 4729 rediit.
3562 4680 3565 4683 “

2304 4760 2387 4812 16.
2427 4760 2711 4814 Monachus
2729 4770 2907 4815 noster
2930 4763 3138 4815 nomine
3157 4760 3479 4814 Adalvardus
3501 4760 3757 4814 allii-mare

2226 4848 2358 4902 solet
2381 4864 2518 4912 rem,
2563 4864 2678 4916 quae
2709 4864 2773 4903 eo
2798 4858 3029 4918 tempore
3053 4858 3199 4920 gesta
3222 4861 3332 4913 est,
3376 4865 3482 4919 quo
3521 4852 3753 4907 custodia

2226 4935 2457 5003 ejusdem
2503 4937 2740 4991 ecclesiae
2790 4936 2846 4990 S.
2894 4938 3117 5006 Ludgeri
3167 4938 3265 5005 sibi
3313 4937 3517 4991 credita
3560 4935 3746 4992 fuerat.

2222 5023 2410 5077 Narrat
2438 5025 2576 5093 quod
2600 5024 2823 5093 quodam
2861 5034 3111 5093 tempore,
3140 5026 3225 5079 die
3256 5025 3746 5093 advesperaseente.

2226 5129 2342 5167 cum
2376 5115 2439 5167 ad
2465 5115 2699 5167 eamdem
2730 5115 3003 5169 ecclesiam
3033 5114 3226 5176 lumen,
3249 5116 3387 5181 quod
3417 5113 3528 5168 illic
3550 5128 3751 5182 sernper

2227 5200 2410 5254 ardere
2435 5202 2651 5263 solebat,
2681 5209 3065 5256 restauraturus
3092 5202 3383 5262 accederet,
3408 5199 3565 5267 juxta
3593 5202 3751 5269 ipsius

2227 5289 2457 5343 ecclesia:
2484 5289 2759 5357 angulum,
2799 5290 2886 5343 ubi
2923 5289 3143 5343 interius
3166 5289 3383 5347 lectulus
3410 5287 3529 5357 ejus
3554 5290 3752 5358 positus

2226 5375 2413 5439 fuerat,
2436 5376 2705 5444 antiquum
2732 5377 2931 5431 hostem
2956 5386 3179 5431 stantem
3202 5376 3423 5446 aspexit,
3447 5376 3605 5445 cujus
3624 5376 3751 5430 visio

669 5517 691 5544 ο
716 5504 983 5576 Aptw'erp.
1039 5513 1094 5576 et
1151 5507 1336 5576 Bend.,
1398 5504 2065 5576 Cercus_quidam__nominc
2110 5502 2321 5557 Eilwold
2346 5504 2406 5557 de
2432 5504 2538 5557 loro
2563 5506 2647 5573 qui
2675 5514 2877 5557 vocatur
2900 5502 3135 5555 Amalolt.
3191 5504 3473 5558 Browet'us
3495 5512 3675 5559 autem
3699 5501 3745 5555 in

604 5573 835 5642 margine
859 5572 1006 5629 notat
1031 5575 1170 5631 hunc
1193 5574 1366 5630 locum
1390 5574 1543 5642 vulgo
1567 5572 1793 5640 Alinclay
1820 5572 1941 5626 dici.
