3886 6228
205 392 316 447 789

1486 380 1655 434 ACTA
1683 375 1753 438 ,S.
1794 374 2103 431 LUDGERI.

3259 376 3357 426 790

203 500 500 569 nigerrima
534 511 597 548 ac
633 495 898 547 teterrima
928 492 1041 544 fuit.
1086 489 1198 554 Quo
1226 490 1335 542 viso
1360 486 1605 555 praefatus
1631 498 1742 538 mo-
1772 487 1817 543 Α
1843 484 1932 550 qui
1958 484 2196 537 eumdem
2222 492 2459 538 sanctum
2478 483 2769 553 Ludgerum
2799 484 2849 536 in
2864 496 3083 549 corpore
3106 482 3363 545 viderant,

201 590 414 644 uachus
446 588 652 655 signum
686 591 877 639 sancta:
912 581 1083 633 crucis
1118 577 1217 632 sibi
1252 575 1529 643 imposuit,
1565 581 1648 635 et,
1686 580 1744 625 ut

202 680 441 741 asserit,
486 674 761 729 interritus
799 679 984 725 contra
1024 669 1264 723 eumdem
1293 666 1579 719 daemonem
1608 663 1745 729 aspi-

202 772 362 825 ciens
381 769 467 822 diu
491 769 653 821 stetit.
682 762 811 817 Cum
832 770 1006 815 autem
1026 766 1224 811 tantam
1249 755 1491 810 fiduciam
1515 754 1744 822 ejusdem

204 855 458 908 monachi
488 851 723 908 diabolus
752 855 1016 907 cerneret,
1055 844 1210 897 talem
1239 858 1301 897 ac
1328 849 1529 895 tantum
1561 853 1745 893 sonum

202 942 494 1001 excitavit,
539 948 596 994 ut
639 939 813 1006 paries
855 935 1093 990 ecclesia:
1129 942 1182 987 et
1217 931 1438 986 lectulus
1472 930 1619 999 ejus,
1656 928 1744 996 qui

203 1034 438 1085 interius
470 1031 669 1084 locatus
700 1028 897 1089 fuerat,
935 1024 1230 1077 minutatim
1259 1021 1513 1091 confringi
1541 1020 1745 1073 videre~

207 1129 321 1171 tur.
379 1119 492 1184 Quo
538 1110 673 1170 facto
718 1115 858 1168 idcm
897 1112 1186 1167 monachus
1232 1109 1476 1164 clamavit
1523 1107 1743 1161 dicens:

207 1206 411 1261 Sancte
438 1204 712 1277 Ludgere,
750 1200 956 1269 adjuva.
1008 1198 1243 1266 Cumque
1286 1208 1470 1249 nomen
1512 1195 1609 1246 viri
1657 1193 1749 1246 Dei

205 1294 508 1349 invocando
542 1292 887 1353 nominasset,
926 1296 1186 1342 annuente
1221 1284 1441 1339 Domino
1470 1283 1603 1337 idem
1635 1283 1749 1335 dia-

205 1383 370 1438 bolus
397 1389 607 1449 repente
631 1379 968 1440 constrictus,
988 1384 1049 1429 et
1072 1376 1123 1428 in
1154 1368 1353 1444 partem
1377 1372 1751 1427 occidentalem

208 1473 515 1525 abstractus
543 1476 651 1528 est,
697 1466 852 1533 ablue
880 1479 999 1519 cum
1027 1478 1129 1531 qua
1156 1460 1401 1516 violentia
1435 1461 1749 1523 traheretur,

208 1559 511 1628 garriendo,
531 1566 584 1611 et
604 1555 930 1611 miserabiles
942 1566 1097 1607 voces
1118 1550 1400 1605 emittendo
1421 1548 1747 1602 monstravit.

210 1646 509 1699 Monachus
540 1658 669 1697 vero
712 1642 797 1696 ille
843 1642 1051 1704 lumen,
1101 1639 1240 1708 quod
1280 1638 1390 1692 illic
1434 1635 1587 1703 paulo
1632 1642 1753 1687 ante

209 1736 455 1805 reliquit,
484 1725 700 1795 invenit,
735 1742 789 1787 et
820 1732 1009 1786 lectum
1040 1746 1191 1784 suum
1219 1736 1271 1782 et
1297 1742 1451 1782 omne
1476 1726 1603 1778 illud
1628 1724 1752 1777 tedi-

1839 580 1895 626 et
1919 580 2098 627 sancta
2126 573 2239 642 ejus
2266 573 2436 626 studia
2464 573 2598 626 bene
2628 580 2916 635 noverant,
2964 570 3143 625 Roma:
3170 571 3365 623 inventi

1840 668 1995 722 sunt;
2026 660 2112 727 qui
2141 674 2259 713 cum
2285 660 2420 712 viam
2450 659 2573 712 illuc
2599 659 2775 721 eundi,
2804 667 2857 711 et
2884 658 3055 712 locum
3083 654 3369 713 v'enetandi

1841 748 2065 815 sepulcri
2106 746 2204 814 ipsi
2240 744 2416 813 juveni
2457 746 2814 808 intimassent;
2847 754 3059 813 peracto
3088 744 3275 797 itinere
3305 746 3369 797 ad

1842 843 2187 888 memoratum
2216 834 2519 902 sepulcrum
2554 833 2609 886 S.
2640 833 2863 900 Ludgeri
2893 849 2958 887 eo
2981 842 3230 901 tempore,
3268 849 3372 902 quo

1844 924 1950 978 illic
1977 924 2216 978 monachi
2245 912 2528 976 matutinas
2556 921 2732 975 laudes
2757 920 2978 975 Domino
3005 920 3341 974 celebrabant
3361 960 3374 981 .

1843 1013 2038 1067 ferrum
2083 1012 2219 1080 quod
2272 1013 2515 1084 dextrum
2545 1010 2819 1064 brachium
2852 1010 3117 1072 cinxerat,
3155 1017 3376 1077 repente

1846 1100 2123 1163 dissiliens,
2150 1100 2353 1169 longius
2376 1099 2581 1153 Domini
2607 1099 2798 1152 virtute
2822 1097 3108 1167 projectum
3136 1106 3235 1151 est.

1916 1192 2000 1245 19.
2040 1202 2064 1229 ι
2089 1189 2271 1245 Mulier
2297 1190 2533 1258 quaadam
2559 1188 2745 1241 debilis
2770 1195 2899 1249 erat,
2930 1186 3075 1253 cujus
3099 1188 3374 1240 brachium

1847 1283 2091 1335 dextrum
2133 1280 2439 1335 inﬁrmitate
2483 1286 2669 1347 agente
2712 1276 2991 1332 inﬂexibile
3035 1276 3167 1339 fuit;
3217 1290 3371 1328 manu

1848 1388 1971 1426 vero
1994 1380 2211 1427 curvata
2236 1371 2548 1440 persistente
2573 1383 2773 1437 ungues
2795 1368 2981 1435 palmae
3005 1367 3144 1419 illius
3170 1366 3375 1421 fortiter

1848 1462 2301 1530 imprimebantur.
2332 1458 2457 1524 Quae
2483 1459 2602 1513 dum
2627 1457 2714 1510 diu
2737 1457 2848 1509 haec
2868 1464 3155 1524 pateretur,
3180 1469 3375 1508 memo—

1847 1550 1947 1603 rati
1972 1549 2071 1606 viri
2100 1549 2191 1601 Dei
2221 1547 2357 1601 fama
2386 1549 2449 1601 ad
2477 1555 2702 1601 mentem
2731 1545 2845 1613 ejus
2869 1546 3124 1614 pervenit,
3153 1559 3377 1612 cumque

1846 1652 1936 1707 spe
1964 1639 2203 1691 sanitatis
2227 1639 2380 1691 ducta
2422 1638 2486 1692 ad
2525 1637 2821 1705 sepulcrum
2862 1634 2975 1702 ejus
3009 1642 3374 1704 properasset,

1848 1729 2149 1796 priusquam
2189 1742 2251 1780 eo
2290 1726 2648 1794 pervenisset,
2699 1726 2750 1778 in
2792 1726 2903 1793 ipso
2944 1725 3131 1777 itinere
3167 1723 3373 1791 plenam

209 1800 397 1881 ficium
427 1840 610 1879 sanum
638 1823 922 1877 consistere
945 1820 1109 1883 vidit,
1154 1827 1207 1872 et
1234 1818 1401 1871 adhuc
1430 1828 1609 1869 vocem
1646 1813 1749 1867 da:—
1780 1800 1823 1856 Β
1852 1817 2085 1891 corporis
2112 1816 2387 1869 sanitatem
2414 1814 2461 1869 ei
2492 1814 2740 1867 Dominus
2768 1827 2863 1881 pro
2891 1812 3059 1865 sancti
3085 1812 3184 1865 viri
3222 1811 3383 1864 meri-

212 1913 395 1967 monis
420 1912 469 1964 in
495 1916 644 1979 parte
668 1908 976 1963 occidentali
1002 1904 1281 1975 garrientis
1306 1901 1520 1955 audivit.

288 2000 377 2052 l7.
417 1998 602 2051 Mulier
628 1997 865 2065 quaedam
892 2010 1011 2048 cum
1037 1992 1201 2048 multo
1224 2000 1462 2061 tempore
1491 1990 1755 2043 membro-

213 2100 339 2139 rum
366 2082 533 2138 officio
560 2083 833 2147 destituta,
872 2081 1350 2146 miserabiliumque
1376 2092 1562 2133 vocum
1588 2076 1758 2144 suspi-
1794 2068 1803 2076 ’

210 2176 299 2227 ria
328 2173 572 2226 emittens
600 2171 735 2226 lecto
761 2170 1106 2231 incumberet,
1130 2168 1441 2235 quandoque
1470 2166 1533 2218 ad
1558 2178 1757 2217 memo-

213 2270 398 2313 ratum
418 2258 711 2327 sepulcrum
732 2260 831 2312 viri
855 2259 943 2311 Dei
968 2257 1192 2326 Ludgeri
1215 2272 1333 2310 cum
1355 2269 1546 2323 magno
1568 2253 1756 2323 gaudio

214 2356 273 2400 et
308 2347 490 2402 labore
524 2347 679 2400 allata
715 2355 814 2402 est.
853 2347 950 2402 Ubi
986 2347 1109 2399 dum
1132 2346 1249 2398 Deo
1278 2344 1481 2397 favente
1515 2342 1757 2395 celeriter

215 2438 503 2505 pristinam
531 2438 885 2491 membrorum
913 2436 1186 2488 sanitatem
1218 2435 1499 2501 reciperet,
1532 2432 1759 2502 gratula-

216 2525 402 2578 bunda
428 2534 480 2579 et
504 2524 747 2579 exultans
772 2518 1039 2593 Deumque
1072 2524 1314 2587 laudans,
1357 2522 1582 2591 propriis
1607 2537 1754 2590 gres-

218 2616 376 2669 sibus
400 2614 465 2668 ad
490 2629 583 2668 sua
612 2629 819 2669 reversa
844 2623 943 2669 est.

294 2702 385 2757 18.
424 2703 585 2771 Igitur
609 2704 887 2771 instigante
914 2702 1380 2770 maligno,juvenis
1405 2686 1633 2771 quidam,
1663 2718 1757 2755 no-

222 2792 373 2845 mine
416 2791 621 2856 Adam,
668 2791 947 2849 llenricum
995 2788 1212 2844 fratrem
1259 2806 1409 2843 suum
1453 2806 1549 2858 per
1590 2792 1758 2843 rixam

224 2880 515 2943 interfecit,
533 2888 585 2933 et
600 2894 694 2948 pro
710 2880 809 2933 hac
838 2894 1017 2943 causa,
1038 2879 1304 2947 judicante
1332 2877 1461 2933 Jona
1488 2878 1753 2946 episcopo,

224 2967 525 3034 ﬂagellatus
542 2975 699 3036 atque
724 2968 775 3021 in
795 2980 1058 3021 carcerem
1086 2974 1261 3019 trusus
1279 2974 1375 3027 est,
1401 2966 1453 3018 in
1478 2980 1579 3033 quo
1603 2965 1757 3017 etiam

227 3070 338 3109 uno
366 3071 501 3110 anno
525 3054 692 3122 jacuit
715 3094 730 3119 ,
772 3053 957 3109 deinde
988 3053 1325 3107 circumdatis
1358 3051 1588 3105 brachiis
1617 3050 1756 3104 ferro

226 3156 283 3200 et
309 3160 532 3216 corpore
558 3146 757 3209 medio,
803 3144 995 3199 indicto
1022 3143 1307 3198 fortissimo
1340 3140 1539 3210 jejunio
1576 3140 1764 3195 discal-

226 3232 431 3299 cealus,
473 3242 525 3287 et
560 3234 674 3287 sine
709 3218 847 3286 lineo
880 3233 1183 3285 indumento
1218 3233 1273 3285 in
1305 3230 1547 3285 exsilium
1574 3230 1763 3284 missus

227 3332 331 3377 est.

300 3410 501 3477 Quarto
532 3428 657 3467 vero
683 3412 853 3467 exsilii
883 3412 963 3469 sui
1004 3427 1139 3466 anno
1175 3421 1294 3467 ante
1322 3410 1613 3481 sepulcrum
1638 3410 1766 3465 Ger-

230 3500 442 3569 thrudis
488 3499 682 3554 ferrum
734 3500 797 3553 de
847 3501 1059 3554 sinistro
1107 3500 1221 3567 ejus
1266 3500 1483 3553 brachio
1532 3490 1760 3560 cecidit;

231 3588 422 3643 deinde
464 3596 584 3657 post
627 3588 749 3641 anni
776 3588 1029 3641 circulum
1064 3574 1117 3639 in
1152 3587 1315 3641 Roma
1353 3588 1404 3639 in
1440 3588 1547 3654 ipsa
1580 3594 1761 3654 erypta

233 3678 291 3731 S.
320 3676 463 3731 Petri
492 3676 690 3732 ferrum
711 3718 725 3741 ,
768 3692 870 3746 quo
898 3677 1211 3746 praecinctus
1242 3684 1385 3741 erat,
1427 3675 1765 3729 nihilominus

232 3763 441 3817 cecidit.
473 3763 602 3817 Cum
626 3773 798 3818 autem
822 3766 1011 3819 iterum
1035 3765 1251 3818 Romam
1276 3774 1498 3833 peteret,
1526 3763 1763 3833 contigit,

231 3861 290 3905 ut
324 3852 624 3907 intlrmi‘ate
646 3853 815 3907 valida
859 3854 963 3907 illic
1003 3853 1402 3922 deprimeretur,
1447 3867 1668 3919 cumque
1712 3853 1763 3904 in

236 3939 347 4005 ipsa
380 3940 687 4007 :egritudine
712 3941 818 3993 vita
846 3940 959 4009 ejus
989 3928 1263 4009 desperata
1292 3939 1509 4004 fuisset,
1555 3940 1764 4008 quidam

236 4026 288 4077 in
316 4026 491 4093 specie
519 4027 830 4081 sacerdotali
860 4042 951 4095 per
978 4026 1147 4079 visum
1176 4027 1415 4095 apparuit
1440 4028 1517 4089 ei,
1542 4028 1759 4083 dicens:

205 4160 211 4171 ,
236 4111 426 4182 Surge,
452 4114 582 4167 vade
610 4120 663 4167 et
712 4113 1006 4182 sepulcrum
1039 4112 1093 4167 S.
1122 4113 1347 4183 Ludgeri
1372 4114 1632 4181 quondam
1658 4113 1767 4180 epi-

236 4200 381 4268 scopi
428 4199 693 4255 Saxonum
734 4202 1125 4271 Fresonumque
1166 4203 1429 4272 perquire,
1461 4209 1514 4257 et
1539 4202 1643 4255 illic
1669 4203 1764 4255 do-

237 4288 379 4342 mino
409 4289 691 4343 miserante
716 4305 811 4358 pro
840 4291 1040 4343 meritis
1076 4291 1184 4343 suis
1218 4292 1491 4343 sanitatem
1522 4291 1760 4359 recipies.

237 4374 348 4438 Qua
377 4374 576 4428 visione
618 4376 821 4444 expleta
864 4375 1139 4429 confestim
1171 4377 1235 4430 de
1277 4376 1611 4440 infirmitate,
1660 4392 1762 4445 qua

238 4463 645 4531 deprimebatur,
687 4466 953 4520 absolutus
994 4474 1104 4529 est,
1148 4465 1317 4520 adhuc
1354 4475 1528 4520 tamen
1566 4466 1764 4520 ferrum

230 4551 511 4608 brachium
538 4554 650 4622 ejus
676 4557 913 4611 dextrum
943 4566 999 4609 ut
1026 4557 1169 4625 prius
1203 4556 1409 4610 fortiter
1434 4558 1675 4621 strinxit,
1713 4567 1767 4612 et

241 4642 312 4694 ita
332 4653 637 4713 consumpta
657 4661 815 4700 carne
834 4648 1109 4715 nervisque
1134 4648 1300 4716 ipsum
1323 4648 1479 4703 etiam
1502 4664 1560 4701 os
1581 4650 1762 4703 eodem

242 4731 380 4789 ferro
411 4742 517 4787 tam
544 4735 711 4788 valide
749 4737 1085 4804 prrecinctum
1112 4744 1211 4800 est,
1242 4745 1298 4790 ut
1325 4754 1505 4793 omnes
1532 4737 1763 4806 ejusdem

242 4825 469 4880 dextera:
493 4827 643 4896 digiti
669 4836 860 4895 praeter
888 4829 1123 4897 pollicem
1149 4839 1202 4883 et
1229 4831 1449 4883 indicem
1478 4831 1672 4884 debiles
1702 4847 1781 4887 ac.

246 4914 397 4983 rigidi
423 4927 805 4985 permanerent.
834 4920 960 4972 Erat
979 4921 1116 4972 enim
1150 4929 1477 4973 memoratus
1496 4921 1654 4974 miser
1677 4920 1762 4989 ju-

245 5004 409 5066 venis,
430 5014 483 5058 et
503 5006 618 5059 ideo
634 5008 693 5058 at'
729 5015 1052 5075 augmentum
1068 5007 1258 5060 doloris
1283 5008 1361 5061 sui
1378 5023 1563 5061 carnes
1578 5008 1689 5075 ejus
1709 5018 1762 5062 et

246 5107 360 5147 ossa
388 5094 439 5147 in
462 5104 691 5164 tempore
714 5097 1030 5148 vinculorum
1058 5112 1269 5149 suorum
1297 5106 1588 5150 creverunt.
1606 5097 1760 5151 Cum—

247 5198 347 5250 que
375 5200 526 5239 mane
551 5186 807 5239 somnium
840 5186 1119 5247 retulisset,
1151 5186 1343 5238 ibidem
1372 5187 1546 5238 statim
1587 5187 1757 5251 multi,

317 5322 342 5349 ι
363 5309 825 5390 Antwerpiens'.'et
853 5311 1169 5390 Benedictini
1197 5329 1207 5361 :
1246 5310 1590 5390 In_Riptt_ariis
1610 5312 1764 5379 juxta
1796 5372 1799 5375 _

250 5378 523 5457 ingressum
548 5377 683 5457 silva!
714 5379 1023 5457 Hamqrithi,
1053 5378 1169 5457 villa
1199 5377 1406 5457 nomine
1426 5377 1621 5433 Βαάίεὰ
1648 5397 1765 5433 cono

252 5447 419 5514 stituta
447 5456 541 5509 est,
570 5447 624 5498 in
645 5463 745 5513 qua
773 5447 955 5499 mulier
980 5447 1233 5514 quwdam,
1263 5456 1362 5501 etc.

319 5513 345 5551 δ
365 5514 744 5581 Antvverpiens.
767 5524 819 5569 et
836 5513 1100 5587 Benedict.
1122 5534 1133 5567 :
1163 5532 1411 5587 sanusque
1433 5517 1597 5587 rediit,
1621 5529 1766 5587 atque

256 5586 300 5632 'm
328 5599 411 5642 ea,
461 5599 612 5651 quam
644 5594 927 5651 acceperat,
974 5585 1205 5646 sanitate,
1254 5583 1467 5636 Doininn
1504 5583 1763 5651 largiente,

250 5652 536 5718 permansit.
588 5651 753 5721 Atque
799 5654 847 5706 in
895 5653 974 5706 his
1016 5652 1185 5705 verbis
1226 5652 1412 5707 desinit
1445 5655 1558 5707 Vita
1600 5657 1762 5707 sancti

1853 1905 1927 1958 tis
1960 1912 2171 1972 repente
2198 1903 2399 1956 tribuit.
2452 1901 2575 1967 Quae
2618 1910 2791 1955 tamen
2834 1908 3047 1969 peracto
3090 1900 3276 1953 itinere
3318 1899 3381 1951 ad

1830 1993 1990 2048 idem
2016 1993 2312 2061 sepulcrum
2344 2006 2461 2044 cum
2490 1990 2839 2044 oblationibus
2867 2004 2991 2043 sana
3020 1988 3292 2051 exultans,
3330 1994 3383 2041 et

1854 2081 2163 2135 salvatorem
2189 2080 2405 2133 laudans
2425 2079 2681 2148 pervenit,
2706 2086 2757 2132 et
2778 2078 2850 2131 ita
2872 2078 3149 2133 incolumis
3172 2078 3237 2131 ad
3262 2091 3384 2147 pro-

1856 2172 1969 2241 pria
1996 2169 2168 2225 rediit.

1924 2260 2007 2312 2!).
2045 2258 2308 2313 Cobbonis
2332 2257 2646 2313 venerabilis
2673 2259 2891 2313 comitis,
2916 2258 3133 2312 colonus
3172 2257 3383 2326 quidam

1856 2349 2237 2403 adolescentem
2284 2348 2445 2402 tilium
2487 2347 2866 2403 Warmundum
2911 2348 3122 2401 nomine
3164 2347 3381 2410 habuit,

1856 2454 2008 2509 quem
2040 2440 2295 2509 malignus
2323 2441 2537 2509 spiritus
2563 2440 2783 2503 invasit,
2829 2447 2883 2491 et
2914 2447 3022 2492 tam
3048 2439 3384 2491 vehementer

1856 2546 2051 2587 vexare
2091 2532 2251 2599 ccepit
2274 2572 2287 2594 ,
2337 2538 2395 2583 ut
2438 2530 2503 2583 ad
2549 2530 2965 2598 desperationem
2991 2528 3097 2581 vita
3126 2526 3236 2594 ejus
3263 2541 3383 2595 per-

1857 2623 2011 2675 ducta
2036 2630 2192 2674 esset.
2242 2602 2411 2687 Cujus
2428 2627 2596 2673 mater
2623 2620 2735 2673 hzec
2763 2618 2986 2672 domina:
3012 2632 3118 2672 suze
3146 2616 3389 2672 videlicet

1857 2707 2008 2762 uxori
2036 2707 2296 2761 Cohbonis
2321 2706 2539 2762 sollicite
2582 2722 2674 2775 per
2716 2707 2955 2759 nuntium
3000 2704 3232 2757 indicare
3275 2712 3387 2757 stu-

1858 2797 1987 2850 duit.
2039 2794 2130 2847 llla
2170 2808 2297 2850 vero
2348 2792 2617 2849 confestim
2664 2792 2929 2845 mandavit
2971 2792 3021 2844 ei
3065 2791 3243 2845 dicens
3280 2808 3292 2842 :
3330 2789 3386 2845 Si

1858 2886 2027 2939 adhuc
2055 2884 2190 2938 filius
2214 2884 2361 2948 vivit,
2395 2881 2475 2937 fac
2501 2897 2622 2936 eum
2650 2881 2891 2935 celeriter
2918 2880 3111 2943 efferri,
3140 2887 3192 2933 et
3218 2888 3389 2935 statue

1854 2972 2001 3026 illum
2029 2978 2209 3026 contra
2234 2972 2372 3025 viam
2399 2985 2515 3039 quae
2563 2971 2704 3024 ducit
2738 2970 2802 3023 ad
2843 2969 3138 3038 sepulcrum
3167 2968 3222 3022 S.
3251 2968 3389 3022 Lud—

1861 3061 2002 3128 geri,
2031 3068 2083 3113 et
2126 3059 2283 3113 credo
2312 3059 2449 3128 quod
2474 3073 2569 3127 pro
2599 3058 2829 3125 ejusdem
2860 3057 3040 3111 famuli
3070 3058 3159 3111 Dei
3188 3058 3390 3112 meritis

1863 3148 2125 3203 sanandus
2148 3148 2234 3201 sit.
2279 3145 2410 3201 Cum
2438 3162 2562 3216 ergo
2586 3154 2756 3200 mater
2783 3161 2878 3215 pro
2908 3145 3089 3199 eodem
3139 3146 3391 3201 semivivo

1862 3251 2023 3305 puero
2041 3235 2189 3302 juxta
2216 3244 2532 3305 praeeptum
2563 3234 2787 3288 domina:
2811 3251 2917 3289 sua:
2938 3243 3056 3289 vota
3082 3243 3386 3305 perageret;

1862 3324 2104 3377 continuo
2133 3322 2185 3375 in
2208 3322 2391 3375 eodem
2418 3320 2549 3384 loco,
2578 3330 2635 3374 et
2663 3321 2714 3373 in
2745 3321 2925 3375 eodem
2963 3329 3245 3384 momento,
3287 3322 3390 3375 dat.

1861 3426 2014 3465 mone
2028 3409 2490 3479 expulso,plenam
2520 3410 2799 3463 sanitatem
2831 3409 3051 3477 accepit.
3087 3409 3284 3463 Deinde
3311 3425 3392 3463 se-

1862 3504 2085 3556 cundum
2115 3502 2408 3570 sponsionis
2433 3510 2647 3566 votum,
2681 3502 2747 3554 ad
2776 3508 3124 3555 memoratum
3158 3501 3257 3554 viri
3300 3502 3391 3554 Dei

1862 3590 2156 3659 sepulcrum
2185 3605 2342 3643 sanus
2382 3605 2411 3643 a
2454 3601 2621 3642 matre
2661 3590 2939 3659 perductus
2977 3598 3088 3653 est,
3134 3605 3393 3658 sanusque

1863 3676 2018 3732 rediit
2038 3680 2087 3731 ῖ).
2344 3686 2347 3687 ⁷

1930 3767 2015 3820 21.
2054 3768 2247 3821 Verum
2285 3766 2555 3835 Ludgerus
2589 3768 2828 3833 quamvis
2867 3776 3054 3825 cuncta
3096 3766 3392 3835 hujusmodi

1862 3869 2021 3924 Opera
2045 3854 2308 3907 occultare
2336 3854 2513 3916 vellet,
2544 3868 2645 3905 non
2677 3861 2851 3907 tamen
2883 3853 2962 3906 ha:
2992 3853 3098 3906 Deo
3131 3854 3396 3908 revelante

1862 3957 2234 4011 usquequaque
2268 3941 2459 3995 etl‘ecit.
2512 3941 2643 3995 Villa
2686 3950 2766 3994 est
2811 3942 2862 3994 in
2908 3941 3134 3996 Saxonia
3173 3943 3226 3995 in
3262 3957 3394 4010 pago

1865 4030 2116 4100 Suderge,
2141 4030 2273 4083 Alna
2293 4041 2313 4067 ο
2338 4037 2653 4098 nuncupata.
2680 4030 2759 4083 Ad
2784 4031 2920 4083 hanc
2966 4030 3088 4083 dum
3116 4030 3395 4100 parochias

1864 4134 1984 4172 suas
2019 4119 2275 4172 circuiens
2303 4118 2536 4179 veniret,
2580 4118 2664 4171 die
2698 4118 2926 4185 quadam
2966 4118 3182 4172 sedente
3222 4134 3285 4173 eo
3327 4118 3393 4172 ad

1863 4224 2131 4272 mensam,
2178 4208 2485 4262 audiebatur
2530 4205 2658 4261 foris
2698 4206 2926 4261 clamare
2970 4222 3189 4275 pauper,
3236 4209 3396 4261 anxie

1864 4299 2175 4358 obsecrans,
2216 4304 2277 4348 ut
2313 4296 2587 4365 episcopus
2615 4310 2810 4348 aecum
2840 4295 3104 4348 hominem
3131 4297 3395 4364 respicere

1864 4386 2185 4455 dignaretur.
2219 4383 2507 4437 Festinavit
2530 4381 2799 4445 diaconus,
2830 4381 2976 4450 cujus
3001 4383 3052 4436 id
3076 4392 3189 4437 erat
3214 4384 3392 4446 officii,

1863 4484 2051 4544 putans
2074 4490 2232 4527 unum
2256 4488 2371 4528 esse
2390 4473 2452 4527 de
2472 4473 2807 4542 pauperibus,
2837 4472 2925 4541 qui
2953 4473 3139 4539 stipem
3163 4474 3390 4542 petierit,

1863 4577 2176 4631 sumensque
2210 4578 2393 4631 panem
2422 4572 2474 4615 et
2499 4562 2670 4615 cibum
2699 4559 2936 4630 porrexit
2962 4560 3281 4620 illi.,Renuit
3308 4563 3396 4622 ille

1865 4652 2116 4721 accipere,
2151 4650 2286 4703 aliud
2316 4652 2413 4704 sibi
2468 4651 2646 4703 dicens
2690 4664 2806 4703 esse
2835 4652 3208 4704 necessarium.
3242 4652 3393 4705 Defe-

1864 4742 2074 4793 rebatur
2098 4747 2268 4807 potus.
2312 4738 2418 4801 ille,
2448 4754 2543 4791 nec
2576 4740 2674 4792 hoc
2709 4753 2766 4791 se
2806 4739 2935 4791 velle
2962 4742 3251 4811 respondit,
3293 4757 3391 4798 nec

1864 4838 2077 4900 pmpter
2104 4829 2291 4897 stipem
2329 4829 2605 4896 petendam
2645 4842 2701 4881 se
2736 4826 2983 4892 venisse,
3029 4828 3119 4882 sed
3164 4838 3222 4883 ut
3269 4839 3391 4886 ante

1863 4922 2162 4987 episcopum
2212 4918 2689 4981 intrornittcretur,
2731 4926 2790 4971 ut
2836 4932 2975 4972 caeco
3015 4917 3211 4975 homini
3262 4924 3389 4976 sub,

1862 5008 2079 5060 veniret.
3032 5066 3035 5067 ,

1932 5096 1997 5147 At
2023 5096 2287 5157 diaconus,
2320 5109 2422 5146 non
2448 5092 2709 5146 intellecto
2738 5091 2876 5159 quod
2902 5094 3273 5161 postulaverit,
3308 5098 3385 5150 di-

1864 5186 2022 5247 misso
2044 5184 2131 5237 illo
2150 5184 2201 5237 in
2221 5183 2429 5237 domum
2450 5196 2719 5249 regressus
2737 5188 2835 5235 est.
2870 5181 3033 5235 Porro
3055 5183 3138 5236 ille
3158 5182 3285 5237 foris
3308 5198 3385 5237 re-

1862 5311 2107 5381 Ludgeri,
2126 5325 2281 5381 quam
2300 5309 2509 5363 edidere
2526 5307 2947 5381 Antvrenpienses
2966 5317 3020 5363 et
3038 5308 3379 5365 Benedictini.

1861 5377 2181 5444 Quzeautem
2212 5380 2265 5430 in
2292 5385 2471 5446 nostro
2498 5377 2780 5446 exemplari
2810 5385 3117 5446 sequuntur,
3146 5389 3235 5433 aut
3260 5395 3383 5433 con-

1863 5449 2137 5502 tinuatoris
2159 5487 2173 5510 ,
2218 5454 2309 5499 aut
2344 5445 2506 5510 ipsius
2540 5444 2745 5499 Altfridi
2771 5484 2785 5508 ,
2834 5444 2899 5499 ea
2943 5447 3199 5500 habentur
3222 5450 3378 5501 etiam

1863 5517 2043 5570 iisdem
2084 5516 2247 5569 ferme
2275 5514 2448 5566 verbis
2488 5514 2538 5566 in
2581 5514 2823 5581 anonymi
2863 5516 3111 5568 comtanei
3148 5515 3377 5571 Frisoniz

1863 5586 2006 5639 Actis
2036 5601 2063 5637 a
2091 5585 2336 5637 Browero
2362 5583 2515 5635 editis
2543 5597 2605 5635 ex
2635 5597 2731 5634 ms.
2762 5582 3025 5637 Fnldensi.

1933 5666 1950 5691 ε
1983 5654 2281 5707 Cincinnius
2310 5652 2362 5705 in
2387 5650 2511 5715 Tit,
2544 5665 2588 5704 c.
2616 5650 2700 5713 “3i,
2736 5650 2854 5704 Alrn
2884 5660 3049 5705 vocat.
