3886 6228
523 296 618 360 791

1394 296 1491 355 AD
1528 298 1583 357 s.
1630 295 1958 354 LUDGEtu
1998 274 2279 356 seruem
2313 305 2667 358 APPENDIX.

3246 116 3840 389 η,

524 404 679 455 llt'ltls
701 418 816 455 t'tltlt
843 404 1025 459 iterato
1046 402 1131 456 ἀίιι
1153 402 1548 463 vociferaretur,
1568 402 1770 455 tandem
1804 404 2028 454 circum-
2055 416 2093 466 Α
2127 412 2507 477 permutarent,
2534 413 2749 466 Factum
2778 424 2857 466 est
2878 415 2995 469 hoc,
3041 416 3291 472 Discessit
3314 422 3536 477 ξιηιῖςιεδ
3556 464 3569 484 ,
3608 434 3665 477 ει

521 492 751 554 spicieus
774 490 1043 559 Ludgcrus
1062 507 1075 543 :
1096 491 1289 555 Quare,
1318 490 1565 557 inquitad
1601 491 1897 549 diaconum,
1919 500 2023 541 tam

519 580 605 629 dtu
620 578 950 631 dissimulare
969 577 1068 636 vis.
1087 580 1223 643 quod
1242 578 1388 631 audis
1402 576 1427 628 τ
1455 575 1520 630 Et
1540 576 1805 645 respondit
1825 592 1839 628 :
1862 574 2029 627 Detull

519 672 590 723 illi
625 672 797 740 cibum
856 679 1171 739 potumque;
1206 675 1295 723 sed
1334 669 1418 724 ille
1464 668 1593 722 nihil
1628 669 1814 722 horum
1855 676 2021 721 curat.

477 775 481 778 '
517 758 820 822 Nummum,
856 761 949 819 ait,
982 758 1045 811 da
1080 760 1126 811 ei
1151 775 1164 821 ;
1192 758 1333 826 quod
1357 772 1473 810 cum
1498 757 1729 819 fecisset,
1755 766 1802 811 et
1836 756 2023 809 ni.:ilo-

518 850 691 900 minus
713 856 1070 913 sperneretur,
1088 846 1248 915 jussit
1263 862 1380 901 eum
1402 846 1679 914 episc0pus
1699 846 1762 899 ad
1789 861 1845 899 se
1865 847 2027 899 intru-

516 937 657 988 duci.
676 935 802 988 Dum
826 937 1154 991 introductus
1171 945 1328 999 esset,
1345 938 1417 989 ait
1438 936 1507 989 illi
1529 952 1542 990 :
1567 934 1700 1000 Quid
1731 944 1829 998 est,
1849 934 2027 997 frater,

516 1026 654 1091 quod
695 1026 892 1086 habes;
926 1027 1051 1094 quid
1079 1038 1160 1080 est
1184 1027 1319 1095 quod
1350 1024 1589 1094 expetis?
1620 1026 1706 1078 llle
1732 1024 2024 1090 respondit:

515 1114 617 1166 l-‘ac.
651 1124 709 1167 ut
738 1113 963 1175 videam,
1004 1129 1150 1183 rogo,
1182 1124 1392 1183 propter
1419 1130 1649 1167 amorem
1687 1113 1794 1166 Dei.
1816 1112 2024 1177 Videas,

517 1206 688 1269 inquit
724 1203 1017 1272 Ludgerus,
1052 1205 1262 1273 propter
1284 1222 1514 1259 amorem
1543 1204 1653 1257 Dei.
1674 1203 1735 1257 Et
1758 1206 1945 1258 mirum
1974 1206 2024 1257 in

520 1291 753 1354 modum,
775 1307 893 1344 cum
916 1294 1013 1346 hoc
1039 1310 1139 1346 non
1160 1295 1464 1361 imperando
1481 1296 1687 1355 dixerit,
1714 1296 1802 1348 sed
1828 1304 2025 1347 tantum

522 1379 743 1432 miratus
761 1381 1085 1447 petitionem,
1104 1382 1291 1434 similia
1311 1383 1464 1435 verba
1484 1383 1829 1448 respondi-rit;
1850 1383 2024 1435 statim

514 1467 601 1519 ille
627 1468 1066 1538 vidit,jussusqtte
1086 1473 1333 1524 accedere
1349 1474 1412 1524 ad
1436 1487 1665 1525 mensam
1691 1472 1855 1525 laetior
1878 1485 2026 1524 com-

515 1554 621 1607 edit.
643 1565 693 1607 et
722 1556 851 1609 bibit
883 1559 1112 1624 abiitque
1148 1559 1198 1610 iu
1230 1561 1364 1612 viam
1400 1575 1573 1615 suam;

585 1644 667 1695 ἓξ.
706 1643 961 1697 Fert-baut
998 1655 1170 1698 autem
1194 1648 1510 1708 veracissimi
1538 1652 1633 1701 viri
1664 1649 1726 1701 de
1759 1650 2026 1717 discipulis

514 1736 647 1799 ejus,
676 1733 816 1800 quod
872 1736 1096 1802 quodam
1157 1747 1407 1804 tempore,
1468 1742 1589 1790 dum
1626 1739 1688 1791 ad
1724 1742 2022 1792 comitatum

517 1838 753 1890 pergens,
788 1838 879 1890 per
916 1812 1278 1889 provinciales,
1314 1830 1399 1894 Qui
1440 1826 1586 1880 llassi
1619 1830 1881 1891 dicuntur,
1928 1831 2024 1883 iter

517 1924 711 1981 ageret,
747 1931 837 1983 per
868 1919 1133 1969 orationes
1163 1916 1274 1982 ejus
1308 1922 1461 1971 homo
1489 1930 1727 1972 mortuus
1758 1922 2019 1975 revixerit.

519 2008 616 2069 Qui
648 2007 848 2060 scilicet
891 2018 1101 2075 propter
1134 2008 1327 2062 furtqu
1361 2012 1678 2063 caballorum
1732 2011 2021 2065 Widckindi

516 2096 665 2149 ducis
687 2095 951 2150 Saxonum
982 2107 1000 2127 ⁸
1024 2100 1144 2151 huic
1182 2100 1333 2151 morti
1358 2100 1681 2168 adjudicatus
1723 2102 1841 2163 fuit,
1887 2114 1940 2155 ut
1970 2106 2023 2155 in

518 2200 710 2253 campo
736 2188 801 2241 ad
829 2190 1058 2255 stipitem
1086 2190 1290 2257 ligatus,
1312 2191 1517 2258 jactatis
1560 2194 1611 2244 in
1661 2209 1777 2246 eum
1804 2195 2021 2251 sudibus

517 2276 689 2330 acutis
717 2286 769 2329 et
819 2277 1073 2345 lapidibus
1110 2294 1403 2338 necaretur.
1462 2284 1607 2346 Quod
1647 2283 1769 2335 dum
1822 2286 2016 2338 factum

514 2368 930 2435 fuisset,corpus
955 2372 1197 2439 exanime
1222 2372 1271 2423 in
1295 2388 1477 2439 campo
1494 2374 1731 2425 relictum
1753 2383 1849 2426 est.
1872 2372 2021 2427 Venit

513 2462 689 2507 autem
721 2454 990 2522 Ludgerus
1039 2473 1191 2513 secus
1222 2461 1414 2522 locum,
1462 2471 1513 2513 et
1555 2471 1824 2529 comperto
1878 2466 2018 2531 quod

513 2542 849 2597 Christianus
872 2544 1055 2609 fuerit,
1082 2548 1291 2601 mittens
1314 2550 1375 2601 ad
1398 2546 1763 2615 \Vitikindum,
1784 2567 2021 2619 penetra—

512 2632 581 2686 vit
618 2633 681 2685 ad
708 2634 1029 2687 humandum
1061 2651 1271 2705 corpus.
1306 2636 1497 2693 Dehinc
1544 2641 1806 2709 discerpta
1857 2644 2021 2704 totius

516 2722 755 2786 corporis
786 2725 1015 2775 membra
1052 2725 1205 2791 pallio
1229 2726 1399 2793 colligi
1427 2727 1604 2792 jussit,
1650 2738 1700 2781 et
1730 2728 1907 2781 inferri
1961 2728 2016 2781 in

511 2808 791 2860 tentorium
817 2824 991 2869 suum,
1012 2812 1176 2862 donec
1200 2811 1464 2865 liumaudo
1480 2814 1685 2879 corpori
1714 2816 2015 2881 sepulcrum

514 2905 807 2959 pararetur.
839 2896 965 2948 Dum
1007 2899 1068 2949 ad
1094 2898 1189 2950 hoc
1218 2909 1427 2950 ventum
1456 2913 1614 2962 esset,
1639 2913 1693 2953 ut
1719 2903 1911 2954 elatum
1946 2904 2010 2956 de

510 2985 763 3044 tentorio,
804 2984 854 3036 iu
896 2983 1090 3043 fossam
1157 2998 1448 3055 ponerent,
1495 3000 1698 3043 astante
1742 2992 2015 3058 episcopo,

510 3071 715 3135 lifl‘ei'te,
740 3073 929 3139 inquit,
948 3090 1064 3128 eum
1081 3090 1141 3126 cs
1163 3077 1379 3139 tumulo,
1399 3092 1517 3129 nam
1541 3078 1609 3130 illi
1632 3076 1843 3144 spiiitus
1858 3081 2017 3136 inest.

509 3162 607 3227 Qui
638 3163 760 3216 dum
791 3164 1026 3218 elevatus
1047 3178 1204 3227 esset,
1238 3170 1492 3233 respirare
1522 3172 1703 3235 cmpit,
1736 3180 1785 3223 et
1818 3170 2009 3225 iterum

491 3238 670 3325 illatus
708 3243 760 3295 in
806 3245 1089 3297 tentorium
1132 3243 1308 3299 oblato
1349 3254 1471 3313 potu
1516 3245 1923 3314 refocillabatur,
1969 3261 2024 3308 et

490 3329 637 3398 ligari
669 3330 825 3397 jussit
856 3334 1076 3386 antistes
1102 3333 1314 3387 vulnera
1342 3334 1454 3401 ejus
1476 3376 1489 3397 ,
1536 3345 1589 3389 et
1634 3338 1685 3390 in
1713 3338 1857 3393 brevi
1886 3349 2019 3394 tem-

491 3432 615 3481 pore
640 3417 924 3470 convaluit.
978 3417 1091 3471 Stat
1120 3419 1287 3473 adhuc
1322 3420 1370 3472 in
1406 3434 1469 3474 eo
1497 3420 1609 3474 loco
1648 3421 1847 3491 lapidea
1890 3438 2018 3479 crux

492 3522 540 3557 tu
579 3518 969 3560 monumentum
1008 3509 1242 3561 miraculi
1277 3508 1430 3576 hujus
1474 3510 1537 3563 ali
1583 3511 1765 3564 incolis
1803 3524 2014 3567 erecta:

486 3605 543 3647 rt
565 3608 629 3645 ex
660 3595 869 3647 nomine
894 3594 1006 3661 ejus
1035 3596 1152 3648 dein
1181 3596 1307 3658 viri,
1351 3597 1471 3665 quia
1506 3596 1686 3650 Buddo
1713 3601 2017 3666 vocabatur,

487 3700 704 3753 campus
732 3685 816 3737 ille
840 3684 1164 3738 Buddonuelt
1188 3701 1352 3753 usque
1380 3686 1530 3741 hodie
1558 3689 1881 3744 nominatur.

556 3775 641 3830 Ἠ).
683 3774 941 3846 Oppidum
966 3784 1047 3829 est
1074 3774 1125 3827 in
1152 3774 1377 3829 Saxonia
1408 3785 1585 3828 notum
1614 3776 1851 3844 plurimis
1881 3778 2017 3846 Mep-

486 3878 588 3929 pea-
609 3865 955 3928 nomlnatum,
999 3865 1051 3917 in
1076 3864 1225 3932 cujus
1251 3864 1472 3926 vicinia,
1504 3864 1624 3917 dum
1655 3865 1876 3918 antistes
1900 3881 2021 3919 san-

488 3962 604 4006 ctus
632 3951 867 4006 Fresiam
888 3966 1109 4021 pergens
1134 3953 1339 4007 veniret
1365 3992 1379 4015 ,
1432 3954 1633 4019 aspexit
1678 3968 1780 4006 non
1808 3953 1959 4023 longe
1987 3970 2013 4007 a

488 4040 570 4093 via
596 4082 615 4102 ,
646 4040 786 4109 vulgi
807 4032 1084 4096 concilium
1109 4039 1192 4093 die
1218 4040 1478 4094 dominica
1504 4049 1891 4111 congregatum.
1935 4044 2017 4096 Di-

487 4128 646 4181 vertit
672 4129 795 4182 illuc
823 4128 1001 4181 volens
1027 4142 1341 4197 cognoscere
1379 4142 1494 4196 quae
1530 4141 1687 4181 causa
1722 4128 2017 4195 bujusmodi

488 4218 833 4271 conventiculi
853 4218 1104 4271 existeret
1126 4217 1214 4271 tali
1237 4218 1585 4285 die.'viditque
1606 4218 1656 4269 in
1683 4218 2014 4286 colle,'quem

487 4305 1004 4362 circumvallaverant
1028 4303 1104 4356 rei
1119 4304 1322 4357 cuidam
1337 4305 1671 4371 suspendium
1694 4320 1923 4372 prmpara
1932 4309 1973 4359 ri
1993 4324 2006 4370 ;

2126 500 2281 553 homo
2302 501 2353 553 in
2375 502 2605 568 patibulo
2632 509 2711 554 est
2737 517 3038 570 suspensus.
3088 506 3155 558 At
3182 522 3307 560 vero
3336 523 3553 577 vespere
3594 512 3661 563 il-

2123 588 2373 651 lius‘diei,
2401 604 2518 642 cum
2543 590 2818 657 episcopus
2845 590 3050 648 itineris
3075 606 3165 645 sex
3194 593 3262 645 ab
3287 607 3350 646 eo
3379 594 3492 649 loco
3537 598 3661 649 mil-

2124 678 2268 731 liaria
2285 679 2588 748 peregisset,
2611 693 2829 732 manens
2851 679 2903 731 in
2918 680 3036 733 villa
3062 695 3177 748 qum
3191 690 3411 735 vocatur
3424 684 3663 737 Aschau-

2124 768 2251 835 dorp
2273 809 2287 831 ,
2317 783 2383 821 en
2418 769 2635 821 veniens
2669 770 2825 823 hoino
2865 770 2967 831 ille,
3014 784 3168 837 quem
3204 772 3359 839 paulo
3398 782 3521 826 ante
3547 790 3661 825 sus-

2121 857 2423 924 penderunt,
2459 857 2524 909 ad
2550 856 2707 925 pedes
2736 858 2963 926 episcopi
2993 861 3210 912 corruit.
3257 860 3568 914 Mirantibus
3599 878 3665 915 ac

2122 947 2508 1000 sciscitantibus
2528 948 2729 1001 cunctis
2743 987 2756 1011 ,
2780 948 3042 1016 quomodo
3060 951 3122 1002 de
3149 964 3210 1001 eo
3227 959 3519 1017 gereretur,
3549 966 3669 1003 rem

2122 1035 2298 1088 taliter
2320 1036 2499 1105 pandit
2529 1055 2540 1089 :
2570 1036 2702 1091 Cum
2740 1052 2837 1105 ego
2863 1077 2877 1100 ,
2925 1039 3202 1105 inquiens,
3254 1041 3504 1108 episcopo
3542 1042 3667 1093 inde

2123 1126 2358 1193 digresso
2383 1166 2397 1189 ,
2442 1140 2650 1179 sursum
2676 1126 2732 1178 in
2759 1120 3047 1193 patibulum
3096 1128 3338 1179 traherer
3359 1168 3373 1190 ,
3417 1128 3669 1181 videbam

2122 1216 2253 1273 duos
2288 1217 2483 1269 virosa
2527 1216 2690 1270 latere
2730 1218 2958 1285 episcopi
3011 1218 3309 1285 equitantes
3352 1218 3659 1285 aliquandiu

2122 1318 2239 1357 cum
2265 1320 2328 1358 eo
2352 1320 2447 1373 per
2480 1305 2581 1360 iter
2608 1304 2747 1373 loqui
2775 1345 2790 1369 ,
2830 1305 3023 1358 dehinc
3065 1316 3181 1372 post
3212 1306 3477 1373 paululum
3526 1306 3669 1359 alter

2121 1392 2307 1447 festiue
2330 1393 2648 1463 regrediens,
2683 1394 2861 1446 nescio
2881 1392 3006 1460 quid
3032 1393 3163 1445 mihi
3188 1394 3434 1459 pendenti
3464 1409 3665 1461 suppo-

2122 1484 2245 1545 suit,
2276 1496 2433 1550 super
2460 1482 2597 1549 quod
2626 1480 2849 1534 firmiter
2880 1488 3025 1533 stans
3050 1495 3152 1533 non
3199 1480 3493 1533 sentiebam
3541 1496 3668 1533 cru-

2119 1570 2351 1631 ciatum;
2387 1570 2553 1623 donec
2591 1570 2842 1637 dispersis
2881 1568 2982 1621 hiis
3018 1570 3107 1636 qui
3144 1584 3227 1621 me
3257 1570 3664 1637 suspenderant,

2121 1666 2176 1710 et
2201 1659 2263 1710 ad
2290 1671 2534 1711 occasum
2562 1665 2808 1725 vergente
2831 1656 2937 1710 sole
2959 1696 2972 1720 ,
3021 1670 3105 1709 me
3144 1657 3279 1709 idem
3307 1657 3405 1725 ipsi
3433 1658 3667 1725 depone-

2052 1725 2095 1781 B
2124 1756 2217 1799 ret.
2254 1747 2549 1815 Depositum
2588 1745 2744 1812 jussit
2783 1746 2885 1799 iter
2910 1752 3143 1799 vestrum
3170 1747 3480 1813 quantocius
3509 1744 3669 1815 sequi

2119 1845 2170 1888 ct
2197 1850 2290 1903 pro
2317 1850 2567 1888 concessa
2609 1835 2714 1886 vita
2742 1844 2927 1888 saneto
2966 1833 3199 1885 Antistiti
3242 1834 3440 1901 gratias
3480 1849 3663 1901 agere.

2120 1938 2276 1991 quam
2307 1920 2455 1975 mihi
2479 1924 2590 1989 ipse
2615 1921 2738 1975 dum
2777 1937 2805 1975 a
2836 1920 2994 1976 fatuis
3023 1914 3468 1985 contemneretur,
3501 1938 3529 1975 a
3562 1923 3664 1975 Do-

2119 2010 2260 2061 mino
2288 2005 2603 2078 impetravit,
2650 2009 2951 2075 addiditque
2997 2024 3052 2062 se
3094 2008 3235 2062 nullo
3283 2018 3437 2077 pacto
3481 2011 3663 2071 scire:

2118 2099 2344 2167 qualiter
2374 2099 2482 2166 ipse
2520 2106 2639 2166 post
2659 2099 2827 2151 virum
2858 2098 2950 2152 Dei
2975 2104 3174 2151 tantum
3213 2098 3311 2151 viae
3339 2101 3567 2166 spatium
3602 2100 3664 2151 in

2118 2196 2383 2240 momento
2404 2185 2742 2255 percurrerit.
2773 2184 2979 2238 Ferunt
2999 2195 3053 2238 et
3094 2186 3195 2238 alia
3225 2187 3389 2239 multa
3420 2187 3663 2239 miranda

2118 2273 2442 2327 venerabiles
2492 2272 2613 2325 virt‘
2643 2272 2708 2326 de
2743 2265 3013 2341 discipulis
3038 2272 3150 2340 ejus
3178 2289 3206 2325 a
3236 2274 3390 2326 beato
3416 2272 3667 2345 Ludgero

2118 2371 2257 2430 gesta
2283 2362 2363 2417 vel
2388 2364 2554 2425 dicta,
2580 2378 2697 2432 qua:
2738 2370 2925 2416 evincta
2973 2377 3165 2431 ponere
3214 2364 3667 2418 immoderatioris

2117 2450 2336 2504 fortasse
2371 2450 2682 2519 prolixitatis
2707 2451 3015 2525 videretur._

2136 2574 2161 2579 -
2184 2537 2270 2611 24.
2300 2537 2559 2591 Praeterea
2581 2538 2957 2611 monasterium
2977 2538 3193 2605 quodin
3222 2540 3421 2593 honore
3447 2538 3662 2595 sanctu-

2119 2596 2231 2677 rm/n
2255 2625 2615 2693 reliquiarum,
2654 2639 2785 2692 quas
2810 2625 2875 2678 ab
2897 2596 3182 2693 apostolico
3204 2635 3501 2695 acceperat,
3531 2627 3661 2681 olim

2118 2724 2422 2769 construere
2485 2714 2754 2777 decrevit,
2816 2714 2903 2768 ubi
2953 2722 3129 2782 posset
3165 2717 3439 2779 construi,
3479 2718 3661 2785 agnita

2118 2805 2497 2857 maritimarum
2540 2804 2807 2873 regionum
2835 2803 3155 2857 desolatidne
3176 2844 3190 2867 ,
3218 2805 3437 2858 sollicite
3478 2806 3669 2874 requi-

2118 2894 2280 2947 rebat.
2314 2891 2425 2948 Duo
2448 2902 2620 2947 autem
2650 2893 2760 2947 loca
2788 2894 3151 2948 construendis
3171 2896 3503 2947 monasteriis
3531 2905 3667 2963 apta

2116 2979 2441 3042 videbantur,
2475 2995 2610 3034 unus
2634 2980 2685 3031 in
2709 2979 2999 3033 Witmuudi
3029 2980 3056 3018 δ
3094 2980 3245 3047 juxta
3290 2978 3504 3034 ﬂuvium
3529 2978 3667 3045 (sla,

2121 3066 2252 3119 alter
2272 3068 2361 3141 qui
2388 3065 2471 3139 Ad
2496 3066 2691 3139 Cruces
2712 3067 2903 3121 dicitur
2923 3083 3074 3122 secus
3101 3068 3312 3121 fluvium
3340 3069 3557 3138 Arnapa
3585 3081 3607 3108 ε
3634 3087 3652 3136 ;

2119 3152 2210 3207 sed
2232 3154 2419 3208 divina:
2444 3155 2780 3224 praescieutite
2794 3155 3111 3209 voluntatem
3137 3172 3293 3225 super
3308 3157 3409 3211 hiis
3431 3158 3661 3211 demon-

2118 3236 2274 3295 strari
2304 3244 2403 3296 sibi
2423 3244 2624 3299 devotis
2649 3242 2860 3312 jejuniis
2884 3252 2938 3296 et
2962 3245 3288 3298 orationibus
3310 3245 3656 3315 deposcebat.

2120 3325 2265 3379 Unde
2294 3318 2427 3380 cum
2452 3328 2516 3381 ad
2550 3328 2748 3391 locum,
2800 3341 2953 3396 quem
2978 3328 3129 3395 juxta
3179 3338 3385 3384 amnem
3432 3316 3658 3401 |Arnapa

2116 3428 2232 3467 eum
2264 3416 2481 3486 elegisse
2505 3416 2749 3479 diximus,
2775 3417 2963 3471 hiemis
3000 3428 3235 3486 tempore
3270 3420 3491 3483 veniret,
3523 3437 3658 3474 cru-

2115 3518 2227 3557 cem
2256 3502 2480 3571 ligneam
2513 3503 2565 3556 in
2609 3518 2672 3556 co
2704 3503 2818 3558 loco
2856 3501 3015 3570 jussit
3061 3506 3213 3574 erigi,
3244 3516 3298 3559 et
3353 3508 3462 3575 ipse
3503 3508 3657 3562 solus

2097 3590 2290 3645 coram
2322 3604 2474 3643 cruce
2514 3590 2567 3643 in
2595 3589 2713 3643 nive
2754 3590 2980 3651 maxima
3008 3592 3126 3644 duri
3164 3591 3374 3661 frigoris
3408 3593 3655 3663 etlonga:

2116 3680 2283 3745 noctis
2310 3679 2540 3748 prolixas
2574 3694 2739 3748 usque
2769 3680 2833 3734 ad
2854 3679 3020 3735 lucem
3050 3681 3101 3735 in
3122 3683 3360 3737 oratione
3386 3688 3657 3753 protraxit

2116 3766 2586 3844 vigilias..l’roinde
2604 3767 2783 3823 .divina
2818 3760 3139 3824 revelatione
3168 3773 3547 3826 monasterium
3577 3773 3654 3828 ibi

2114 3872 2229 3910 esse
2273 3872 2375 3933 non
2403 3872 2576 3927 posse,
2631 3857 2909 3925 cognovit;
2966 3858 3057 3911 sed
3102 3851 3272 3912 locum
3323 3860 3375 3912 in
3416 3861 3653 3929 quodam

2114 3946 2245 4000 saltu
2259 3944 2408 4013 juxta
2437 3946 2647 3999 fluvium
2676 3962 2799 3999 rura
2825 3946 3089 4002 fundando
3127 3951 3443 4005 monasterio
3469 3966 3499 4004 a
3536 3949 3654 4006 Deo

2114 4034 2223 4088 fore
2243 4016 2557 4103 praescitum.
2590 4032 2919 4102 Quapropter
2937 4034 3060 4105 dum
3089 4048 3194 4087 suae
3243 4037 3339 4088 viae
3364 4037 3659 4093 comitibus
3682 4090 3685 4091 ν

2112 4136 2225 4188 quae
2251 4121 2496 4175 divinitus
2521 4129 2857 4189 cognoverat,
2885 4120 3123 4183 referret.
3164 4122 3229 4174 ad
3257 4124 3576 4190 promissum
3616 4142 3649 4179 τι

2111 4208 2218 4262 Ι)δο
2242 4210 2413 4263 locum
2439 4213 2756 4279 properavit,
2775 4220 2827 4265 et
2847 4226 2963 4265 cum
2984 4226 3284 4281 possessore
3298 4211 3412 4279 ejus
3435 4214 3653 4272 locutus

2110 4295 2279 4349 locum
2300 4296 2446 4351 illum
2473 4298 2591 4361 data
2623 4306 2759 4351 terra
2782 4298 2881 4351 alia
2896 4299 3236 4369 comparavit.
3266 4298 3387 4352 Post
3403 4298 3518 4354 haec
3545 4317 3645 4354 au-

487 4392 841 4458 accedensquc
865 4391 1078 4460 propius
1098 4389 1284 4443 affatus
1304 4399 1383 4443 est
1404 4405 1495 4443 eos
1511 4390 1719 4453 blande,
1749 4392 2014 4457 postulans
2046 4376 2091 4432 Ι)
2117 4393 2241 4447 lem.
2278 4400 2395 4438 cum
2428 4386 2855 4457 occupationibus
2891 4387 3054 4439 variis
3077 4384 3288 4438 liberior
3314 4384 3483 4439 factus
3509 4398 3649 4442 tem-

488 4481 589 4535 si'ui
616 4479 835 4534 concedi
864 4479 1167 4541 hominem,
1194 4485 1283 4531 aut
1303 4478 1346 4531 si
1376 4493 1589 4532 necesse
1622 4486 1761 4533 esset
1787 4492 1903 4530 eum
1933 4479 2011 4531 in-

490 4569 678 4630 terfici,
704 4570 805 4625 hoc
848 4581 911 4621 eo
954 4567 1035 4619 die
1076 4580 1403 4633 nequaquam
1433 4564 1689 4627 facerent,
1721 4567 1887 4635 magis
1914 4568 2012 4636 ipsi

488 4660 551 4713 ad
579 4658 852 4715 ecclesiam
878 4657 1066 4709 missas
1086 4655 1266 4707 audire
1285 4654 1645 4727 convenirent.
1673 4652 1904 4719 Cumque
1934 4656 2011 4708 ni-

488 4747 559 4798 liil
582 4747 765 4798 horum
785 4759 813 4797 a
836 4743 1047 4797 rusticis
1071 4742 1350 4809 impetrare
1376 4749 1571 4811 posset,
1621 4742 2011 4795 contumeliosis

490 4834 700 4901 insuper
726 4832 899 4885 verbis
924 4829 1113 4884 clerico
1135 4829 1465 4891 insultantes,
1487 4830 1606 4896 quia
1634 4829 1699 4882 ad
1720 4829 1831 4897 ejus
1858 4845 2011 4899 paro-

491 4921 662 4975 chiam
692 4919 837 4972 locus
856 4918 941 4971 ille
962 4932 1062 4971 non
1089 4917 1398 4985 pertinebat,
1424 4918 1508 4969 vix
1550 4919 1786 4972 obtinere
1807 4919 1971 4986 potuit
1994 4959 2007 4981 ,

490 5018 549 5061 ut
575 5019 853 5077 parumper
898 5018 1018 5057 cum
1063 5004 1271 5058 homine
1319 5004 1380 5056 de
1426 5004 1727 5071 poenitentia
1778 5016 1835 5059 se
1869 5006 2008 5075 loqui

562 5168 593 5234 ι·
770 5155 821 5234 in
844 5154 1032 5234 ﬁnibus
1051 5152 1328 5232 Bassorum
1353 5154 1403 5234 in
1563 5152 1783 5220 quodam
1806 5153 2009 5207 Buden-

491 5222 593 5275 fuld
618 5221 960 5290 Wideltindus
979 5221 1332 5290 possessiones
1355 5222 1552 5290 habuit.
1768 5288 1797 5290 __
2011 5255 2015 5259 .

562 5292 587 5331 δ
621 5287 788 5344 Locus
814 5287 1067 5357 hodi¢ciue
1099 5298 1248 5342 notus
1266 5287 1318 5357 in
1334 5289 1540 5352 tabulis,
1566 5288 1836 5343 intervallo
1851 5290 2004 5342 unius

496 5358 665 5436 leuem-
680 5358 746 5436 ψ
773 5359 901 5436 urbe
930 5356 1321 5436 §utphaniepsi.

563 5437 585 5495 τι
626 5426 788 5495 Vulgo
817 5426 903 5480 hic
924 5424 1110 5495 fluvius
1134 5424 1265 5495 {Ir/1t
1285 5433 1336 5475 et.
1359 5424 1490 5495 Erpe
1516 5424 1703 5495 dicitur
1721 5466 1733 5487 ,
1752 5426 2003 5495 variaque

495 5492 643 5547 Julia:
679 5492 1035 5563 oppidaalluit
1060 5501 1112 5546 et
1139 5493 1316 5546 Rheno
1368 5493 1691 5563 immergitur
1734 5492 2001 5548 Coloniam

499 5566 632 5615 inter
663 5571 713 5615 et
740 5562 1111 5632 Doesburgum.

2110 4488 2205 4540 pus
2242 4472 2363 4525 huic
2389 4474 2645 4527 vacationi
2684 4482 2859 4543 aptum
2886 4474 3118 4529 invenire
3146 4476 3330 4541 potuit,
3354 4479 3650 4546 assumptis

2110 4578 2305 4628 secum,
2328 4580 2459 4634 quos
2501 4566 2625 4621 huic
2652 4569 2793 4635 operi
2823 4568 3143 4628 necessarios
3171 4568 3340 4634 scivit,
3368 4570 3435 4622 ad
3463 4570 3649 4639 ipsum

2110 4645 2277 4705 denuo
2303 4651 2471 4706 locum
2498 4655 2758 4723 profectus
2787 4665 2885 4708 est.

2176 4742 2260 4792 σεδ.
2280 4742 2401 4794 Erat
2416 4742 2482 4795 ilsi
2504 4743 2801 4796 sarculumd
2819 4732 3335 4811 quoddamarborum
3350 4739 3651 4813 opacitate,

2111 4840 2162 4882 ct
2204 4832 2448 4883 silvarum
2477 4832 2734 4885 densitate
2764 4834 2989 4899 undique
3025 4830 3363 4895 conclusum,
3405 4837 3481 4891 ibi
3520 4837 3648 4894 lixis

2114 4919 2347 4970 ten'oriis
2374 4934 2521 4971 mane
2550 4919 2719 4987 primo
2745 4922 2960 4974 arbores
2998 4921 3205 4975 diruere
3243 4930 3297 4976 et
3320 4913 3496 4977 locum
3522 4940 3646 4979 mo.-

2111 5006 2291 5058 ncnlis
2311 5005 2544 5060 aediliciis
2572 5021 2860 5076 expurgare
2881 5048 2895 5072 ,
2936 5010 2979 5062 si
3008 5024 3108 5078 qua
3144 5009 3365 5067 facultas
3389 5013 3641 5093 daretur,

2177 5153 2200 5191 δ
2244 5152 2430 5237 Surins
2456 5154 2611 5207 vertit
2644 5172 2656 5205 :
2689 5148 2880 5237 nemus.
2907 5156 3329 5237 Antvrerpienses
3355 5160 3647 5237 suspican-

2089 5219 2195 5275 ἰω
2217 5222 2464 5275 satiatum
2485 5235 2600 5275 esse
2624 5224 2972 5285 scribendum,
3015 5234 3072 5279 ut
3096 5219 3165 5278 sit
3206 5219 3583 5283 diminutivum
3610 5246 3645 5283 ι

2107 5302 2208 5341 sart
2236 5289 2515 5373 :l'eutonica
2540 5304 2704 5373 voce.“
2711 5290 2982 5373 Germanis
2999 5293 3351 5373 superioribus
3372 5294 3491 5373 bur:
3509 5311 3648 5373 pro:

2102 5358 2336 5439 nuntiata
2356 5372 2502 5439 aqua.
2536 5358 2855 5439 significetur
2872 5375 2992 5439 Anon
3028 5358 3657 5439 simplicitersilva,‘sed~

2101 5427 2227 5500 silva
2248 5439 2355 5493 pra:
2384 5424 2625 5500 frutieum
2659 5428 2915 5481 densitate
2959 5444 3089 5496 pene
3131 5424 3416 5496 impervia;
3456 5424 3681 5500 qualia?

2103 5495 2185 5547 hic
2209 5492 2349 5547 locus
2376 5492 2705 5547 describitur.
