3886 6228
196 370 297 423 τθὸ

1466 336 1639 409 aera
1680 352 1733 403 s.
1778 352 2087 405 Lt‘ustznt.

3257 351 3357 405 ’ναι

195 482 558 553 disponebant.
583 477 732 546 Quod
762 489 932 532 tamen
964 477 1068 530 illis
1098 475 1207 527 liet-i
1238 472 1453 527 omnino
1486 468 1726 536 intpossi-
1758 469 1799 522 Λ
1830 466 2057 518 cundum
2098 458 2417 517 voluntatem
2467 479 2639 518 meam
2683 464 2888 519 loeutus
2919 466 3364 532 benevolentiam,

192 571 297 624 bile
323 570 595 623 videbatur
620 587 633 623 :
657 568 793 621 unde
843 576 895 621 et
922 567 1134 621 beatum
1178 564 1346 616 virum
1387 577 1415 615 a
1443 575 1533 613 sua
1560 559 1725 610 inten—

195 657 337 710 tione
387 657 597 723 penitus
625 667 882 708 revocare
915 653 1205 716 studentes,
1255 650 1500 703 dixerunt
1550 647 1723 699 incre—

199 746 353 801 :iibile
382 761 598 815 prorsus
622 744 788 799 videri
825 744 969 797 illum
1018 742 1190 796 locum
1249 753 1480 808 unquam
1514 736 1724 790 habita-

196 834 351 895 bilem
403 836 515 889 fleri
543 851 736 904 posse,
783 835 1030 902 quoniam
1079 833 1327 886 arborum
1370 830 1629 882 densitate
1674 836 1728 880 et

198 940 460 979 ramorum
496 926 808 978 obductione
844 922 1033 976 etelum
1062 936 1271 988 quoque
1305 920 1473 987 ipsum
1504 919 1725 969 abscon-

192 1017 425 1067 deretur.
455 1014 629 1067 Atille
662 1028 806 1080 spem
832 1028 978 1065 suam
1012 1012 1063 1063 in
1093 1011 1315 1064 Domino
1338 1023 1538 1077 ponens
1565 1024 1577 1069 ;
1611 1021 1726 1074 qua:

190 1105 527 1165 hominibus,
559 1105 754 1173 inquit.
797 1102 1137 1171 impossibilia
1163 1109 1300 1160 sunt,
1331 1100 1439 1153 Deo
1458 1098 1725 1165 possibilia

190 1202 333 1245 sunt.
357 1194 536 1261 Itaque
564 1200 714 1247 nocte
755 1193 1030 1261 ingruente
1053 1206 1171 1245 cum
1202 1190 1489 1256 temperius
1512 1186 1576 1239 ad
1605 1186 1729 1255 vigi-

192 1283 289 1335 tias
309 1282 645 1336 nocturnales
661 1282 1032 1344 surrexissent,
1063 1290 1181 1349 post
1197 1286 1471 1347 peractum
1501 1275 1727 1329 ofﬁcium

193 1389 248 1427 se
275 1373 513 1427 cubitum
541 1373 711 1426 denuo
738 1379 1085 1439 receperunt;
1134 1383 1357 1435 rumque
1396 1367 1501 1432 jam
1546 1381 1727 1421 omnes

192 1463 426 1517 dormire
451 1471 685 1531 putaret,
728 1463 883 1515 tacite
912 1462 1131 1514 surrexi:
1170 1474 1214 1508 ’ἱ
1252 1460 1531 1511 tentorium
1554 1472 1732 1526 egres-

192 1569 282 1607 sus
327 1555 593 1623 paululum
649 1552 901 1607 orationis
951 1551 1115 1620 gratia
1174 1550 1387 1602 accessit
1423 1568 1435 1600 :
1468 1548 1560 1601 sed
1605 1548 1726 1615 quia

192 1643 405 1710 quidam
433 1660 497 1696 ex
522 1643 637 1711 ejus
662 1642 1006 1719 contubernio
1034 1641 1255 1693 clericus
1303 1640 1512 1692 nomine
1541 1638 1726 1691 Thiat-

192 1730 279 1781 bat
331 1729 515 1783 eadem
574 1730 703 1783 bora
763 1729 1030 1798 vigilavit,
1082 1729 1253 1797 ipsum
1281 1725 1560 1780 confestim
1586 1725 1727 1779 foras

190 1825 469 1870 exeuntem
490 1825 698 1871 secutus
724 1826 825 1879 est,
847 1817 985 1885 quod
1009 1830 1127 1869 mox
1156 1816 1235 1868 vir
1262 1815 1355 1870 Dei
1382 1816 1645 1883 cognovit,
1674 1824 1727 1868 et

192 1908 458 1976 paulisper
472 1910 617 1975 quasi
649 1924 742 1977 pro
762 1911 906 1961 horae
924 1907 1247 1974 inspectione
1267 1907 1516 1967 substitit,
1539 1904 1726 1958 deinde

194 1998 589 2053 tabernaculum
621 2001 888 2068 ingressus
933 2010 1116 2049 rursus
1153 1997 1303 2048 exiit.
1357 1994 1457 2047 Sed
1488 1995 1725 2047 eumdem

191 2086 441 2151 clericus,
492 2102 647 2153 quem
690 2086 918 2139 diximus
944 2125 958 2147 ,
994 2094 1203 2138 secutus
1241 2092 1340 2136 est.
1385 2084 1459 2136 ita
1500 2083 1725 2136 secunda

192 2193 405 2245 quoque
432 2177 545 2230 vice
569 2177 805 2229 oratione
828 2175 941 2241 ejus
983 2176 1272 2241 interi-epla
1300 2174 1548 2227 clericum
1594 2181 1729 2226 stra-

195 2279 302 2321 tum
327 2285 479 2321 suum
505 2275 760 2337 repetere,
784 2282 882 2322 nec
902 2266 1201 2319 antelucem
1220 2280 1435 2334 surgere
1456 2264 1721 2332 praecepit.

192 2356 305 2428 Ipse
326 2371 565 2425 quoque,
590 2364 646 2417 ut
674 2355 787 2421 ejus
811 2354 1169 2407 curiositatem
1212 2352 1471 2411 eluderet,
1501 2366 1557 2403 se
1586 2350 1729 2401 cubi-

193 2459 301 2500 tum
333 2447 549 2512 recepit.
593 2442 826 2510 Cumque
866 2443 1164 2511 aliquandiu
1190 2449 1539 2509 exspectaret,
1564 2447 1617 2491 et
1639 2454 1729 2492 ne-

195 2536 390 2586 minem
420 2532 637 2599 vigilare
682 2531 1076 2598 suspicaretur,
1129 2532 1285 2582 tertio
1351 2529 1621 2589 surrexit,
1678 2540 1731 2580 ot

193 2638 438 2691 egressus
467 2622 562 2675 sub
586 2621 807 2690 quadam
837 2621 1025 2673 arbore
1052 2636 1108 2673 se
1137 2622 1187 2671 in
1228 2620 1517 2670 orationem
1549 2618 1687 2670 dedit
1711 2633 1725 2678 ;

192 2728 379 2765 verum
400 2714 519 2764 cuiu
548 2717 869 2763 memoratus
898 2708 1122 2762 clericus
1165 2716 1349 2761 contra
1396 2705 1725 2758 auctoritatis

194 2810 532 2869 praeceptum.
558 2801 703 2866 sequi
742 2815 847 2852 non
866 2799 1080 2851 auderet
1104 2807 1155 2851 et
1178 2796 1408 2858 omnino,
1434 2794 1559 2863 quid
1575 2809 1729 2863 agere

196 2891 381 2950 vellet,
406 2888 678 2956 explorare
702 2886 1010 2947 intenderet,
1053 2884 1313 2952 papilione
1348 2884 1497 2950 juxta
1538 2883 1729 2936 lectum

196 2993 346 3029 suum
390 2977 583 3039 levata,
626 2976 681 3029 in
714 2975 953 3028 oratione
983 2976 1209 3041 positum
1242 2972 1375 3025 vidit
1406 2986 1419 3024 :
1452 2980 1567 3024 erat
1588 2970 1728 3025 enim

197 3082 293 3117 nox
317 3065 441 3118 luna
462 3074 516 3117 et
542 3064 707 3118 stellis
731 3064 1007 3117 admodum
1030 3062 1193 3115 clara.
1216 3061 1414 3115 Etcum
1438 3054 1728 3112 diutissime

197 3161 418 3214 orasset,
447 3160 500 3203 et
539 3166 595 3203 se
638 3166 732 3218 per
776 3150 1018 3216 spiritum
1054 3164 1089 3201 a
1113 3148 1220 3201 Deo
1261 3149 1498 3201 auditum
1533 3160 1726 3214 cogno-

197 3241 381 3299 visset,
411 3238 711 3295 tentorium,
744 3236 969 3298 cunctis,
997 3244 1057 3289 ut
1077 3236 1310 3304 putabat,
1349 3233 1731 3305 ignorantibus,

199 3328 461 3395 repetivit.
491 3326 685 3378 Mutata
710 3324 850 3378 illico
881 3339 997 3392 quae
1018 3332 1141 3377 tunc
1170 3332 1283 3377 erat
1304 3322 1422 3375 cadi
1454 3320 1731 3384 serenitas,

200 3418 478 3469 obscurata
530 3423 669 3466 astra
698 3453 713 3476 ,
750 3421 803 3465 et
850 3413 1020 3465 ventis
1072 3413 1195 3465 hinc
1234 3412 1354 3463 inde
1401 3409 1735 3477 surgentibus

201 3514 486 3571 tempestas
510 3502 668 3554 nimia
694 3500 972 3553 subsecuta
992 3507 1092 3552 est.
1123 3498 1391 3550 Cadebant
1416 3510 1614 3548 annosa
1633 3494 1735 3547 cir—

200 3606 527 3661 cumquaque
548 3590 763 3644 arbusta
778 3628 795 3651 ,
814 3596 871 3641 et
890 3602 1010 3641 cum
1030 3600 1222 3654 magno
1244 3586 1367 3641 licet
1406 3584 1641 3639 omnium
1672 3584 1736 3635 ti-

202 3698 346 3737 more
376 3684 485 3750 ipsa
512 3681 770 3734 elementa
792 3676 987 3731 famulo
1007 3677 1099 3731 Dei
1122 3666 1436 3729 militabant.
1464 3674 1590 3727 Nam
1612 3688 1732 3726 eum

202 3770 430 3822 diluculo
464 3769 905 3830 exsurrexissent,
956 3766 1203 3819 videbant
1246 3766 1429 3819 silvam
1457 3766 1581 3817 hinc
1616 3763 1737 3819 inde

205 3872 408 3914 erutam
439 3858 705 3911 fundanda
751 3857 1071 3910 monasterio
1114 3855 1284 3907 locum
1329 3854 1459 3908 satis
1506 3852 1735 3920 amplum

207 3951 447 4011 dedisse;
483 3956 539 4000 et
588 3948 805 4000 arbores
861 3946 1053 4013 passim
1110 3942 1347 4008 jacentes
1396 3940 1734 3995 sufﬁcientem

206 4036 465 4102 lignorum
489 4034 553 4085 ad
582 4018 979 4085 :e‘dificationcm
1020 4032 1221 4097 copiam
1251 4029 1556 4097 prmbuisse.
1592 4029 1737 4083 Unde

212 4124 265 4176 S.
301 4123 570 4190 Ludgerus
603 4135 721 4175 eum
758 4120 842 4173 die
874 4117 984 4186 jam
1021 4119 1161 4171 clara
1193 4133 1315 4171 suos
1364 4118 1564 4184 reliquo
1591 4121 1737 4185 operi

209 4218 406 4269 instare
440 4215 768 4275 hortaretur,
812 4226 905 4264 eos
939 4210 1272 4277 percunctari
1328 4196 1738 4278 gratulabundus

210 4304 367 4371 «epit
397 4320 408 4354 :
451 4315 584 4353 anne
609 4301 780 4354 adhuc
806 4299 994 4352 cretum
1026 4311 1081 4350 se
1117 4312 1179 4349 ex
1211 4296 1297 4350 illo
1323 4297 1437 4351 loco
1462 4297 1738 4350 crederent

210 4397 489 4456 conspectu
498 4402 583 4452 ros
598 4388 621 4439 ?

276 4478 363 4530 26.
407 4476 555 4531 Mane
581 4491 643 4530 ex
666 4476 968 4536 arboribus,
997 4490 1127 4548 quas
1164 4474 1273 4527 illic
1299 4468 1561 4527 corruisse
1601 4472 1737 4526 dixi-

216 4583 350 4629 mus,
374 4583 473 4620 una
506 4566 669 4619 solum
692 4580 792 4616 non
818 4565 988 4615 diruta
1023 4564 1293 4625 remansit,
1318 4564 1414 4617 sub
1436 4580 1535 4632 qua
1556 4563 1737 4616 eadem

216 4663 368 4709 nocte
400 4656 481 4707 vir
500 4655 590 4707 Dei
612 4653 802 4715 oravit,
829 4654 924 4705 sub
951 4653 1045 4705 hac
1074 4650 1274 4715 sbllula,
1300 4652 1406 4719 jam
1430 4653 1545 4707 luce
1573 4653 1735 4711 clara,

216 4747 403 4812 posita,
442 4760 565 4797 suos
600 4745 664 4798 ad
686 4744 1009 4812 operantium
1036 4745 1384 4797 :hortabatur.
1421 4744 1495 4797 Ili
1524 4744 1738 4811 quidam

156 4884 159 4887 .
221 4834 283 4886 ad
299 4849 416 4886 eum
433 4849 496 4886 ex
524 4831 861 4899 ejusc'lericis
883 4824 1501 4899 nomineOdilgrimusiex
1529 4832 1734 4893 itinere,

220 4938 323 4989 quo
351 4924 575 4975 directus
602 4920 799 4984 fuerat,
842 4921 1017 4983 venit;
1047 4926 1199 4987 quem
1247 4920 1381 4973 inter
1412 4900 1740 4989 mutuaque

223 5011 513 5063 habuerunt
564 5008 861 5073 colloquia,
904 5009 1009 5073 ipse
1065 5006 1401 5075 interrogavit
1457 5007 1581 5073 quid
1640 5008 1739 5061 sibi

224 5097 284 5148 de
338 5097 425 5149 illo
476 5094 590 5148 loco
628 5094 935 5147 videretur?
970 5103 1267 5146 utrumnam
1300 5108 1418 5145 eum
1455 5096 1738 5149 monacho-

227 5198 338 5234 rum
369 5183 585 5249 collegio
632 5194 922 5248 congruum
963 5180 1343 5233 arbitraretur?
1396 5182 1461 5233 At
1506 5181 1590 5235 ille
1631 5183 1740 5235 vul-

228 5280 333 5321 tum
357 5269 469 5337 ejus
493 5269 767 5324 clariorem
795 5266 948 5321 solito
972 5268 1155 5323 videns
1181 5286 1191 5319 :
1236 5264 1290 5319 ln
1316 5278 1513 5333 vestra,
1543 5270 1737 5337 inquit,

230 5356 357 5409 facie
383 5357 554 5421 video,
602 5358 703 5411 hoc
723 5346 853 5425 opus
878 5357 991 5410 sine
1020 5356 1112 5409 Dei
1153 5357 1417 5410 voluntate
1443 5358 1740 5413 inchoatum

232 5459 328 5499 non
354 5458 488 5505 esse,
513 5446 681 5499 locum
700 5445 809 5512 jam
835 5444 956 5497 olim
983 5444 1201 5497 electum
1225 5459 1254 5495 a
1282 5445 1388 5497 Deo
1408 5449 1737 5513 opportunis-

234 5534 417 5585 simum
463 5532 637 5585 divino
679 5533 891 5586 servitio
948 5530 1197 5585 futurum.
1250 5532 1361 5597 Qua
1407 5534 1741 5599 responsione

235 5618 342 5685 ipse
369 5617 930 5680 delectatuszGra!ias,
975 5620 1157 5686 inquit,
1193 5622 1342 5681 habe,
1383 5621 1622 5688 quoniam
1670 5639 1742 5676 se-

1824 572 1979 622 quam
2010 555 2176 608 solum
2205 556 2363 608 homo
2397 563 2596 622 potest,
2639 563 2781 608 tuam
2806 557 3070 621 ostendis;
3108 567 3362 612 ueterum

1824 642 2041 697 cll'ectus
2067 643 2119 696 in
2160 643 2250 697 Dei
2290 652 2552 711 potestate
2573 653 2655 697 est
2680 647 3011 699 constitutus.
3063 645 3193 700 illud
3236 662 3367 701 sane

1825 742 1877 786 te
1906 748 2061 786 nosse
2085 733 2222 795 volo,
2250 734 2387 800 quod
2415 743 2590 786 tamen
2614 735 2736 787 vivo
2762 750 2845 789 me
2871 736 2991 789 aliis
3016 745 3068 790 te
3083 734 3364 804 publicare

1825 822 1963 885 nolo,
1995 823 2046 874 iu
2076 824 2173 875 hoc
2199 822 2313 874 loco
2340 837 2425 874 me
2462 823 2599 874 diem
2641 822 2831 890 judicii
2852 834 3247 892 expectaturum
3270 864 3285 887 ,
3312 834 3363 878 et

1824 927 1907 964 me
1939 913 2043 973 hic,
2082 913 2170 965 ubi
2198 928 2338 965 nunc
2397 912 2547 975 edeo,
2581 923 2978 968 monumentum
3035 917 3358 969 haiiturum.

1824 1001 1897 1053 lta
1943 1002 2165 1062 clericus
2207 1002 2453 1054 arborem
2500 1002 2731 1068 quandiu
2782 1004 2857 1056 ibi
2903 1006 3047 1056 stetit
3086 1006 3361 1075 diligenter

1823 1092 2153 1151 observavit;
2202 1092 2293 1144 sed
2322 1106 2441 1143 cum
2480 1099 2661 1159 postea
2692 1093 2745 1145 in
2790 1108 2942 1146 usum
2979 1095 3214 1149 ecclesiae
3257 1112 3365 1164 quo

1826 1182 1889 1233 ad
1920 1180 2299 1233 occidentalem
2329 1180 2441 1249 ejus
2467 1188 2677 1246 partem
2693 1183 3117 1245 construebatur,
3141 1185 3364 1251 prmi-iss

1820 1279 1980 1329 esset,
2023 1270 2245 1337 lapidem
2266 1270 2317 1321 in
2345 1262 2407 1324 eo
2430 1269 2545 1323 loco
2570 1272 2715 1323 nullo
2736 1273 2841 1325 alio
2862 1274 3062 1327 sciente
3089 1290 3184 1341 pro
3212 1276 3365 1342 signo

1829 1359 2033 1423 iafodit,
2050 1361 2143 1428 qui
2163 1358 2353 1413 ibidem
2370 1375 2493 1413 cum
2505 1370 2683 1427 postea
2703 1362 3005 1429 sepulcrum
3021 1374 3205 1418 sancto
3219 1364 3365 1418 fode-

1832 1458 1991 1510 retur,
2022 1446 2243 1502 effossus
2266 1457 2365 1501 est.

1892 1540 1981 1595 27.
2012 1541 2067 1593 ln
2093 1542 2349 1609 angustiis
2379 1542 2580 1611 positus
2616 1543 2693 1596 vel
2718 1544 2971 1598 sollicitus
2999 1547 3050 1598 in
3078 1547 3365 1613 majoribus

1828 1630 1982 1683 rebus
2016 1632 2303 1685 tractandis
2335 1632 2435 1685 hoc
2468 1632 2646 1685 statim
2671 1632 2943 1686 exordium
2972 1650 3180 1688 sumere
3203 1638 3367 1691 moris

1828 1719 2013 1771 habuit
2037 1759 2051 1781 ,
2090 1720 2336 1773 sacerdos
2357 1721 2545 1774 missas
2569 1720 2838 1776 celebrare
2860 1726 3080 1789 monuit,
3110 1726 3368 1796 religiosis

1827 1809 1957 1864 viris
1984 1810 2063 1863 vel
2107 1809 2318 1863 feminis
2337 1810 2535 1877 jejunia
2579 1814 2863 1875 mandavit,
2900 1814 3142 1868 invitavit
3172 1831 3373 1884 paupe-

1824 1914 1910 1952 res
1954 1907 2003 1952 et
2035 1912 2249 1967 egenos,
2281 1908 2335 1951 et
2362 1900 2438 1952 sic
2484 1900 2534 1950 in
2567 1901 2812 1955 omnibus
2844 1904 3110 1970 gressibus
3152 1904 3264 1969 ejus
3309 1900 3370 1962 se

1826 1990 2046 2042 Domino
2069 1990 2471 2043 commendavit.
2495 1990 2712 2044 Omnem
2744 2007 2980 2056 censum,
3012 1996 3099 2061 qui
3132 1996 3183 2048 in
3208 1998 3371 2053 haere-

1828 2080 1991 2132 ditate
2021 2080 2232 2148 propria
2255 2081 2335 2131 vel
2370 2081 2421 2133 in
2445 2082 2710 2148 episcopio
2732 2082 3091 2149 colligebatur,
3116 2102 3238 2139 mox
3263 2089 3375 2144 dis-

1826 2168 2057 2221 tribuere
2082 2168 2301 2231 studuit,
2329 2169 2456 2221 nihil
2480 2171 2693 2242 omniuo
2713 2183 2907 2240 praeter
2928 2175 3095 2229 solum
3120 2191 3365 2231 necessa-

1827 2259 1961 2325 rium
1989 2274 2137 2311 usum
2167 2273 2324 2325 super
2350 2260 2742 2327 angustioribus
2792 2261 2915 2333 [F.,
2947 2266 3360 2339 augustioribus}

1825 2350 2059 2403 rediﬁeiis
2074 2350 2153 2401 vel
2173 2351 2465 2404 ambitiosis
2477 2353 2783 2411 ministeriis
2803 2369 3014 2409 curans.
3036 2348 3367 2425 Quapropter

1826 2453 1941 2493 cum
1972 2454 2001 2489 a
2031 2436 2341 2503 quibusdam
2374 2434 2513 2506 regis
2551 2440 2877 2507 principibus
2924 2444 3072 2511 quasi
3110 2446 3366 2513 stirpator

1826 2527 2076 2595 rpiscopii
2104 2526 2494 2591 criminaretur,
2521 2538 2574 2582 et
2599 2531 2688 2596 qui
2715 2530 2882 2585 nullas
2906 2532 3247 2589 adificiorum
3274 2537 3369 2590 tm.

1827 2626 2057 2670 nes:ates
2086 2632 2184 2670 nec
2210 2618 2336 2685 ipsis
2360 2617 2600 2671 ecclesiis
2630 2634 2891 2688 congruos
2917 2606 3247 2691 metallorum
3281 2640 3372 2679 or-

1827 2713 1981 2758 natus
2009 2704 2298 2772 praevidere
2326 2705 2531 2768 scierit,
2558 2706 2968 2774 gloriosissimus
2995 2696 3282 2777 imperator
3306 2713 3372 2766 ad

1828 2793 1938 2861 ejus
1970 2793 2285 2847 audientiam
2311 2793 2734 2848 invitavit.Unde
2754 2793 2879 2848 dum
2907 2795 3119 2850 veniens
3144 2799 3371 2852 mansio—
3414 2832 3417 2835 »

1828 2900 1951 2937 nem
1982 2883 2119 2953 apud
2143 2872 2395 2951 palatium
2425 2884 2736 2951 accepisset,
2766 2898 2921 2937 mane.
2948 2885 3120 2954 primo
3143 2886 3210 2940 ad
3247 2902 3376 2941 eum

1824 2972 2115 3037 imperator
2142 2970 2466 3024 cubiculario
2504 2970 2684 3034 misso,
2739 2973 2804 3025 ad
2832 2987 2981 3025 suum
3005 2972 3164 3040 jussit
3191 2977 3374 3031 venite

1831 3056 2165 3124 colloquium.
2195 3056 2351 3109 Forte
2371 3064 2495 3110 tunc
2525 3057 2766 3119 antistes,
2804 3058 2927 3111 dum
2956 3062 3369 3117 consuetudina-

1834 3145 1925 3197 riis
1948 3159 2013 3197 ex
2052 3160 2195 3199 more
2221 3145 2436 3212 psalmis
2479 3152 2533 3199 et
2564 3145 2891 3199 orationibus
2924 3148 3185 3212 instaret,
3238 3151 3371 3205 dixit

1830 3235 2171 3293 cubiculario,
2206 3244 2262 3286 ut
2306 3234 2647 3303 praecederet,
2700 3248 2757 3287 se
2784 3220 2915 3287 mox
2949 3236 3128 3290 divino
3158 3246 3375 3304 peracto

1830 3321 1999 3377 ofﬁcio
2021 3330 2346 3376 secuturum.
2378 3321 2509 3373 Dum
2542 3320 2775 3376 secundo
2796 3330 2849 3375 et
2878 3323 3035 3375 tertio
3062 3326 3259 3377 nuntiis
3286 3340 3373 3377 vc-

1831 3413 2097 3466 uientibus
2127 3411 2211 3475 ille
2242 3410 2308 3461 ab
2334 3410 2562 3476 inempto
2594 3426 2698 3463 non
2724 3422 3029 3465 moveretur
3072 3427 3250 3480 opere,
3283 3431 3372 3469 oc-

1831 3486 2097 3577 casionem
2122 3516 2183 3553 se
2208 3509 2540 3554 accusatores
2567 3498 2680 3566 ejus
2696 3501 2967 3555 invenisse
2991 3502 3147 3556 lmtati
3178 3520 3240 3557 ex
3270 3507 3372 3560 hoc

1831 3591 1995 3658 ipsius
2017 3590 2155 3643 facto
2180 3590 2597 3642 criminationem
2635 3590 2991 3644 cumulabant.
3022 3593 3220 3647 Verum
3242 3596 3367 3648 dum

1831 3680 2106 3747 completis
2157 3678 2462 3747 psalmodiis
2522 3687 2644 3731 ante
2690 3679 3059 3748 imperatorem
3115 3683 3367 3745 venisset,

1832 3769 1963 3821 dixit
1993 3769 2280 3834 imperator
2306 3782 2319 3818 :
2344 3767 2517 3831 Quare
2547 3775 2783 3822 nostrum
2810 3770 3111 3822 mandatum
3137 3772 3214 3825 sic
3237 3772 3370 3825 ditii-

1832 3856 1930 3907 cile
1980 3854 2265 3922 accepisti,
2306 3853 2576 3921 episcope,
2617 3862 2673 3906 ut
2711 3863 2786 3908 tot
2834 3856 3125 3910 accersitus
3173 3860 3371 3914 nuntiis

1834 3946 2009 3997 statim
2050 3945 2229 3996 venire
2275 3944 2615 4011 despiceres?
2652 3945 2783 4010 Quia
2810 3984 2825 4007 ,
2865 3946 3033 4013 inquit
3075 3947 3363 4016 Ludgerus,

1833 4044 1886 4087 et
1912 4035 2002 4085 tibi
2028 4074 2041 4095 ,
2082 4049 2113 4086 ο
2142 4049 2229 4086 rex
2252 4074 2264 4093 ,
2306 4043 2358 4087 et
2391 4036 2596 4101 cunctis
2645 4037 2945 4090 hominibus
2978 4036 3140 4089 Deum
3158 4052 3367 4105 prapo-

1836 4122 2060 4173 nendum
2086 4123 2384 4176 arbitrabar
2414 4142 2424 4175 :
2462 4126 2561 4178 hoc
2589 4125 2729 4178 enim
2772 4126 2902 4177 mihi
2932 4126 3245 4196 praecepisti,
3276 4142 3370 4181 cu-

1836 4224 1946 4260 ram
1984 4210 2331 4277 episcopalem
2378 4212 2741 4276 committens;
2798 4212 2994 4267 idcirco
3038 4230 3068 4270 a
3100 4214 3205 4269 tuis
3244 4215 3369 4271 licet

1837 4307 2052 4351 vocatus
2085 4298 2284 4350 nuntiis
2303 4299 2678 4365 omnipotentis
2713 4301 2982 4353 servitium
3022 4302 3368 4358 intermittere

1764 4412 1817 4467 υ
1840 4387 2208 4439 inconveniens
2224 4387 2453 4455 iudicavi
2484 4403 2497 4440 :
2525 4397 2579 4441 at
2607 4404 2727 4441 mox
2756 4390 2931 4442 divino
2956 4401 3175 4457 peracto
3204 4396 3367 4447 servi-

1837 4478 1907 4528 tio
1932 4476 2165 4542 paratior
2212 4478 2276 4530 ad
2325 4479 2462 4545 regis
2503 4479 2777 4545 imperium
2806 4480 2942 4534 veni.
2970 4481 3118 4545 Quod
3154 4497 3393 4550 respon-.

1833 4578 1947 4614 sum
2003 4563 2114 4628 ejus
2172 4564 2455 4631 imperator
2499 4566 2730 4632 optimus
2788 4567 3367 4636 veneratus:Gratias,

1833 4650 1925 4713 ait,
1964 4652 2153 4705 habeto
2178 4691 2192 4715 ,
2231 4652 2492 4720 episcope,
2531 4656 2651 4723 quia
2673 4656 2903 4709 talemte
2940 4656 3092 4709 modo
3120 4651 3364 4725 invenio,

1824 4740 2039 4807 qualem
2070 4750 2222 4793 antea
2251 4743 2593 4797 :estimabam.
2623 4742 3053 4808 FuerunLautem
3083 4744 3245 4814 aliqui
3270 4751 3365 4815 qui

1833 4833 1968 4885 facta
2016 4827 2265 4881 bonitatis
2306 4838 2406 4883 tuae
2448 4832 2687 4884 malivole
2731 4828 2871 4898 apud
2912 4847 2994 4886 me
3040 4834 3365 4903 interpretati

1834 4928 1977 4979 sunt,
2012 4918 2101 4970 sed
2123 4917 2219 4969 bos
2244 4919 2489 4987 deinceps
2517 4920 2689 4971 minus
2710 4931 2887 4988 gratos
2919 4923 3151 4986 habebo,
3176 4933 3230 4993 et
3250 4925 3364 4976 nul-

1835 5008 1933 5059 lius
1950 5007 2103 5057 verba
2132 5022 2285 5073 super
2308 5016 2395 5057 tua
2414 5006 2772 5061 criminatione
2798 5024 2880 5061 me
2897 5010 3117 5065 ulterius
3136 5013 3364 5079 spondeo

1836 5103 2191 5161 accepturum.

1903 5181 1990 5235 28.
2033 5182 2195 5234 Porro
2220 5181 2340 5247 quia
2364 5191 2663 5236 sanctorum
2702 5200 2989 5239 omelorum
3014 5184 3198 5241 incidit
3219 5205 3362 5245 men-

1837 5270 1928 5332 tio,
1960 5276 2173 5321 narrant
2203 5268 2361 5335 quod,
2390 5270 2510 5320 dum
2559 5270 2624 5321 ad
2658 5286 2788 5338 Opus
2816 5273 3058 5326 diurnum
3086 5274 3360 5345 (divinum)

1837 5367 1999 5411 staret
2028 5358 2107 5410 vir
2132 5356 2242 5416 Dei,
2274 5356 2603 5412 iuetl‘abiliter
2626 5362 2869 5413 timorata
2919 5362 3206 5419 intentione
3233 5368 3361 5421 ﬁxa-

1838 5459 1939 5511 que
1971 5453 2142 5498 mente
2169 5446 2437 5497 manserit.
2467 5446 2755 5513 Aliquando
2773 5450 2894 5501 dum
2920 5452 2968 5503 in
2989 5452 3174 5505 itinere
3197 5464 3357 5519 esset,

1842 5535 1972 5588 lectu
2033 5535 2102 5587 illi
2133 5536 2196 5587 ad
2230 5536 2456 5589 vicinum
2513 5536 2683 5590 focum
2736 5543 3047 5598 struebatur.
3074 5544 3209 5597 unde
3233 5546 3313 5599 du;

1842 5635 1993 5677 noctu
2025 5637 2168 5678 stans
2189 5625 2335 5693 juxta
2381 5627 2569 5680 lectum
2601 5634 2879 5683 matutinas
2912 5632 3089 5688 laudes
3116 5651 3231 5689 cum
