  <div class='ocr_page' id='page_1' title='image "/cluster/home/n/w/nwhite01/storage/ocr_20150623/99/uva.x000827057/403.png"; bbox 0 0 3886 6228; ppageno 0'>
   <div class='ocr_carea' id='block_1_1' title="bbox 514 354 618 411">
    <p class='ocr_par' dir='ltr' id='par_1_1' title="bbox 514 354 618 411">
     <span class='ocr_line' id='line_1_1' title="bbox 514 354 618 411; baseline 0.058 -5"><span class='ocrx_word' id='word_1_1' title='bbox 514 354 618 411; x_wconf 81' lang='lat'><strong>795</strong></span> 
     </span>
    </p>
   </div>
   <div class='ocr_carea' id='block_1_2' title="bbox 1472 355 2701 411">
    <p class='ocr_par' dir='ltr' id='par_1_2' title="bbox 1472 355 2701 411">
     <span class='ocr_line' id='line_1_2' title="bbox 1472 355 2701 411; baseline -0.001 -2"><span class='ocrx_word' id='word_1_2' title='bbox 1472 357 1561 409; x_wconf 75' lang='lat' dir='ltr'><strong>AD</strong></span> <span class='ocrx_word' id='word_1_3' title='bbox 1596 357 1650 411; x_wconf 89' lang='lat' dir='ltr'><strong>S.</strong></span> <span class='ocrx_word' id='word_1_4' title='bbox 1692 355 1982 411; x_wconf 76' lang='lat' dir='ltr'><strong>LL&#39;DGERI</strong></span> <span class='ocrx_word' id='word_1_5' title='bbox 2022 355 2302 410; x_wconf 76' lang='lat' dir='ltr'><strong>SCRIPTA</strong></span> <span class='ocrx_word' id='word_1_6' title='bbox 2348 356 2701 410; x_wconf 76' lang='lat' dir='ltr'><strong>APPENDIX.</strong></span> 
     </span>
    </p>
   </div>
   <div class='ocr_carea' id='block_1_3' title="bbox 3601 356 3692 408">
    <p class='ocr_par' dir='ltr' id='par_1_3' title="bbox 3601 356 3692 408">
     <span class='ocr_line' id='line_1_3' title="bbox 3601 356 3692 408; baseline 0.022 -2"><span class='ocrx_word' id='word_1_7' title='bbox 3601 356 3692 408; x_wconf 80' lang='lat'><strong>796</strong></span> 
     </span>
    </p>
   </div>
   <div class='ocr_carea' id='block_1_4' title="bbox 518 456 3773 535">
    <p class='ocr_par' dir='ltr' id='par_1_4' title="bbox 518 456 3773 535">
     <span class='ocr_line' id='line_1_4' title="bbox 518 456 3773 535; baseline 0 -20"><span class='ocrx_word' id='word_1_8' title='bbox 518 465 643 517; x_wconf 85' lang='lat' dir='ltr'><strong>ricis</strong></span> <span class='ocrx_word' id='word_1_9' title='bbox 675 472 937 527; x_wconf 84' lang='lat' dir='ltr'><strong>cantaret,</strong></span> <span class='ocrx_word' id='word_1_10' title='bbox 965 475 1019 519; x_wconf 87' lang='lat' dir='ltr'><strong>et</strong></span> <span class='ocrx_word' id='word_1_11' title='bbox 1048 468 1199 519; x_wconf 87' lang='lat' dir='ltr'><strong>tectis</strong></span> <span class='ocrx_word' id='word_1_12' title='bbox 1226 468 1404 520; x_wconf 83' lang='lat' dir='ltr'><strong>cinere</strong></span> <span class='ocrx_word' id='word_1_13' title='bbox 1436 467 1619 533; x_wconf 90' lang='lat' dir='ltr'><strong>prunis</strong></span> <span class='ocrx_word' id='word_1_14' title='bbox 1662 466 1834 518; x_wconf 90' lang='lat' dir='ltr'><strong>fumus</strong></span> <span class='ocrx_word' id='word_1_15' title='bbox 1859 480 2045 535; x_wconf 89' lang='lat' dir='ltr'><strong>evapo-</strong></span> <span class='ocrx_word' id='word_1_16' title='bbox 2074 472 2121 527; x_wconf 80' lang='grc' dir='ltr'>Α</span> <span class='ocrx_word' id='word_1_17' title='bbox 2148 467 2351 527; x_wconf 86' lang='lat' dir='ltr'><strong>dorum,</strong></span> <span class='ocrx_word' id='word_1_18' title='bbox 2412 466 2600 534; x_wconf 80' lang='lat' dir='ltr'><strong>quibus</strong></span> <span class='ocrx_word' id='word_1_19' title='bbox 2628 466 2679 517; x_wconf 89' lang='lat' dir='ltr'><strong>in</strong></span> <span class='ocrx_word' id='word_1_20' title='bbox 2715 468 2873 519; x_wconf 78' lang='lat' dir='ltr'><strong>variis</strong></span> <span class='ocrx_word' id='word_1_21' title='bbox 2932 468 3328 525; x_wconf 70' lang='lat' dir='ltr'><strong>necessitatibus</strong></span> <span class='ocrx_word' id='word_1_22' title='bbox 3391 466 3689 520; x_wconf 73' lang='lat' dir='ltr'><strong>succurrit.</strong></span> <span class='ocrx_word' id='word_1_23' title='bbox 3760 456 3773 471; x_wconf 65' lang='grc'>⁸</span> 
     </span>
    </p>
   </div>
   <div class='ocr_carea' id='block_1_5' title="bbox 506 551 2052 623">
    <p class='ocr_par' dir='ltr' id='par_1_5' title="bbox 506 551 2052 623">
     <span class='ocr_line' id='line_1_5' title="bbox 506 551 2052 623; baseline 0.003 -19"><span class='ocrx_word' id='word_1_24' title='bbox 506 566 643 606; x_wconf 73' lang='lat' dir='ltr'><strong>rans</strong></span> <span class='ocrx_word' id='word_1_25' title='bbox 665 551 737 605; x_wconf 87' lang='lat' dir='ltr'><strong>illi</strong></span> <span class='ocrx_word' id='word_1_26' title='bbox 766 551 819 605; x_wconf 91' lang='lat' dir='ltr'><strong>in</strong></span> <span class='ocrx_word' id='word_1_27' title='bbox 847 552 1031 606; x_wconf 78' lang='lat' dir='ltr'><strong>faciem</strong></span> <span class='ocrx_word' id='word_1_28' title='bbox 1052 555 1351 617; x_wconf 81' lang='lat' dir='ltr'><strong>exhalavit;</strong></span> <span class='ocrx_word' id='word_1_29' title='bbox 1382 554 1469 605; x_wconf 88' lang='lat' dir='ltr'><strong>ille</strong></span> <span class='ocrx_word' id='word_1_30' title='bbox 1493 555 1639 623; x_wconf 83' lang='lat' dir='ltr'><strong>quasi</strong></span> <span class='ocrx_word' id='word_1_31' title='bbox 1670 552 1798 605; x_wconf 85' lang='lat' dir='ltr'><strong>nihil</strong></span> <span class='ocrx_word' id='word_1_32' title='bbox 1820 555 2052 608; x_wconf 77' lang='lat' dir='ltr'><strong>sentiens</strong></span> 
     </span>
    </p>
   </div>
   <div class='ocr_carea' id='block_1_6' title="bbox 516 638 2053 710">
    <p class='ocr_par' dir='ltr' id='par_1_6' title="bbox 516 638 2053 710">
     <span class='ocr_line' id='line_1_6' title="bbox 516 638 2053 710; baseline 0.004 -20"><span class='ocrx_word' id='word_1_33' title='bbox 516 638 750 692; x_wconf 83' lang='lat' dir='ltr'><strong>inmotas</strong></span> <span class='ocrx_word' id='word_1_34' title='bbox 768 646 941 693; x_wconf 89' lang='lat' dir='ltr'><strong>mente</strong></span> <span class='ocrx_word' id='word_1_35' title='bbox 965 648 1019 693; x_wconf 88' lang='lat' dir='ltr'><strong>et</strong></span> <span class='ocrx_word' id='word_1_36' title='bbox 1035 654 1257 710; x_wconf 89' lang='lat' dir='ltr'><strong>corpore</strong></span> <span class='ocrx_word' id='word_1_37' title='bbox 1277 641 1452 695; x_wconf 77' lang='lat' dir='ltr'><strong>stabat</strong></span> <span class='ocrx_word' id='word_1_38' title='bbox 1476 657 1489 692; x_wconf 89' lang='lat'><strong>:</strong></span> <span class='ocrx_word' id='word_1_39' title='bbox 1532 651 1587 694; x_wconf 86' lang='lat' dir='ltr'><strong>at</strong></span> <span class='ocrx_word' id='word_1_40' title='bbox 1608 656 1742 694; x_wconf 88' lang='lat' dir='ltr'><strong>unus</strong></span> <span class='ocrx_word' id='word_1_41' title='bbox 1760 655 1822 694; x_wconf 75' lang='lat' dir='ltr'><strong>ex</strong></span> <span class='ocrx_word' id='word_1_42' title='bbox 1848 641 2053 696; x_wconf 79' lang='lat' dir='ltr'><strong>clericis</strong></span> 
     </span>
    </p>
   </div>
   <div class='ocr_carea' id='block_1_7' title="bbox 516 712 2022 797">
    <p class='ocr_par' dir='ltr' id='par_1_7' title="bbox 516 712 2022 797">
     <span class='ocr_line' id='line_1_7' title="bbox 516 712 2022 797; baseline 0.001 -18"><span class='ocrx_word' id='word_1_43' title='bbox 516 725 727 781; x_wconf 85' lang='lat' dir='ltr'><strong>auferre</strong></span> <span class='ocrx_word' id='word_1_44' title='bbox 750 727 852 783; x_wconf 87' lang='lat' dir='ltr'><strong>hoc</strong></span> <span class='ocrx_word' id='word_1_45' title='bbox 893 728 1075 783; x_wconf 85' lang='lat' dir='ltr'><strong>volens</strong></span> <span class='ocrx_word' id='word_1_46' title='bbox 1096 712 1483 784; x_wconf 80' lang='lat' dir='ltr'><strong>incommodum</strong></span> <span class='ocrx_word' id='word_1_47' title='bbox 1511 739 1731 783; x_wconf 79' lang='lat' dir='ltr'><strong>curvato</strong></span> <span class='ocrx_word' id='word_1_48' title='bbox 1772 745 1905 797; x_wconf 79' lang='lat' dir='ltr'><strong>genu</strong></span> <span class='ocrx_word' id='word_1_49' title='bbox 1931 744 2022 783; x_wconf 87' lang='lat' dir='ltr'><strong>car</strong></span> 
     </span>
    </p>
   </div>
   <div class='ocr_carea' id='block_1_8' title="bbox 518 812 2051 883">
    <p class='ocr_par' dir='ltr' id='par_1_8' title="bbox 518 812 2051 883">
     <span class='ocr_line' id='line_1_8' title="bbox 518 812 2051 883; baseline 0.001 -17"><span class='ocrx_word' id='word_1_50' title='bbox 518 814 682 867; x_wconf 85' lang='lat' dir='ltr'><strong>bones</strong></span> <span class='ocrx_word' id='word_1_51' title='bbox 724 812 922 883; x_wconf 81' lang='lat' dir='ltr'><strong>detegit</strong></span> <span class='ocrx_word' id='word_1_52' title='bbox 956 822 1011 869; x_wconf 84' lang='lat' dir='ltr'><strong>et</strong></span> <span class='ocrx_word' id='word_1_53' title='bbox 1062 814 1332 871; x_wconf 81' lang='lat' dir='ltr'><strong>insulllans</strong></span> <span class='ocrx_word' id='word_1_54' title='bbox 1370 815 1570 883; x_wconf 87' lang='lat' dir='ltr'><strong>sopitos</strong></span> <span class='ocrx_word' id='word_1_55' title='bbox 1605 816 1827 869; x_wconf 74' lang='lat' dir='ltr'><strong>suscitat</strong></span> <span class='ocrx_word' id='word_1_56' title='bbox 1882 816 2051 883; x_wconf 82' lang='lat' dir='ltr'><strong>ignes.</strong></span> 
     </span>
    </p>
   </div>
   <div class='ocr_carea' id='block_1_9' title="bbox 518 900 2056 972">
    <p class='ocr_par' dir='ltr' id='par_1_9' title="bbox 518 900 2056 972">
     <span class='ocr_line' id='line_1_9' title="bbox 518 900 2056 972; baseline 0.002 -18"><span class='ocrx_word' id='word_1_57' title='bbox 518 900 669 955; x_wconf 77' lang='lat' dir='ltr'><strong>Mane</strong></span> <span class='ocrx_word' id='word_1_58' title='bbox 697 910 871 956; x_wconf 78' lang='lat' dir='ltr'><strong>autem</strong></span> <span class='ocrx_word' id='word_1_59' title='bbox 890 918 1085 959; x_wconf 87' lang='lat' dir='ltr'><strong>vocans</strong></span> <span class='ocrx_word' id='word_1_60' title='bbox 1106 903 1355 958; x_wconf 85' lang='lat' dir='ltr'><strong>clericum</strong></span> <span class='ocrx_word' id='word_1_61' title='bbox 1385 903 1629 959; x_wconf 81' lang='lat' dir='ltr'><strong>distincte</strong></span> <span class='ocrx_word' id='word_1_62' title='bbox 1655 902 2056 972; x_wconf 77' lang='lat' dir='ltr'><strong>(Forte,&#39;distri-</strong></span> 
     </span>
    </p>
   </div>
   <div class='ocr_carea' id='block_1_10' title="bbox 516 989 2055 1059">
    <p class='ocr_par' dir='ltr' id='par_1_10' title="bbox 516 989 2055 1059">
     <span class='ocr_line' id='line_1_10' title="bbox 516 989 2055 1059; baseline 0.002 -17"><span class='ocrx_word' id='word_1_63' title='bbox 516 989 621 1053; x_wconf 90' lang='lat' dir='ltr'><strong>cte)</strong></span> <span class='ocrx_word' id='word_1_64' title='bbox 650 989 949 1050; x_wconf 76' lang='lat' dir='ltr'><strong>sciscitatus</strong></span> <span class='ocrx_word' id='word_1_65' title='bbox 976 999 1095 1053; x_wconf 89' lang='lat' dir='ltr'><strong>est;</strong></span> <span class='ocrx_word' id='word_1_66' title='bbox 1151 1005 1317 1059; x_wconf 89' lang='lat' dir='ltr'><strong>quare</strong></span> <span class='ocrx_word' id='word_1_67' title='bbox 1342 991 1499 1058; x_wconf 80' lang='lat' dir='ltr'><strong>hujus</strong></span> <span class='ocrx_word' id='word_1_68' title='bbox 1525 991 1717 1046; x_wconf 73' lang='lat' dir='ltr'><strong>meritis</strong></span> <span class='ocrx_word' id='word_1_69' title='bbox 1752 990 1945 1054; x_wconf 86' lang='lat' dir='ltr'><strong>fuerit,</strong></span> <span class='ocrx_word' id='word_1_70' title='bbox 1996 999 2055 1045; x_wconf 91' lang='lat' dir='ltr'><strong>ut</strong></span> 
     </span>
    </p>
   </div>
   <div class='ocr_carea' id='block_1_11' title="bbox 518 1076 2055 1148">
    <p class='ocr_par' dir='ltr' id='par_1_11' title="bbox 518 1076 2055 1148">
     <span class='ocr_line' id='line_1_11' title="bbox 518 1076 2055 1148; baseline 0.002 -19"><span class='ocrx_word' id='word_1_71' title='bbox 518 1078 685 1131; x_wconf 87' lang='lat' dir='ltr'><strong>sacris</strong></span> <span class='ocrx_word' id='word_1_72' title='bbox 702 1076 909 1147; x_wconf 86' lang='lat' dir='ltr'><strong>hymnis</strong></span> <span class='ocrx_word' id='word_1_73' title='bbox 932 1077 1170 1132; x_wconf 81' lang='lat' dir='ltr'><strong>dimissis</strong></span> <span class='ocrx_word' id='word_1_74' title='bbox 1190 1092 1248 1135; x_wconf 87' lang='lat' dir='ltr'><strong>se</strong></span> <span class='ocrx_word' id='word_1_75' title='bbox 1267 1078 1435 1148; x_wconf 87' lang='lat' dir='ltr'><strong>magis</strong></span> <span class='ocrx_word' id='word_1_76' title='bbox 1462 1080 1811 1134; x_wconf 84' lang='lat' dir='ltr'><strong>incurvaverit</strong></span> <span class='ocrx_word' id='word_1_77' title='bbox 1839 1079 1905 1132; x_wconf 86' lang='lat' dir='ltr'><strong>ad</strong></span> <span class='ocrx_word' id='word_1_78' title='bbox 1929 1094 2055 1132; x_wconf 88' lang='lat' dir='ltr'><strong>con-</strong></span> 
     </span>
    </p>
   </div>
   <div class='ocr_carea' id='block_1_12' title="bbox 516 1161 2053 1234">
    <p class='ocr_par' dir='ltr' id='par_1_12' title="bbox 516 1161 2053 1234">
     <span class='ocr_line' id='line_1_12' title="bbox 516 1161 2053 1234; baseline 0.001 -17"><span class='ocrx_word' id='word_1_79' title='bbox 516 1163 826 1222; x_wconf 86' lang='lat' dir='ltr'><strong>struendum</strong></span> <span class='ocrx_word' id='word_1_80' title='bbox 860 1161 1078 1217; x_wconf 83' lang='lat' dir='ltr'><strong>focum?</strong></span> <span class='ocrx_word' id='word_1_81' title='bbox 1113 1164 1180 1217; x_wconf 88' lang='lat' dir='ltr'><strong>Et</strong></span> <span class='ocrx_word' id='word_1_82' title='bbox 1213 1165 1575 1234; x_wconf 70' lang='lat' dir='ltr'><strong>panitentiam</strong></span> <span class='ocrx_word' id='word_1_83' title='bbox 1625 1166 1824 1233; x_wconf 85' lang='lat' dir='ltr'><strong>aliquot</strong></span> <span class='ocrx_word' id='word_1_84' title='bbox 1848 1167 2053 1219; x_wconf 90' lang='lat' dir='ltr'><strong>dierum</strong></span> 
     </span>
    </p>
   </div>
   <div class='ocr_carea' id='block_1_13' title="bbox 518 1248 2054 1321">
    <p class='ocr_par' dir='ltr' id='par_1_13' title="bbox 518 1248 2054 1321">
     <span class='ocr_line' id='line_1_13' title="bbox 518 1248 2054 1321; baseline 0.003 -19"><span class='ocrx_word' id='word_1_85' title='bbox 518 1249 618 1303; x_wconf 87' lang='lat' dir='ltr'><strong>sibi</strong></span> <span class='ocrx_word' id='word_1_86' title='bbox 657 1248 910 1314; x_wconf 81' lang='lat' dir='ltr'><strong>indicens,</strong></span> <span class='ocrx_word' id='word_1_87' title='bbox 942 1251 1119 1305; x_wconf 87' lang='lat' dir='ltr'><strong>docuit</strong></span> <span class='ocrx_word' id='word_1_88' title='bbox 1158 1250 1398 1316; x_wconf 87' lang='lat' dir='ltr'><strong>clericos,</strong></span> <span class='ocrx_word' id='word_1_89' title='bbox 1424 1252 1546 1307; x_wconf 89' lang='lat' dir='ltr'><strong>dum</strong></span> <span class='ocrx_word' id='word_1_90' title='bbox 1574 1253 1640 1306; x_wconf 88' lang='lat' dir='ltr'><strong>ad</strong></span> <span class='ocrx_word' id='word_1_91' title='bbox 1667 1266 1799 1321; x_wconf 89' lang='lat' dir='ltr'><strong>opus</strong></span> <span class='ocrx_word' id='word_1_92' title='bbox 1820 1254 2054 1308; x_wconf 90' lang='lat' dir='ltr'><strong>divinum</strong></span> 
     </span>
    </p>
   </div>
   <div class='ocr_carea' id='block_1_14' title="bbox 518 1337 2051 1409">
    <p class='ocr_par' dir='ltr' id='par_1_14' title="bbox 518 1337 2051 1409">
     <span class='ocr_line' id='line_1_14' title="bbox 518 1337 2051 1409; baseline 0.004 -20"><span class='ocrx_word' id='word_1_93' title='bbox 518 1337 845 1401; x_wconf 88' lang='lat' dir='ltr'><strong>assisterent,</strong></span> <span class='ocrx_word' id='word_1_94' title='bbox 866 1352 1057 1393; x_wconf 81' lang='lat' dir='ltr'><strong>omnes.</strong></span> <span class='ocrx_word' id='word_1_95' title='bbox 1069 1347 1407 1395; x_wconf 88' lang='lat' dir='ltr'><strong>occurrentes</strong></span> <span class='ocrx_word' id='word_1_96' title='bbox 1429 1340 1690 1409; x_wconf 83' lang='lat' dir='ltr'><strong>cogitatus</strong></span> <span class='ocrx_word' id='word_1_97' title='bbox 1713 1342 2051 1403; x_wconf 75' lang='lat' dir='ltr'><strong>amovendos,</strong></span> 
     </span>
    </p>
   </div>
   <div class='ocr_carea' id='block_1_15' title="bbox 516 1426 2057 1501">
    <p class='ocr_par' dir='ltr' id='par_1_15' title="bbox 516 1426 2057 1501">
     <span class='ocr_line' id='line_1_15' title="bbox 516 1426 2057 1501; baseline 0.003 -23"><span class='ocrx_word' id='word_1_98' title='bbox 516 1434 570 1478; x_wconf 92' lang='lat' dir='ltr'><strong>et</strong></span> <span class='ocrx_word' id='word_1_99' title='bbox 604 1434 859 1494; x_wconf 88' lang='lat' dir='ltr'><strong>quantum</strong></span> <span class='ocrx_word' id='word_1_100' title='bbox 902 1426 1117 1481; x_wconf 88' lang='lat' dir='ltr'><strong>humani</strong></span> <span class='ocrx_word' id='word_1_101' title='bbox 1164 1428 1343 1482; x_wconf 88' lang='lat' dir='ltr'><strong>cordis</strong></span> <span class='ocrx_word' id='word_1_102' title='bbox 1380 1428 1639 1501; x_wconf 73' lang='lat' dir='ltr'><strong>fugacius</strong></span> <span class='ocrx_word' id='word_1_103' title='bbox 1676 1431 1895 1500; x_wconf 89' lang='lat' dir='ltr'><strong>patitur,</strong></span> <span class='ocrx_word' id='word_1_104' title='bbox 1923 1430 2057 1485; x_wconf 84' lang='lat' dir='ltr'><strong>nihil</strong></span> 
     </span>
    </p>
   </div>
   <div class='ocr_carea' id='block_1_16' title="bbox 517 1512 1038 1582">
    <p class='ocr_par' dir='ltr' id='par_1_16' title="bbox 517 1512 1038 1582">
     <span class='ocr_line' id='line_1_16' title="bbox 517 1512 1038 1582; baseline 0.006 -18"><span class='ocrx_word' id='word_1_105' title='bbox 517 1512 658 1565; x_wconf 85' lang='lat' dir='ltr'><strong>aliud</strong></span> <span class='ocrx_word' id='word_1_106' title='bbox 682 1514 1038 1582; x_wconf 85' lang='lat' dir='ltr'><strong>cogitandum.</strong></span> 
     </span>
    </p>
   </div>
   <div class='ocr_carea' id='block_1_17' title="bbox 591 1600 2061 1675">
    <p class='ocr_par' dir='ltr' id='par_1_17' title="bbox 591 1600 2061 1675">
     <span class='ocr_line' id='line_1_17' title="bbox 591 1600 2061 1675; baseline 0.003 -20"><span class='ocrx_word' id='word_1_107' title='bbox 591 1600 679 1656; x_wconf 74' lang='lat'><strong>29.</strong></span> <span class='ocrx_word' id='word_1_108' title='bbox 720 1612 745 1641; x_wconf 79' lang='grc' dir='ltr'>ι</span> <span class='ocrx_word' id='word_1_109' title='bbox 773 1600 935 1672; x_wconf 82' lang='lat' dir='ltr'><strong>Igitur</strong></span> <span class='ocrx_word' id='word_1_110' title='bbox 987 1601 1069 1675; x_wconf 31' lang='lat' dir='ltr'><strong>de,</strong></span> <span class='ocrx_word' id='word_1_111' title='bbox 1108 1610 1290 1657; x_wconf 87' lang='lat' dir='ltr'><strong>sancto</strong></span> <span class='ocrx_word' id='word_1_112' title='bbox 1353 1602 1576 1659; x_wconf 82' lang='lat' dir='ltr'><strong>transitu</strong></span> <span class='ocrx_word' id='word_1_113' title='bbox 1616 1605 1909 1659; x_wconf 83' lang='lat' dir='ltr'><strong>beatissimi</strong></span> <span class='ocrx_word' id='word_1_114' title='bbox 1958 1606 2061 1661; x_wconf 85' lang='lat' dir='ltr'><strong>viri</strong></span> 
     </span>
    </p>
   </div>
   <div class='ocr_carea' id='block_1_18' title="bbox 518 1688 2057 1761">
    <p class='ocr_par' dir='ltr' id='par_1_18' title="bbox 518 1688 2057 1761">
     <span class='ocr_line' id='line_1_18' title="bbox 518 1688 2057 1761; baseline 0.003 -19"><span class='ocrx_word' id='word_1_115' title='bbox 518 1704 621 1742; x_wconf 91' lang='lat' dir='ltr'><strong>non</strong></span> <span class='ocrx_word' id='word_1_116' title='bbox 650 1698 757 1742; x_wconf 90' lang='lat' dir='ltr'><strong>tam</strong></span> <span class='ocrx_word' id='word_1_117' title='bbox 786 1690 937 1744; x_wconf 88' lang='lat' dir='ltr'><strong>nobis</strong></span> <span class='ocrx_word' id='word_1_118' title='bbox 966 1688 1247 1744; x_wconf 89' lang='lat' dir='ltr'><strong>dolendum</strong></span> <span class='ocrx_word' id='word_1_119' title='bbox 1275 1706 1432 1759; x_wconf 82' lang='lat' dir='ltr'><strong>quam</strong></span> <span class='ocrx_word' id='word_1_120' title='bbox 1476 1692 1807 1761; x_wconf 88' lang='lat' dir='ltr'><strong>gaudendum</strong></span> <span class='ocrx_word' id='word_1_121' title='bbox 1838 1708 1955 1747; x_wconf 85' lang='lat' dir='ltr'><strong>esse</strong></span> <span class='ocrx_word' id='word_1_122' title='bbox 1980 1696 2057 1746; x_wconf 87' lang='lat' dir='ltr'><strong>vi-</strong></span> 
     </span>
    </p>
   </div>
   <div class='ocr_carea' id='block_1_19' title="bbox 2149 548 3697 621">
    <p class='ocr_par' dir='ltr' id='par_1_19' title="bbox 2149 548 3697 621">
     <span class='ocr_line' id='line_1_19' title="bbox 2149 548 3697 621; baseline -0.001 -17"><span class='ocrx_word' id='word_1_123' title='bbox 2149 552 2372 606; x_wconf 85' lang='lat' dir='ltr'><strong>Proinde</strong></span> <span class='ocrx_word' id='word_1_124' title='bbox 2401 567 2505 604; x_wconf 89' lang='lat' dir='ltr'><strong>non</strong></span> <span class='ocrx_word' id='word_1_125' title='bbox 2525 559 2584 604; x_wconf 93' lang='lat' dir='ltr'><strong>ut</strong></span> <span class='ocrx_word' id='word_1_126' title='bbox 2607 562 2866 605; x_wconf 88' lang='lat' dir='ltr'><strong>mortuum</strong></span> <span class='ocrx_word' id='word_1_127' title='bbox 2897 548 3190 621; x_wconf 80' lang='lat' dir='ltr'><strong>plangimus</strong></span> <span class='ocrx_word' id='word_1_128' title='bbox 3216 592 3230 616; x_wconf 92' lang='lat'><strong>,</strong></span> <span class='ocrx_word' id='word_1_129' title='bbox 3282 554 3371 607; x_wconf 84' lang='lat' dir='ltr'><strong>sed</strong></span> <span class='ocrx_word' id='word_1_130' title='bbox 3408 561 3474 605; x_wconf 91' lang='lat' dir='ltr'><strong>ut</strong></span> <span class='ocrx_word' id='word_1_131' title='bbox 3520 550 3697 602; x_wconf 78' lang='lat' dir='ltr'><strong>viven-</strong></span> 
     </span>
    </p>
   </div>
   <div class='ocr_carea' id='block_1_20' title="bbox 2150 638 3695 708">
    <p class='ocr_par' dir='ltr' id='par_1_20' title="bbox 2150 638 3695 708">
     <span class='ocr_line' id='line_1_20' title="bbox 2150 638 3695 708; baseline -0.003 -15"><span class='ocrx_word' id='word_1_132' title='bbox 2150 650 2261 693; x_wconf 86' lang='lat' dir='ltr'><strong>tem</strong></span> <span class='ocrx_word' id='word_1_133' title='bbox 2279 640 2512 696; x_wconf 88' lang='lat' dir='ltr'><strong>subsidio</strong></span> <span class='ocrx_word' id='word_1_134' title='bbox 2523 655 2739 695; x_wconf 82' lang='lat' dir='ltr'><strong>suarum</strong></span> <span class='ocrx_word' id='word_1_135' title='bbox 2760 638 2974 708; x_wconf 80' lang='lat' dir='ltr'><strong>precum</strong></span> <span class='ocrx_word' id='word_1_136' title='bbox 2987 641 3135 697; x_wconf 86' lang='lat' dir='ltr'><strong>nobis</strong></span> <span class='ocrx_word' id='word_1_137' title='bbox 3146 640 3429 694; x_wconf 87' lang='lat' dir='ltr'><strong>subvenire</strong></span> <span class='ocrx_word' id='word_1_138' title='bbox 3454 652 3695 693; x_wconf 86' lang='lat' dir='ltr'><strong>oramus.</strong></span> 
     </span>
    </p>
   </div>
   <div class='ocr_carea' id='block_1_21' title="bbox 2148 727 3699 800">
    <p class='ocr_par' dir='ltr' id='par_1_21' title="bbox 2148 727 3699 800">
     <span class='ocr_line' id='line_1_21' title="bbox 2148 727 3699 800; baseline -0.002 -17"><span class='ocrx_word' id='word_1_139' title='bbox 2148 728 2193 783; x_wconf 90' lang='grc' dir='ltr'>Ο</span> <span class='ocrx_word' id='word_1_140' title='bbox 2216 744 2338 782; x_wconf 90' lang='lat' dir='ltr'><strong>vere</strong></span> <span class='ocrx_word' id='word_1_141' title='bbox 2364 730 2576 783; x_wconf 85' lang='lat' dir='ltr'><strong>beatum</strong></span> <span class='ocrx_word' id='word_1_142' title='bbox 2617 738 2669 782; x_wconf 88' lang='lat' dir='ltr'><strong>et</strong></span> <span class='ocrx_word' id='word_1_143' title='bbox 2691 730 2834 783; x_wconf 91' lang='lat' dir='ltr'><strong>omni</strong></span> <span class='ocrx_word' id='word_1_144' title='bbox 2870 729 3023 783; x_wconf 85' lang='lat' dir='ltr'><strong>laude</strong></span> <span class='ocrx_word' id='word_1_145' title='bbox 3048 729 3439 800; x_wconf 86' lang='lat' dir='ltr'><strong>dignissimum,</strong></span> <span class='ocrx_word' id='word_1_146' title='bbox 3471 727 3699 795; x_wconf 77' lang='lat' dir='ltr'><strong>angelis,</strong></span> 
     </span>
    </p>
   </div>
   <div class='ocr_carea' id='block_1_22' title="bbox 2147 816 3705 888">
    <p class='ocr_par' dir='ltr' id='par_1_22' title="bbox 2147 816 3705 888">
     <span class='ocr_line' id='line_1_22' title="bbox 2147 816 3705 888; baseline -0.004 -15"><span class='ocrx_word' id='word_1_147' title='bbox 2147 819 2438 887; x_wconf 81' lang='lat' dir='ltr'><strong>prophetis,</strong></span> <span class='ocrx_word' id='word_1_148' title='bbox 2465 818 2737 888; x_wconf 87' lang='lat' dir='ltr'><strong>apostolis,</strong></span> <span class='ocrx_word' id='word_1_149' title='bbox 2762 819 3082 887; x_wconf 87' lang='lat' dir='ltr'><strong>martyribus</strong></span> <span class='ocrx_word' id='word_1_150' title='bbox 3098 857 3117 881; x_wconf 88' lang='lat'><strong>,</strong></span> <span class='ocrx_word' id='word_1_151' title='bbox 3143 817 3571 877; x_wconf 83' lang='lat' dir='ltr'><strong>confessorihus,</strong></span> <span class='ocrx_word' id='word_1_152' title='bbox 3600 816 3705 867; x_wconf 73' lang='lat' dir='ltr'><strong>vir-</strong></span> 
     </span>
    </p>
   </div>
   <div class='ocr_carea' id='block_1_23' title="bbox 2149 891 3702 976">
    <p class='ocr_par' dir='ltr' id='par_1_23' title="bbox 2149 891 3702 976">
     <span class='ocr_line' id='line_1_23' title="bbox 2149 891 3702 976; baseline -0.005 -16"><span class='ocrx_word' id='word_1_153' title='bbox 2149 908 2357 976; x_wconf 87' lang='lat' dir='ltr'><strong>ginibus</strong></span> <span class='ocrx_word' id='word_1_154' title='bbox 2384 922 2487 961; x_wconf 92' lang='lat' dir='ltr'><strong>non</strong></span> <span class='ocrx_word' id='word_1_155' title='bbox 2516 907 2781 961; x_wconf 76' lang='lat' dir='ltr'><strong>innuerim</strong></span> <span class='ocrx_word' id='word_1_156' title='bbox 2818 891 3231 974; x_wconf 71' lang='lat' dir='ltr'><strong>bomparandum</strong></span> <span class='ocrx_word' id='word_1_157' title='bbox 3272 924 3283 958; x_wconf 89' lang='lat'><strong>:</strong></span> <span class='ocrx_word' id='word_1_158' title='bbox 3316 904 3497 973; x_wconf 87' lang='lat' dir='ltr'><strong>angeli</strong></span> <span class='ocrx_word' id='word_1_159' title='bbox 3551 918 3702 954; x_wconf 88' lang='lat' dir='ltr'><strong>mun-</strong></span> 
     </span>
    </p>
   </div>
   <div class='ocr_carea' id='block_1_24' title="bbox 2150 991 3701 1064">
    <p class='ocr_par' dir='ltr' id='par_1_24' title="bbox 2150 991 3701 1064">
     <span class='ocr_line' id='line_1_24' title="bbox 2150 991 3701 1064; baseline -0.006 -13"><span class='ocrx_word' id='word_1_160' title='bbox 2150 998 2277 1051; x_wconf 83' lang='lat' dir='ltr'><strong>ditia</strong></span> <span class='ocrx_word' id='word_1_161' title='bbox 2320 1006 2372 1049; x_wconf 92' lang='lat' dir='ltr'><strong>et</strong></span> <span class='ocrx_word' id='word_1_162' title='bbox 2415 997 2707 1052; x_wconf 61' lang='lat' dir='ltr'><strong>cmicstium</strong></span> <span class='ocrx_word' id='word_1_163' title='bbox 2742 996 3213 1064; x_wconf 83' lang='lat' dir='ltr'><strong>contemplatione;</strong></span> <span class='ocrx_word' id='word_1_164' title='bbox 3245 995 3533 1063; x_wconf 85' lang='lat' dir='ltr'><strong>prophetis</strong></span> <span class='ocrx_word' id='word_1_165' title='bbox 3562 991 3701 1044; x_wconf 85' lang='lat' dir='ltr'><strong>futu-</strong></span> 
     </span>
    </p>
   </div>
   <div class='ocr_carea' id='block_1_25' title="bbox 2151 1082 3707 1153">
    <p class='ocr_par' dir='ltr' id='par_1_25' title="bbox 2151 1082 3707 1153">
     <span class='ocr_line' id='line_1_25' title="bbox 2151 1082 3707 1153; baseline -0.004 -16"><span class='ocrx_word' id='word_1_166' title='bbox 2151 1100 2328 1137; x_wconf 92' lang='lat' dir='ltr'><strong>rorum</strong></span> <span class='ocrx_word' id='word_1_167' title='bbox 2354 1086 2574 1149; x_wconf 84' lang='lat' dir='ltr'><strong>notitia;</strong></span> <span class='ocrx_word' id='word_1_168' title='bbox 2602 1085 2851 1153; x_wconf 85' lang='lat' dir='ltr'><strong>apostolis</strong></span> <span class='ocrx_word' id='word_1_169' title='bbox 2871 1085 3147 1149; x_wconf 84' lang='lat' dir='ltr'><strong>pastoralis</strong></span> <span class='ocrx_word' id='word_1_170' title='bbox 3179 1098 3318 1136; x_wconf 70' lang='lat' dir='ltr'><strong>cura:</strong></span> <span class='ocrx_word' id='word_1_171' title='bbox 3354 1082 3707 1135; x_wconf 77' lang='lat' dir='ltr'><strong>successione</strong></span> 
     </span>
    </p>
   </div>
   <div class='ocr_carea' id='block_1_26' title="bbox 2149 1168 3707 1243">
    <p class='ocr_par' dir='ltr' id='par_1_26' title="bbox 2149 1168 3707 1243">
     <span class='ocr_line' id='line_1_26' title="bbox 2149 1168 3707 1243; baseline -0.006 -14"><span class='ocrx_word' id='word_1_172' title='bbox 2149 1183 2203 1229; x_wconf 86' lang='lat' dir='ltr'><strong>et</strong></span> <span class='ocrx_word' id='word_1_173' title='bbox 2223 1176 2614 1243; x_wconf 65' lang='lat' dir='ltr'><strong>prmdicationis</strong></span> <span class='ocrx_word' id='word_1_174' title='bbox 2635 1174 2961 1237; x_wconf 83' lang='lat' dir='ltr'><strong>imitatione;</strong></span> <span class='ocrx_word' id='word_1_175' title='bbox 2990 1172 3307 1241; x_wconf 86' lang='lat' dir='ltr'><strong>martyribus</strong></span> <span class='ocrx_word' id='word_1_176' title='bbox 3330 1170 3521 1224; x_wconf 88' lang='lat' dir='ltr'><strong>carnis</strong></span> <span class='ocrx_word' id='word_1_177' title='bbox 3547 1168 3707 1221; x_wconf 84' lang='lat' dir='ltr'><strong>casti-</strong></span> 
     </span>
    </p>
   </div>
   <div class='ocr_carea' id='block_1_27' title="bbox 2150 1258 3705 1333">
    <p class='ocr_par' dir='ltr' id='par_1_27' title="bbox 2150 1258 3705 1333">
     <span class='ocr_line' id='line_1_27' title="bbox 2150 1258 3705 1333; baseline -0.006 -16"><span class='ocrx_word' id='word_1_178' title='bbox 2150 1265 2359 1333; x_wconf 80' lang='lat' dir='ltr'><strong>gatione</strong></span> <span class='ocrx_word' id='word_1_179' title='bbox 2387 1272 2441 1317; x_wconf 89' lang='lat' dir='ltr'><strong>et</strong></span> <span class='ocrx_word' id='word_1_180' title='bbox 2482 1264 2718 1333; x_wconf 82' lang='lat' dir='ltr'><strong>martyrii</strong></span> <span class='ocrx_word' id='word_1_181' title='bbox 2753 1262 3053 1325; x_wconf 80' lang='lat' dir='ltr'><strong>desiderio;</strong></span> <span class='ocrx_word' id='word_1_182' title='bbox 3093 1260 3491 1314; x_wconf 83' lang='lat' dir='ltr'><strong>eonfessoribus</strong></span> <span class='ocrx_word' id='word_1_183' title='bbox 3543 1258 3705 1310; x_wconf 80' lang='lat' dir='ltr'><strong>divini</strong></span> 
     </span>
    </p>
   </div>
   <div class='ocr_carea' id='block_1_28' title="bbox 2152 1347 3703 1423">
    <p class='ocr_par' dir='ltr' id='par_1_28' title="bbox 2152 1347 3703 1423">
     <span class='ocr_line' id='line_1_28' title="bbox 2152 1347 3703 1423; baseline -0.006 -16"><span class='ocrx_word' id='word_1_184' title='bbox 2152 1354 2378 1408; x_wconf 84' lang='lat' dir='ltr'><strong>nominis</strong></span> <span class='ocrx_word' id='word_1_185' title='bbox 2403 1367 2581 1407; x_wconf 86' lang='lat' dir='ltr'><strong>coram</strong></span> <span class='ocrx_word' id='word_1_186' title='bbox 2623 1353 2833 1423; x_wconf 78' lang='lat' dir='ltr'><strong>regibus</strong></span> <span class='ocrx_word' id='word_1_187' title='bbox 2867 1355 2920 1405; x_wconf 78' lang='lat' dir='ltr'><strong>et</strong></span> <span class='ocrx_word' id='word_1_188' title='bbox 2947 1350 3274 1420; x_wconf 86' lang='lat' dir='ltr'><strong>principibus</strong></span> <span class='ocrx_word' id='word_1_189' title='bbox 3312 1347 3703 1407; x_wconf 70' lang='lat' dir='ltr'><strong>confessione;</strong></span> 
     </span>
    </p>
   </div>
   <div class='ocr_carea' id='block_1_29' title="bbox 2150 1431 3709 1511">
    <p class='ocr_par' dir='ltr' id='par_1_29' title="bbox 2150 1431 3709 1511">
     <span class='ocr_line' id='line_1_29' title="bbox 2150 1431 3709 1511; baseline -0.007 -16"><span class='ocrx_word' id='word_1_190' title='bbox 2150 1436 2442 1511; x_wconf 71' lang='lat' dir='ltr'><strong>virginibus</strong></span> <span class='ocrx_word' id='word_1_191' title='bbox 2486 1441 2723 1509; x_wconf 84' lang='lat' dir='ltr'><strong>corporis</strong></span> <span class='ocrx_word' id='word_1_192' title='bbox 2749 1438 2904 1493; x_wconf 84' lang='lat' dir='ltr'><strong>simul</strong></span> <span class='ocrx_word' id='word_1_193' title='bbox 2947 1438 3236 1491; x_wconf 89' lang='lat' dir='ltr'><strong>et-mentis</strong></span> <span class='ocrx_word' id='word_1_194' title='bbox 3260 1436 3532 1489; x_wconf 80' lang='lat' dir='ltr'><strong>castitate.</strong></span> <span class='ocrx_word' id='word_1_195' title='bbox 3581 1431 3709 1496; x_wconf 82' lang='lat' dir='ltr'><strong>Quis</strong></span> 
     </span>
    </p>
   </div>
   <div class='ocr_carea' id='block_1_30' title="bbox 2120 1520 3705 1595">
    <p class='ocr_par' dir='ltr' id='par_1_30' title="bbox 2120 1520 3705 1595">
     <span class='ocr_line' id='line_1_30' title="bbox 2120 1520 3705 1595; baseline -0.007 -15"><span class='ocrx_word' id='word_1_196' title='bbox 2120 1526 2266 1595; x_wconf 84' lang='lat' dir='ltr'><strong>-ejus</strong></span> <span class='ocrx_word' id='word_1_197' title='bbox 2291 1527 2623 1581; x_wconf 82' lang='lat' dir='ltr'><strong>sanctitatem</strong></span> <span class='ocrx_word' id='word_1_198' title='bbox 2661 1541 2764 1579; x_wconf 92' lang='lat' dir='ltr'><strong>non</strong></span> <span class='ocrx_word' id='word_1_199' title='bbox 2791 1523 3110 1578; x_wconf 80' lang='lat' dir='ltr'><strong>veneretur?</strong></span> <span class='ocrx_word' id='word_1_200' title='bbox 3146 1521 3274 1586; x_wconf 86' lang='lat' dir='ltr'><strong>Quis</strong></span> <span class='ocrx_word' id='word_1_201' title='bbox 3312 1520 3705 1573; x_wconf 85' lang='lat' dir='ltr'><strong>miraculorum</strong></span> 
     </span>
    </p>
   </div>
   <div class='ocr_carea' id='block_1_31' title="bbox 2150 1605 3707 1683">
    <p class='ocr_par' dir='ltr' id='par_1_31' title="bbox 2150 1605 3707 1683">
     <span class='ocr_line' id='line_1_31' title="bbox 2150 1605 3707 1683; baseline -0.006 -16"><span class='ocrx_word' id='word_1_202' title='bbox 2150 1614 2506 1683; x_wconf 86' lang='lat' dir='ltr'><strong>operationem</strong></span> <span class='ocrx_word' id='word_1_203' title='bbox 2542 1628 2645 1667; x_wconf 89' lang='lat' dir='ltr'><strong>non</strong></span> <span class='ocrx_word' id='word_1_204' title='bbox 2680 1612 3049 1681; x_wconf 82' lang='lat' dir='ltr'><strong>Obstupescat?</strong></span> <span class='ocrx_word' id='word_1_205' title='bbox 3081 1610 3209 1674; x_wconf 84' lang='lat' dir='ltr'><strong>Quis</strong></span> <span class='ocrx_word' id='word_1_206' title='bbox 3253 1608 3366 1675; x_wconf 83' lang='lat' dir='ltr'><strong>ejus</strong></span> <span class='ocrx_word' id='word_1_207' title='bbox 3422 1605 3707 1659; x_wconf 51' lang='lat' dir='ltr'><strong>humiliter</strong></span> 
     </span>
    </p>
   </div>
   <div class='ocr_carea' id='block_1_32' title="bbox 2154 1696 3710 1773">
    <p class='ocr_par' dir='ltr' id='par_1_32' title="bbox 2154 1696 3710 1773">
     <span class='ocr_line' id='line_1_32' title="bbox 2154 1696 3710 1773; baseline -0.009 -14"><span class='ocrx_word' id='word_1_208' title='bbox 2154 1714 2258 1759; x_wconf 90' lang='lat' dir='ltr'><strong>tem</strong></span> <span class='ocrx_word' id='word_1_209' title='bbox 2286 1706 2337 1757; x_wconf 91' lang='lat' dir='ltr'><strong>in</strong></span> <span class='ocrx_word' id='word_1_210' title='bbox 2377 1704 2539 1773; x_wconf 87' lang='lat' dir='ltr'><strong>signis</strong></span> <span class='ocrx_word' id='word_1_211' title='bbox 2569 1703 2895 1757; x_wconf 85' lang='lat' dir='ltr'><strong>occultandis</strong></span> <span class='ocrx_word' id='word_1_212' title='bbox 2921 1717 3022 1755; x_wconf 90' lang='lat' dir='ltr'><strong>non</strong></span> <span class='ocrx_word' id='word_1_213' title='bbox 3048 1698 3299 1753; x_wconf 86' lang='lat' dir='ltr'><strong>miretur?</strong></span> <span class='ocrx_word' id='word_1_214' title='bbox 3334 1696 3544 1764; x_wconf 61' lang='lat' dir='ltr'><strong>Maiora</strong></span> <span class='ocrx_word' id='word_1_215' title='bbox 3585 1704 3710 1747; x_wconf 88' lang='lat' dir='ltr'><strong>sunt</strong></span> 
     </span>
    </p>
   </div>
   <div class='ocr_carea' id='block_1_33' title="bbox 517 1777 3708 1861">
    <p class='ocr_par' dir='ltr' id='par_1_33' title="bbox 517 1777 3708 1861">
     <span class='ocr_line' id='line_1_33' title="bbox 517 1777 3708 1861; baseline 0.001 -28"><span class='ocrx_word' id='word_1_216' title='bbox 517 1779 719 1831; x_wconf 87' lang='lat' dir='ltr'><strong>demus.</strong></span> <span class='ocrx_word' id='word_1_217' title='bbox 753 1777 963 1832; x_wconf 81' lang='lat' dir='ltr'><strong>Gratias</strong></span> <span class='ocrx_word' id='word_1_218' title='bbox 988 1779 1130 1832; x_wconf 87' lang='lat' dir='ltr'><strong>enim</strong></span> <span class='ocrx_word' id='word_1_219' title='bbox 1180 1794 1337 1850; x_wconf 86' lang='lat' dir='ltr'><strong>agere</strong></span> <span class='ocrx_word' id='word_1_220' title='bbox 1382 1781 1632 1837; x_wconf 84' lang='lat' dir='ltr'><strong>debemus</strong></span> <span class='ocrx_word' id='word_1_221' title='bbox 1656 1823 1669 1844; x_wconf 88' lang='lat'><strong>,</strong></span> <span class='ocrx_word' id='word_1_222' title='bbox 1724 1783 1861 1851; x_wconf 85' lang='lat' dir='ltr'><strong>quod</strong></span> <span class='ocrx_word' id='word_1_223' title='bbox 1895 1784 2048 1837; x_wconf 81' lang='lat' dir='ltr'><strong>talem</strong></span> <span class='ocrx_word' id='word_1_224' title='bbox 2084 1786 2123 1842; x_wconf 82' lang='grc' dir='ltr'><strong>Β</strong></span> <span class='ocrx_word' id='word_1_225' title='bbox 2152 1795 2259 1856; x_wconf 89' lang='lat' dir='ltr'><strong>illa,</strong></span> <span class='ocrx_word' id='word_1_226' title='bbox 2302 1808 2456 1861; x_wconf 91' lang='lat' dir='ltr'><strong>quam</strong></span> <span class='ocrx_word' id='word_1_227' title='bbox 2484 1802 2541 1846; x_wconf 90' lang='lat' dir='ltr'><strong>ut</strong></span> <span class='ocrx_word' id='word_1_228' title='bbox 2569 1792 2722 1861; x_wconf 86' lang='lat' dir='ltr'><strong>digne</strong></span> <span class='ocrx_word' id='word_1_229' title='bbox 2749 1805 2811 1845; x_wconf 87' lang='lat' dir='ltr'><strong>ea</strong></span> <span class='ocrx_word' id='word_1_230' title='bbox 2836 1798 3029 1845; x_wconf 82' lang='lat' dir='ltr'><strong>nostrae</strong></span> <span class='ocrx_word' id='word_1_231' title='bbox 3062 1790 3250 1858; x_wconf 77' lang='lat' dir='ltr'><strong>lingua:</strong></span> <span class='ocrx_word' id='word_1_232' title='bbox 3273 1784 3503 1840; x_wconf 86' lang='lat' dir='ltr'><strong>ariditas</strong></span> <span class='ocrx_word' id='word_1_233' title='bbox 3530 1786 3708 1837; x_wconf 76' lang='lat' dir='ltr'><strong>valeat</strong></span> 
     </span>
    </p>
   </div>
   <div class='ocr_carea' id='block_1_34' title="bbox 517 1866 2051 1943">
    <p class='ocr_par' dir='ltr' id='par_1_34' title="bbox 517 1866 2051 1943">
     <span class='ocr_line' id='line_1_34' title="bbox 517 1866 2051 1943; baseline 0.007 -27"><span class='ocrx_word' id='word_1_234' title='bbox 517 1866 714 1919; x_wconf 85' lang='lat' dir='ltr'><strong>nostris</strong></span> <span class='ocrx_word' id='word_1_235' title='bbox 750 1867 1071 1935; x_wconf 87' lang='lat' dir='ltr'><strong>temporibus</strong></span> <span class='ocrx_word' id='word_1_236' title='bbox 1092 1869 1264 1923; x_wconf 88' lang='lat' dir='ltr'><strong>virum</strong></span> <span class='ocrx_word' id='word_1_237' title='bbox 1293 1872 1567 1933; x_wconf 87' lang='lat' dir='ltr'><strong>concessit,</strong></span> <span class='ocrx_word' id='word_1_238' title='bbox 1597 1872 1685 1940; x_wconf 79' lang='lat' dir='ltr'><strong>qui</strong></span> <span class='ocrx_word' id='word_1_239' title='bbox 1713 1882 1764 1926; x_wconf 90' lang='lat' dir='ltr'><strong>et</strong></span> <span class='ocrx_word' id='word_1_240' title='bbox 1788 1874 2051 1943; x_wconf 85' lang='lat' dir='ltr'><strong>prioribus</strong></span> 
     </span>
    </p>
   </div>
   <div class='ocr_carea' id='block_1_35' title="bbox 515 1954 2052 2024">
    <p class='ocr_par' dir='ltr' id='par_1_35' title="bbox 515 1954 2052 2024">
     <span class='ocr_line' id='line_1_35' title="bbox 515 1954 2052 2024; baseline 0.005 -19"><span class='ocrx_word' id='word_1_241' title='bbox 515 1954 713 2005; x_wconf 83' lang='lat' dir='ltr'><strong>sanctis</strong></span> <span class='ocrx_word' id='word_1_242' title='bbox 734 1956 1037 2021; x_wconf 62' lang='lat' dir='ltr'><strong>aequandus,</strong></span> <span class='ocrx_word' id='word_1_243' title='bbox 1066 1964 1119 2010; x_wconf 87' lang='lat' dir='ltr'><strong>et</strong></span> <span class='ocrx_word' id='word_1_244' title='bbox 1143 1954 1298 2024; x_wconf 86' lang='lat' dir='ltr'><strong>hujus</strong></span> <span class='ocrx_word' id='word_1_245' title='bbox 1318 1960 1490 2012; x_wconf 84' lang='lat' dir='ltr'><strong>aetatis</strong></span> <span class='ocrx_word' id='word_1_246' title='bbox 1520 1958 1817 2014; x_wconf 88' lang='lat' dir='ltr'><strong>hominibus</strong></span> <span class='ocrx_word' id='word_1_247' title='bbox 1854 1962 2052 2015; x_wconf 75' lang='lat' dir='ltr'><strong>incom—</strong></span> 
     </span>
    </p>
   </div>
   <div class='ocr_carea' id='block_1_36' title="bbox 514 2036 2052 2115">
    <p class='ocr_par' dir='ltr' id='par_1_36' title="bbox 514 2036 2052 2115">
     <span class='ocr_line' id='line_1_36' title="bbox 514 2036 2052 2115; baseline 0.007 -20"><span class='ocrx_word' id='word_1_248' title='bbox 514 2042 793 2109; x_wconf 85' lang='lat' dir='ltr'><strong>parabilis,</strong></span> <span class='ocrx_word' id='word_1_249' title='bbox 839 2052 893 2099; x_wconf 89' lang='lat' dir='ltr'><strong>et</strong></span> <span class='ocrx_word' id='word_1_250' title='bbox 948 2046 1175 2115; x_wconf 84' lang='lat' dir='ltr'><strong>posteris</strong></span> <span class='ocrx_word' id='word_1_251' title='bbox 1235 2046 1521 2101; x_wconf 87' lang='lat' dir='ltr'><strong>imitandus</strong></span> <span class='ocrx_word' id='word_1_252' title='bbox 1577 2049 1800 2101; x_wconf 78' lang='lat' dir='ltr'><strong>exstitit.</strong></span> <span class='ocrx_word' id='word_1_253' title='bbox 1840 2036 2052 2105; x_wconf 84' lang='lat' dir='ltr'><strong>Gratias</strong></span> 
     </span>
    </p>
   </div>
   <div class='ocr_carea' id='block_1_37' title="bbox 515 2132 2054 2205">
    <p class='ocr_par' dir='ltr' id='par_1_37' title="bbox 515 2132 2054 2205">
     <span class='ocr_line' id='line_1_37' title="bbox 515 2132 2054 2205; baseline 0.006 -23"><span class='ocrx_word' id='word_1_254' title='bbox 515 2132 654 2183; x_wconf 90' lang='lat' dir='ltr'><strong>enim</strong></span> <span class='ocrx_word' id='word_1_255' title='bbox 681 2146 836 2201; x_wconf 86' lang='lat' dir='ltr'><strong>agere</strong></span> <span class='ocrx_word' id='word_1_256' title='bbox 856 2135 1127 2199; x_wconf 78' lang='lat' dir='ltr'><strong>debemus,</strong></span> <span class='ocrx_word' id='word_1_257' title='bbox 1148 2136 1288 2203; x_wconf 91' lang='lat' dir='ltr'><strong>quod</strong></span> <span class='ocrx_word' id='word_1_258' title='bbox 1309 2150 1404 2189; x_wconf 86' lang='lat' dir='ltr'><strong>nos</strong></span> <span class='ocrx_word' id='word_1_259' title='bbox 1425 2150 1545 2189; x_wconf 89' lang='lat' dir='ltr'><strong>eum</strong></span> <span class='ocrx_word' id='word_1_260' title='bbox 1559 2150 1620 2189; x_wconf 81' lang='lat' dir='ltr'><strong>ex</strong></span> <span class='ocrx_word' id='word_1_261' title='bbox 1645 2146 1851 2204; x_wconf 86' lang='lat' dir='ltr'><strong>pastore</strong></span> <span class='ocrx_word' id='word_1_262' title='bbox 1877 2146 2054 2205; x_wconf 89' lang='lat' dir='ltr'><strong>patro-</strong></span> 
     </span>
    </p>
   </div>
   <div class='ocr_carea' id='block_1_38' title="bbox 517 2222 2055 2293">
    <p class='ocr_par' dir='ltr' id='par_1_38' title="bbox 517 2222 2055 2293">
     <span class='ocr_line' id='line_1_38' title="bbox 517 2222 2055 2293; baseline 0.007 -20"><span class='ocrx_word' id='word_1_263' title='bbox 517 2235 641 2273; x_wconf 86' lang='lat' dir='ltr'><strong>nnm</strong></span> <span class='ocrx_word' id='word_1_264' title='bbox 671 2222 867 2274; x_wconf 89' lang='lat' dir='ltr'><strong>habere</strong></span> <span class='ocrx_word' id='word_1_265' title='bbox 895 2222 1039 2276; x_wconf 87' lang='lat' dir='ltr'><strong>fecit.</strong></span> <span class='ocrx_word' id='word_1_266' title='bbox 1078 2224 1207 2277; x_wconf 85' lang='lat' dir='ltr'><strong>Nam</strong></span> <span class='ocrx_word' id='word_1_267' title='bbox 1236 2227 1476 2293; x_wconf 88' lang='lat' dir='ltr'><strong>quamvis</strong></span> <span class='ocrx_word' id='word_1_268' title='bbox 1501 2241 1688 2279; x_wconf 90' lang='lat' dir='ltr'><strong>omnes</strong></span> <span class='ocrx_word' id='word_1_269' title='bbox 1718 2236 1927 2281; x_wconf 83' lang='lat' dir='ltr'><strong>sanctos</strong></span> <span class='ocrx_word' id='word_1_270' title='bbox 1960 2244 2055 2283; x_wconf 87' lang='lat' dir='ltr'><strong>nos</strong></span> 
     </span>
    </p>
   </div>
   <div class='ocr_carea' id='block_1_39' title="bbox 515 2312 2057 2385">
    <p class='ocr_par' dir='ltr' id='par_1_39' title="bbox 515 2312 2057 2385">
     <span class='ocr_line' id='line_1_39' title="bbox 515 2312 2057 2385; baseline 0.006 -24"><span class='ocrx_word' id='word_1_271' title='bbox 515 2318 771 2379; x_wconf 81' lang='lat' dir='ltr'><strong>patronos</strong></span> <span class='ocrx_word' id='word_1_272' title='bbox 798 2312 993 2366; x_wconf 87' lang='lat' dir='ltr'><strong>habere</strong></span> <span class='ocrx_word' id='word_1_273' title='bbox 1018 2312 1343 2368; x_wconf 80' lang='lat' dir='ltr'><strong>conﬁdamus</strong></span> <span class='ocrx_word' id='word_1_274' title='bbox 1368 2354 1382 2377; x_wconf 93' lang='lat'><strong>,</strong></span> <span class='ocrx_word' id='word_1_275' title='bbox 1412 2315 1580 2383; x_wconf 88' lang='lat' dir='ltr'><strong>ipsum</strong></span> <span class='ocrx_word' id='word_1_276' title='bbox 1616 2325 1786 2369; x_wconf 85' lang='lat' dir='ltr'><strong>tamen</strong></span> <span class='ocrx_word' id='word_1_277' title='bbox 1844 2319 2057 2385; x_wconf 87' lang='lat' dir='ltr'><strong>speciali</strong></span> 
     </span>
    </p>
   </div>
   <div class='ocr_carea' id='block_1_40' title="bbox 522 2399 2057 2473">
    <p class='ocr_par' dir='ltr' id='par_1_40' title="bbox 522 2399 2057 2473">
     <span class='ocr_line' id='line_1_40' title="bbox 522 2399 2057 2473; baseline 0.005 -21"><span class='ocrx_word' id='word_1_278' title='bbox 522 2399 646 2454; x_wconf 88' lang='lat' dir='ltr'><strong>licet</strong></span> <span class='ocrx_word' id='word_1_279' title='bbox 685 2416 782 2455; x_wconf 86' lang='lat' dir='ltr'><strong>nos</strong></span> <span class='ocrx_word' id='word_1_280' title='bbox 811 2400 1013 2473; x_wconf 77' lang='lat' dir='ltr'><strong>(Forte,</strong></span> <span class='ocrx_word' id='word_1_281' title='bbox 1042 2418 1139 2457; x_wconf 87' lang='lat' dir='ltr'><strong>nos</strong></span> <span class='ocrx_word' id='word_1_282' title='bbox 1161 2404 1304 2473; x_wconf 87' lang='lat' dir='ltr'><strong>licet)</strong></span> <span class='ocrx_word' id='word_1_283' title='bbox 1336 2405 1574 2473; x_wconf 82' lang='lat' dir='ltr'><strong>indignos</strong></span> <span class='ocrx_word' id='word_1_284' title='bbox 1602 2406 1893 2472; x_wconf 81' lang='lat' dir='ltr'><strong>patrocinio</strong></span> <span class='ocrx_word' id='word_1_285' title='bbox 1920 2408 2057 2460; x_wconf 88' lang='lat' dir='ltr'><strong>tueri</strong></span> 
     </span>
    </p>
   </div>
   <div class='ocr_carea' id='block_1_41' title="bbox 518 2489 2055 2560">
    <p class='ocr_par' dir='ltr' id='par_1_41' title="bbox 518 2489 2055 2560">
     <span class='ocr_line' id='line_1_41' title="bbox 518 2489 2055 2560; baseline 0.005 -21"><span class='ocrx_word' id='word_1_286' title='bbox 518 2502 621 2540; x_wconf 89' lang='lat' dir='ltr'><strong>non</strong></span> <span class='ocrx_word' id='word_1_287' title='bbox 644 2489 868 2542; x_wconf 85' lang='lat' dir='ltr'><strong>absurde</strong></span> <span class='ocrx_word' id='word_1_288' title='bbox 896 2504 1188 2559; x_wconf 85' lang='lat' dir='ltr'><strong>speramus.</strong></span> <span class='ocrx_word' id='word_1_289' title='bbox 1222 2491 1487 2557; x_wconf 84' lang='lat' dir='ltr'><strong>Quantum</strong></span> <span class='ocrx_word' id='word_1_290' title='bbox 1516 2502 1689 2545; x_wconf 87' lang='lat' dir='ltr'><strong>autem</strong></span> <span class='ocrx_word' id='word_1_291' title='bbox 1728 2494 1863 2560; x_wconf 88' lang='lat' dir='ltr'><strong>apud</strong></span> <span class='ocrx_word' id='word_1_292' title='bbox 1892 2493 2055 2547; x_wconf 87' lang='lat' dir='ltr'><strong>Deum</strong></span> 
     </span>
    </p>
   </div>
   <div class='ocr_carea' id='block_1_42' title="bbox 516 2572 2057 2644">
    <p class='ocr_par' dir='ltr' id='par_1_42' title="bbox 516 2572 2057 2644">
     <span class='ocr_line' id='line_1_42' title="bbox 516 2572 2057 2644; baseline 0.005 -18"><span class='ocrx_word' id='word_1_293' title='bbox 516 2572 626 2640; x_wconf 86' lang='lat' dir='ltr'><strong>ejus</strong></span> <span class='ocrx_word' id='word_1_294' title='bbox 650 2578 937 2644; x_wconf 87' lang='lat' dir='ltr'><strong>patrocinia</strong></span> <span class='ocrx_word' id='word_1_295' title='bbox 966 2579 1200 2643; x_wconf 75' lang='lat' dir='ltr'><strong>valeant;</strong></span> <span class='ocrx_word' id='word_1_296' title='bbox 1249 2590 1515 2634; x_wconf 85' lang='lat' dir='ltr'><strong>testantur</strong></span> <span class='ocrx_word' id='word_1_297' title='bbox 1564 2582 1816 2633; x_wconf 78' lang='lat' dir='ltr'><strong>sanitates</strong></span> <span class='ocrx_word' id='word_1_298' title='bbox 1862 2582 2057 2635; x_wconf 88' lang='lat' dir='ltr'><strong>morbi-</strong></span> 
     </span>
    </p>
   </div>
   <div class='ocr_carea' id='block_1_43' title="bbox 2150 1881 3705 1955">
    <p class='ocr_par' dir='ltr' id='par_1_43' title="bbox 2150 1881 3705 1955">
     <span class='ocr_line' id='line_1_43' title="bbox 2150 1881 3705 1955; baseline -0.005 -16"><span class='ocrx_word' id='word_1_299' title='bbox 2150 1885 2430 1953; x_wconf 83' lang='lat' dir='ltr'><strong>cxplicare.</strong></span> <span class='ocrx_word' id='word_1_300' title='bbox 2465 1886 2572 1940; x_wconf 88' lang='lat' dir='ltr'><strong>Nec</strong></span> <span class='ocrx_word' id='word_1_301' title='bbox 2599 1895 2717 1955; x_wconf 84' lang='lat' dir='ltr'><strong>eget</strong></span> <span class='ocrx_word' id='word_1_302' title='bbox 2773 1885 2856 1938; x_wconf 87' lang='lat' dir='ltr'><strong>ille</strong></span> <span class='ocrx_word' id='word_1_303' title='bbox 2905 1885 3071 1938; x_wconf 88' lang='lat' dir='ltr'><strong>nostri</strong></span> <span class='ocrx_word' id='word_1_304' title='bbox 3099 1883 3356 1936; x_wconf 73' lang='lat' dir='ltr'><strong>sermonis</strong></span> <span class='ocrx_word' id='word_1_305' title='bbox 3406 1881 3705 1950; x_wconf 76' lang='lat' dir='ltr'><strong>praeconio,</strong></span> 
     </span>
    </p>
   </div>
   <div class='ocr_carea' id='block_1_44' title="bbox 2150 1970 3707 2041">
    <p class='ocr_par' dir='ltr' id='par_1_44' title="bbox 2150 1970 3707 2041">
     <span class='ocr_line' id='line_1_44' title="bbox 2150 1970 3707 2041; baseline -0.003 -16"><span class='ocrx_word' id='word_1_306' title='bbox 2150 1974 2238 2041; x_wconf 89' lang='lat' dir='ltr'><strong>qui</strong></span> <span class='ocrx_word' id='word_1_307' title='bbox 2269 1975 2431 2027; x_wconf 89' lang='lat' dir='ltr'><strong>tantis</strong></span> <span class='ocrx_word' id='word_1_308' title='bbox 2457 1975 2593 2041; x_wconf 90' lang='lat' dir='ltr'><strong>apud</strong></span> <span class='ocrx_word' id='word_1_309' title='bbox 2635 1973 2883 2027; x_wconf 86' lang='lat' dir='ltr'><strong>mortales</strong></span> <span class='ocrx_word' id='word_1_310' title='bbox 2910 1972 3162 2041; x_wconf 85' lang='lat' dir='ltr'><strong>prodigiis</strong></span> <span class='ocrx_word' id='word_1_311' title='bbox 3191 1970 3365 2024; x_wconf 86' lang='lat' dir='ltr'><strong>clarus</strong></span> <span class='ocrx_word' id='word_1_312' title='bbox 3394 1987 3409 2033; x_wconf 89' lang='lat'><strong>;</strong></span> <span class='ocrx_word' id='word_1_313' title='bbox 3451 1972 3549 2037; x_wconf 88' lang='lat' dir='ltr'><strong>qui</strong></span> <span class='ocrx_word' id='word_1_314' title='bbox 3595 1977 3707 2020; x_wconf 85' lang='lat' dir='ltr'><strong>tan—</strong></span> 
     </span>
    </p>
   </div>
   <div class='ocr_carea' id='block_1_45' title="bbox 2152 2058 3707 2131">
    <p class='ocr_par' dir='ltr' id='par_1_45' title="bbox 2152 2058 3707 2131">
     <span class='ocr_line' id='line_1_45' title="bbox 2152 2058 3707 2131; baseline -0.004 -18"><span class='ocrx_word' id='word_1_315' title='bbox 2152 2072 2264 2115; x_wconf 90' lang='lat' dir='ltr'><strong>tum</strong></span> <span class='ocrx_word' id='word_1_316' title='bbox 2291 2063 2428 2114; x_wconf 89' lang='lat' dir='ltr'><strong>inter</strong></span> <span class='ocrx_word' id='word_1_317' title='bbox 2458 2061 2673 2131; x_wconf 75' lang='lat' dir='ltr'><strong>angelos</strong></span> <span class='ocrx_word' id='word_1_318' title='bbox 2705 2070 2759 2114; x_wconf 92' lang='lat' dir='ltr'><strong>et</strong></span> <span class='ocrx_word' id='word_1_319' title='bbox 2800 2060 3035 2114; x_wconf 88' lang='lat' dir='ltr'><strong>omnium</strong></span> <span class='ocrx_word' id='word_1_320' title='bbox 3064 2064 3365 2114; x_wconf 81' lang='lat' dir='ltr'><strong>sanctorum</strong></span> <span class='ocrx_word' id='word_1_321' title='bbox 3400 2058 3607 2111; x_wconf 89' lang='lat' dir='ltr'><strong>choros</strong></span> <span class='ocrx_word' id='word_1_322' title='bbox 3657 2058 3707 2108; x_wconf 92' lang='lat' dir='ltr'><strong>in</strong></span> 
     </span>
    </p>
   </div>
   <div class='ocr_carea' id='block_1_46' title="bbox 2152 2147 3709 2220">
    <p class='ocr_par' dir='ltr' id='par_1_46' title="bbox 2152 2147 3709 2220">
     <span class='ocr_line' id='line_1_46' title="bbox 2152 2147 3709 2220; baseline -0.004 -17"><span class='ocrx_word' id='word_1_323' title='bbox 2152 2150 2285 2204; x_wconf 76' lang='lat' dir='ltr'><strong>cmlo</strong></span> <span class='ocrx_word' id='word_1_324' title='bbox 2331 2159 2411 2203; x_wconf 88' lang='lat' dir='ltr'><strong>est</strong></span> <span class='ocrx_word' id='word_1_325' title='bbox 2439 2150 2763 2220; x_wconf 75' lang='lat' dir='ltr'><strong>gloriﬁcatus</strong></span> <span class='ocrx_word' id='word_1_326' title='bbox 2791 2170 2802 2204; x_wconf 91' lang='lat'>:</span> <span class='ocrx_word' id='word_1_327' title='bbox 2838 2152 2925 2204; x_wconf 87' lang='lat' dir='ltr'><strong>ubi</strong></span> <span class='ocrx_word' id='word_1_328' title='bbox 2977 2164 3116 2203; x_wconf 91' lang='lat' dir='ltr'><strong>nunc</strong></span> <span class='ocrx_word' id='word_1_329' title='bbox 3144 2147 3353 2201; x_wconf 81' lang='lat' dir='ltr'><strong>Christo</strong></span> <span class='ocrx_word' id='word_1_330' title='bbox 3377 2148 3709 2215; x_wconf 71' lang='lat' dir='ltr'><strong>coniunctus</strong></span> 
     </span>
    </p>
   </div>
   <div class='ocr_carea' id='block_1_47' title="bbox 2151 2234 3707 2307">
    <p class='ocr_par' dir='ltr' id='par_1_47' title="bbox 2151 2234 3707 2307">
     <span class='ocr_line' id='line_1_47' title="bbox 2151 2234 3707 2307; baseline -0.004 -17"><span class='ocrx_word' id='word_1_331' title='bbox 2151 2252 2246 2304; x_wconf 90' lang='lat' dir='ltr'><strong>pro</strong></span> <span class='ocrx_word' id='word_1_332' title='bbox 2280 2239 2428 2292; x_wconf 87' lang='lat' dir='ltr'><strong>nobis</strong></span> <span class='ocrx_word' id='word_1_333' title='bbox 2478 2240 2591 2307; x_wconf 88' lang='lat' dir='ltr'><strong>ejus</strong></span> <span class='ocrx_word' id='word_1_334' title='bbox 2650 2239 2860 2302; x_wconf 79' lang='lat' dir='ltr'><strong>servis,</strong></span> <span class='ocrx_word' id='word_1_335' title='bbox 2898 2239 3110 2305; x_wconf 87' lang='lat' dir='ltr'><strong>suisque</strong></span> <span class='ocrx_word' id='word_1_336' title='bbox 3160 2235 3515 2298; x_wconf 61' lang='lat' dir='ltr'><strong>serv‘itorihus</strong></span> <span class='ocrx_word' id='word_1_337' title='bbox 3569 2234 3707 2300; x_wconf 88' lang='lat' dir='ltr'><strong>apud</strong></span> 
     </span>
    </p>
   </div>
   <div class='ocr_carea' id='block_1_48' title="bbox 2154 2323 3708 2396">
    <p class='ocr_par' dir='ltr' id='par_1_48' title="bbox 2154 2323 3708 2396">
     <span class='ocr_line' id='line_1_48' title="bbox 2154 2323 3708 2396; baseline -0.003 -17"><span class='ocrx_word' id='word_1_338' title='bbox 2154 2328 2323 2395; x_wconf 89' lang='lat' dir='ltr'><strong>ipsum</strong></span> <span class='ocrx_word' id='word_1_339' title='bbox 2369 2330 2687 2390; x_wconf 85' lang='lat' dir='ltr'><strong>intercedat,</strong></span> <span class='ocrx_word' id='word_1_340' title='bbox 2719 2329 2808 2396; x_wconf 90' lang='lat' dir='ltr'><strong>qui</strong></span> <span class='ocrx_word' id='word_1_341' title='bbox 2839 2342 2960 2383; x_wconf 88' lang='lat' dir='ltr'><strong>cum</strong></span> <span class='ocrx_word' id='word_1_342' title='bbox 3009 2327 3166 2381; x_wconf 84' lang='lat' dir='ltr'><strong>Patre</strong></span> <span class='ocrx_word' id='word_1_343' title='bbox 3190 2333 3243 2377; x_wconf 90' lang='lat' dir='ltr'><strong>et</strong></span> <span class='ocrx_word' id='word_1_344' title='bbox 3272 2323 3475 2391; x_wconf 88' lang='lat' dir='ltr'><strong>Spiritu</strong></span> <span class='ocrx_word' id='word_1_345' title='bbox 3516 2331 3708 2377; x_wconf 87' lang='lat' dir='ltr'><strong>sancto</strong></span> 
     </span>
    </p>
   </div>
   <div class='ocr_carea' id='block_1_49' title="bbox 2153 2410 3704 2489">
    <p class='ocr_par' dir='ltr' id='par_1_49' title="bbox 2153 2410 3704 2489">
     <span class='ocr_line' id='line_1_49' title="bbox 2153 2410 3704 2489; baseline -0.002 -22"><span class='ocrx_word' id='word_1_346' title='bbox 2153 2416 2281 2469; x_wconf 80' lang='lat' dir='ltr'><strong>vivit</strong></span> <span class='ocrx_word' id='word_1_347' title='bbox 2304 2426 2358 2470; x_wconf 89' lang='lat' dir='ltr'><strong>et</strong></span> <span class='ocrx_word' id='word_1_348' title='bbox 2402 2427 2586 2489; x_wconf 83' lang='lat' dir='ltr'><strong>regnat</strong></span> <span class='ocrx_word' id='word_1_349' title='bbox 2613 2418 2748 2471; x_wconf 90' lang='lat' dir='ltr'><strong>Deus</strong></span> <span class='ocrx_word' id='word_1_350' title='bbox 2787 2410 2883 2487; x_wconf 85' lang='lat' dir='ltr'><strong>per</strong></span> <span class='ocrx_word' id='word_1_351' title='bbox 2912 2416 3089 2471; x_wconf 88' lang='lat' dir='ltr'><strong>omnia</strong></span> <span class='ocrx_word' id='word_1_352' title='bbox 3135 2411 3447 2469; x_wconf 64' lang='lat' dir='ltr'><strong>seculorum</strong></span> <span class='ocrx_word' id='word_1_353' title='bbox 3474 2413 3704 2467; x_wconf 71' lang='lat' dir='ltr'><strong>saecula.</strong></span> 
     </span>
    </p>
   </div>
   <div class='ocr_carea' id='block_1_50' title="bbox 2156 2504 2341 2556">
    <p class='ocr_par' dir='ltr' id='par_1_50' title="bbox 2156 2504 2341 2556">
     <span class='ocr_line' id='line_1_50' title="bbox 2156 2504 2341 2556; baseline 0.011 -2"><span class='ocrx_word' id='word_1_354' title='bbox 2156 2504 2341 2556; x_wconf 68' lang='lat' dir='ltr'><strong>Amen.</strong></span> 
     </span>
    </p>
   </div>
   <div class='ocr_carea' id='block_1_51' title="bbox 586 2703 3703 2785">
    <p class='ocr_par' dir='ltr' id='par_1_51' title="bbox 586 2703 3703 2785">
     <span class='ocr_line' id='line_1_51' title="bbox 586 2703 3703 2785; baseline 0.002 -27"><span class='ocrx_word' id='word_1_355' title='bbox 586 2703 905 2785; x_wconf 62' lang='lat' dir='ltr'><strong>-_Qu§e_hnc</strong></span> <span class='ocrx_word' id='word_1_356' title='bbox 934 2708 985 2761; x_wconf 92' lang='lat' dir='ltr'><strong>in</strong></span> <span class='ocrx_word' id='word_1_357' title='bbox 1029 2710 1195 2785; x_wconf 77' lang='lat' dir='ltr'><strong>capite</strong></span> <span class='ocrx_word' id='word_1_358' title='bbox 1222 2711 1288 2765; x_wconf 88' lang='lat' dir='ltr'><strong>ad</strong></span> <span class='ocrx_word' id='word_1_359' title='bbox 1331 2709 1487 2765; x_wconf 72' lang='lat' dir='ltr'><strong>(litem</strong></span> <span class='ocrx_word' id='word_1_360' title='bbox 1516 2724 1681 2780; x_wconf 84' lang='lat' dir='ltr'><strong>usque</strong></span> <span class='ocrx_word' id='word_1_361' title='bbox 1724 2719 1956 2773; x_wconf 77' lang='lat' dir='ltr'><strong>exstant,</strong></span> <span class='ocrx_word' id='word_1_362' title='bbox 2003 2711 2055 2765; x_wconf 90' lang='lat' dir='ltr'><strong>in</strong></span> <span class='ocrx_word' id='word_1_363' title='bbox 2092 2714 2232 2767; x_wconf 90' lang='lat' dir='ltr'><strong>nullo</strong></span> <span class='ocrx_word' id='word_1_364' title='bbox 2284 2716 2568 2785; x_wconf 81' lang='lat' dir='ltr'><strong>exemplari</strong></span> <span class='ocrx_word' id='word_1_365' title='bbox 2612 2715 2867 2784; x_wconf 88' lang='lat' dir='ltr'><strong>impresso</strong></span> <span class='ocrx_word' id='word_1_366' title='bbox 2914 2716 2975 2768; x_wconf 87' lang='lat' dir='ltr'><strong>de</strong></span> <span class='ocrx_word' id='word_1_367' title='bbox 3022 2716 3125 2767; x_wconf 88' lang='lat' dir='ltr'><strong>vita</strong></span> <span class='ocrx_word' id='word_1_368' title='bbox 3155 2722 3246 2767; x_wconf 88' lang='lat' dir='ltr'><strong>aut</strong></span> <span class='ocrx_word' id='word_1_369' title='bbox 3303 2712 3584 2780; x_wconf 78' lang='lat' dir='ltr'><strong>miraculis</strong></span> <span class='ocrx_word' id='word_1_370' title='bbox 3649 2710 3703 2765; x_wconf 89' lang='lat' dir='ltr'><strong>S.</strong></span> 
     </span>
    </p>
   </div>
   <div class='ocr_carea' id='block_1_52' title="bbox 518 2772 1338 2855">
    <p class='ocr_par' dir='ltr' id='par_1_52' title="bbox 518 2772 1338 2855">
     <span class='ocr_line' id='line_1_52' title="bbox 518 2772 1338 2855; baseline 0.011 -31"><span class='ocrx_word' id='word_1_371' title='bbox 518 2772 739 2855; x_wconf 80' lang='lat' dir='ltr'><strong>Ludgeri</strong></span> <span class='ocrx_word' id='word_1_372' title='bbox 771 2776 1025 2831; x_wconf 88' lang='lat' dir='ltr'><strong>hactenus</strong></span> <span class='ocrx_word' id='word_1_373' title='bbox 1060 2772 1338 2834; x_wconf 76' lang='lat' dir='ltr'><strong>habentur.</strong></span> 
     </span>
    </p>
   </div>
   <div class='ocr_carea' id='block_1_53' title="bbox 1898 2921 2165 2930">
    <p class='ocr_par' dir='ltr' id='par_1_53' title="bbox 1898 2921 2165 2930">
     <span class='ocr_line' id='line_1_53' title="bbox 1898 2921 2165 2930; baseline 0.011 -3"><span class='ocrx_word' id='word_1_374' title='bbox 1898 2921 2165 2930; x_wconf 61' lang='lat' dir='ltr'><strong>.m</strong></span> 
     </span>
    </p>
   </div>
   <div class='ocr_carea' id='block_1_54' title="bbox 2528 2919 2753 2928">
    <p class='ocr_par' dir='ltr' id='par_1_54' title="bbox 2528 2919 2753 2928">
     <span class='ocr_line' id='line_1_54' title="bbox 2528 2919 2753 2928; baseline -0.004 -1"><span class='ocrx_word' id='word_1_375' title='bbox 2528 2919 2753 2928; x_wconf 65' lang='lat' dir='ltr'><strong>m</strong></span> 
     </span>
    </p>
   </div>
   <div class='ocr_carea' id='block_1_55' title="bbox 1334 3002 2884 3067">
    <p class='ocr_par' dir='ltr' id='par_1_55' title="bbox 1334 3002 2884 3067">
     <span class='ocr_line' id='line_1_55' title="bbox 1334 3002 2884 3067; baseline -0.004 -1"><span class='ocrx_word' id='word_1_376' title='bbox 1334 3007 1806 3067; x_wconf 68' lang='lat' dir='ltr'><strong>EXCERP&#39;I‘UM</strong></span> <span class='ocrx_word' id='word_1_377' title='bbox 1856 3008 1960 3066; x_wconf 78' lang='lat' dir='ltr'><strong>EX</strong></span> <span class='ocrx_word' id='word_1_378' title='bbox 2011 3005 2345 3065; x_wconf 80' lang='lat' dir='ltr'><strong>LITANIIS</strong></span> <span class='ocrx_word' id='word_1_379' title='bbox 2398 3002 2884 3063; x_wconf 74' lang='lat' dir='ltr'><strong>IllIYTHMICIS</strong></span> 
     </span>
    </p>
   </div>
   <div class='ocr_carea' id='block_1_56' title="bbox 1076 3154 2084 3213">
    <p class='ocr_par' dir='ltr' id='par_1_56' title="bbox 1076 3154 2084 3209">
     <span class='ocr_line' id='line_1_56' title="bbox 1076 3154 2084 3209; baseline -0.006 -2"><span class='ocrx_word' id='word_1_380' title='bbox 1076 3154 1267 3209; x_wconf 69' lang='lat' dir='ltr'><strong>vrum</strong></span> <span class='ocrx_word' id='word_1_381' title='bbox 1322 3166 1531 3209; x_wconf 63' lang='lat' dir='ltr'><strong>sum</strong></span> <span class='ocrx_word' id='word_1_382' title='bbox 1580 3166 1845 3207; x_wconf 70' lang='lat' dir='ltr'><strong>uncam</strong></span> <span class='ocrx_word' id='word_1_383' title='bbox 1889 3165 2084 3206; x_wconf 58' lang='lat' dir='ltr'><strong>conn:</strong></span> 
     </span>
    </p>
   </div>
   <div class='ocr_carea' id='block_1_57' title="bbox 2152 3154 3148 3213">
    <p class='ocr_par' dir='ltr' id='par_1_57' title="bbox 2152 3158 3148 3213">
     <span class='ocr_line' id='line_1_57' title="bbox 2152 3158 3148 3213; baseline -0.003 -12"><span class='ocrx_word' id='word_1_384' title='bbox 2152 3160 2401 3213; x_wconf 64' lang='lat' dir='ltr'><strong>lNTlBUS,</strong></span> <span class='ocrx_word' id='word_1_385' title='bbox 2456 3160 2799 3202; x_wconf 58' lang='lat' dir='ltr'><strong>“summa:</strong></span> <span class='ocrx_word' id='word_1_386' title='bbox 2853 3158 3148 3213; x_wconf 71' lang='lat' dir='ltr'><strong>scurris,</strong></span> 
     </span>
    </p>
   </div>
   <div class='ocr_carea' id='block_1_58' title="bbox 1212 3260 2999 3332">
    <p class='ocr_par' dir='ltr' id='par_1_58' title="bbox 1212 3260 2999 3332">
     <span class='ocr_line' id='line_1_58' title="bbox 1212 3260 2999 3332; baseline -0.003 -13"><span class='ocrx_word' id='word_1_387' title='bbox 1212 3266 1286 3319; x_wconf 78' lang='lat' dir='ltr'><strong>De</strong></span> <span class='ocrx_word' id='word_1_388' title='bbox 1316 3268 1605 3320; x_wconf 79' lang='lat' dir='ltr'><strong>monasterii</strong></span> <span class='ocrx_word' id='word_1_389' title='bbox 1635 3268 1686 3319; x_wconf 82' lang='lat' dir='ltr'><strong>in</strong></span> <span class='ocrx_word' id='word_1_390' title='bbox 1718 3266 1971 3319; x_wconf 73' lang='lat' dir='ltr'><strong>llclmstat</strong></span> <span class='ocrx_word' id='word_1_391' title='bbox 1998 3263 2293 3331; x_wconf 72' lang='lat' dir='ltr'><strong>fundationc</strong></span> <span class='ocrx_word' id='word_1_392' title='bbox 2322 3282 2351 3315; x_wconf 87' lang='lat' dir='ltr'><strong>a</strong></span> <span class='ocrx_word' id='word_1_393' title='bbox 2381 3273 2554 3315; x_wconf 73' lang='lat' dir='ltr'><strong>sancto</strong></span> <span class='ocrx_word' id='word_1_394' title='bbox 2588 3260 2816 3332; x_wconf 70' lang='lat' dir='ltr'><strong>Ludgero</strong></span> <span class='ocrx_word' id='word_1_395' title='bbox 2843 3262 2999 3329; x_wconf 78' lang='lat' dir='ltr'><strong>facta.</strong></span> 
     </span>
    </p>
   </div>
   <div class='ocr_carea' id='block_1_59' title="bbox 1830 3373 2404 3435">
    <p class='ocr_par' dir='ltr' id='par_1_59' title="bbox 1830 3373 2404 3435">
     <span class='ocr_line' id='line_1_59' title="bbox 1830 3373 2404 3435; baseline -0.003 -13"><span class='ocrx_word' id='word_1_396' title='bbox 1830 3374 1985 3435; x_wconf 73' lang='lat' dir='ltr'><strong>(Apud</strong></span> <span class='ocrx_word' id='word_1_397' title='bbox 2013 3373 2243 3429; x_wconf 72' lang='lat' dir='ltr'><strong>Leibnitc,</strong></span> <span class='ocrx_word' id='word_1_398' title='bbox 2270 3374 2404 3432; x_wconf 80' lang='lat' dir='ltr'><strong>ibid.)</strong></span> 
     </span>
    </p>
   </div>
   <div class='ocr_carea' id='block_1_60' title="bbox 1944 3479 2245 3492">
    <p class='ocr_par' dir='ltr' id='par_1_60' title="bbox 1944 3479 2245 3492">
     <span class='ocr_line' id='line_1_60' title="bbox 1944 3479 2245 3492; baseline -0.003 -4"><span class='ocrx_word' id='word_1_399' title='bbox 1944 3479 2245 3492; x_wconf 72' lang='lat'><strong>———.——.—</strong></span> 
     </span>
    </p>
   </div>
   <div class='ocr_carea' id='block_1_61' title="bbox 1056 3534 1524 3589">
    <p class='ocr_par' dir='ltr' id='par_1_61' title="bbox 1056 3534 1524 3589">
     <span class='ocr_line' id='line_1_61' title="bbox 1056 3534 1524 3589; baseline -0.002 0"><span class='ocrx_word' id='word_1_400' title='bbox 1056 3535 1145 3589; x_wconf 82' lang='lat' dir='ltr'><strong>EX</strong></span> <span class='ocrx_word' id='word_1_401' title='bbox 1183 3534 1448 3589; x_wconf 76' lang='lat' dir='ltr'><strong>LITANIA</strong></span> <span class='ocrx_word' id='word_1_402' title='bbox 1485 3536 1524 3589; x_wconf 89' lang='lat' dir='ltr'><strong>I.</strong></span> 
     </span>
    </p>
   </div>
   <div class='ocr_carea' id='block_1_62' title="bbox 588 3624 1587 3692">
    <p class='ocr_par' dir='ltr' id='par_1_62' title="bbox 588 3624 1587 3692">
     <span class='ocr_line' id='line_1_62' title="bbox 588 3624 1587 3692; baseline -0.004 -13"><span class='ocrx_word' id='word_1_403' title='bbox 588 3624 847 3679; x_wconf 74' lang='lat' dir='ltr'><strong>Fundavit</strong></span> <span class='ocrx_word' id='word_1_404' title='bbox 884 3625 1095 3692; x_wconf 83' lang='lat' dir='ltr'><strong>insuper</strong></span> <span class='ocrx_word' id='word_1_405' title='bbox 1126 3625 1223 3677; x_wconf 84' lang='lat' dir='ltr'><strong>tria</strong></span> <span class='ocrx_word' id='word_1_406' title='bbox 1250 3625 1363 3677; x_wconf 91' lang='lat' dir='ltr'><strong>loca</strong></span> <span class='ocrx_word' id='word_1_407' title='bbox 1388 3625 1587 3692; x_wconf 82' lang='lat' dir='ltr'><strong>pariter</strong></span> 
     </span>
    </p>
   </div>
   <div class='ocr_carea' id='block_1_63' title="bbox 658 3691 1721 3761">
    <p class='ocr_par' dir='ltr' id='par_1_63' title="bbox 658 3691 1721 3761">
     <span class='ocr_line' id='line_1_63' title="bbox 658 3691 1721 3761; baseline 0.003 -20"><span class='ocrx_word' id='word_1_408' title='bbox 658 3692 886 3761; x_wconf 69' lang='lat' dir='ltr'><strong>Numero</strong></span> <span class='ocrx_word' id='word_1_409' title='bbox 906 3691 1161 3761; x_wconf 65' lang='lat' dir='ltr'><strong>locorum,</strong></span> <span class='ocrx_word' id='word_1_410' title='bbox 1190 3708 1293 3759; x_wconf 88' lang='lat' dir='ltr'><strong>quo</strong></span> <span class='ocrx_word' id='word_1_411' title='bbox 1326 3691 1721 3761; x_wconf 30' lang='lat' dir='ltr'><strong>et’populorum</strong></span> 
     </span>
    </p>
   </div>
   <div class='ocr_carea' id='block_1_64' title="bbox 610 3758 1965 3823">
    <p class='ocr_par' dir='ltr' id='par_1_64' title="bbox 610 3758 1965 3823">
     <span class='ocr_line' id='line_1_64' title="bbox 610 3758 1965 3823; baseline 0.001 -11"><span class='ocrx_word' id='word_1_412' title='bbox 610 3760 946 3821; x_wconf 81' lang='lat' dir='ltr'><strong>Werthinam,</strong></span> <span class='ocrx_word' id='word_1_413' title='bbox 987 3758 1316 3812; x_wconf 79' lang='lat' dir='ltr'><strong>Helmensmd</strong></span> <span class='ocrx_word' id='word_1_414' title='bbox 1344 3758 1613 3814; x_wconf 67' lang='lat' dir='ltr'><strong>menachis</strong></span> <span class='ocrx_word' id='word_1_415' title='bbox 1637 3760 1965 3823; x_wconf 83' lang='lat' dir='ltr'><strong>fundaverat,</strong></span> 
     </span>
    </p>
   </div>
   <div class='ocr_carea' id='block_1_65' title="bbox 658 3828 1535 3896">
    <p class='ocr_par' dir='ltr' id='par_1_65' title="bbox 658 3828 1535 3896">
     <span class='ocr_line' id='line_1_65' title="bbox 658 3828 1535 3896; baseline 0.003 -16"><span class='ocrx_word' id='word_1_416' title='bbox 658 3828 731 3880; x_wconf 88' lang='lat' dir='ltr'><strong>De</strong></span> <span class='ocrx_word' id='word_1_417' title='bbox 757 3829 1074 3896; x_wconf 81' lang='lat' dir='ltr'><strong>proprietate</strong></span> <span class='ocrx_word' id='word_1_418' title='bbox 1104 3828 1184 3881; x_wconf 81' lang='lat' dir='ltr'><strong>vel</strong></span> <span class='ocrx_word' id='word_1_419' title='bbox 1212 3829 1535 3887; x_wconf 75' lang='lat' dir='ltr'><strong>lizereditate.</strong></span> 
     </span>
    </p>
   </div>
   <div class='ocr_carea' id='block_1_66' title="bbox 589 3897 1776 3965">
    <p class='ocr_par' dir='ltr' id='par_1_66' title="bbox 589 3897 1776 3965">
     <span class='ocr_line' id='line_1_66' title="bbox 589 3897 1776 3965; baseline -0.002 -15"><span class='ocrx_word' id='word_1_420' title='bbox 589 3897 653 3951; x_wconf 81' lang='lat' dir='ltr'><strong>Et</strong></span> <span class='ocrx_word' id='word_1_421' title='bbox 672 3898 992 3965; x_wconf 87' lang='lat' dir='ltr'><strong>episcopium</strong></span> <span class='ocrx_word' id='word_1_422' title='bbox 1015 3898 1211 3949; x_wconf 88' lang='lat' dir='ltr'><strong>dictmn</strong></span> <span class='ocrx_word' id='word_1_423' title='bbox 1240 3900 1638 3958; x_wconf 81' lang='lat' dir='ltr'><strong>monasterium,</strong></span> <span class='ocrx_word' id='word_1_424' title='bbox 1677 3907 1776 3951; x_wconf 88' lang='lat' dir='ltr'><strong>etc.</strong></span> 
     </span>
    </p>
   </div>
   <div class='ocr_carea' id='block_1_67' title="bbox 1045 3986 1535 4039">
    <p class='ocr_par' dir='ltr' id='par_1_67' title="bbox 1045 3986 1535 4039">
     <span class='ocr_line' id='line_1_67' title="bbox 1045 3986 1535 4039; baseline -0.002 0"><span class='ocrx_word' id='word_1_425' title='bbox 1045 3986 1136 4039; x_wconf 82' lang='lat' dir='ltr'><strong>EX</strong></span> <span class='ocrx_word' id='word_1_426' title='bbox 1175 3986 1443 4039; x_wconf 69' lang='lat' dir='ltr'><strong>LITANIA</strong></span> <span class='ocrx_word' id='word_1_427' title='bbox 1472 3987 1535 4039; x_wconf 90' lang='lat' dir='ltr'><strong>Il.</strong></span> 
     </span>
    </p>
   </div>
   <div class='ocr_carea' id='block_1_68' title="bbox 588 4075 1556 4146">
    <p class='ocr_par' dir='ltr' id='par_1_68' title="bbox 588 4075 1556 4146">
     <span class='ocr_line' id='line_1_68' title="bbox 588 4075 1556 4146; baseline 0.003 -18"><span class='ocrx_word' id='word_1_428' title='bbox 588 4075 742 4146; x_wconf 86' lang='lat' dir='ltr'><strong>Ita_ut</strong></span> <span class='ocrx_word' id='word_1_429' title='bbox 764 4076 1004 4146; x_wconf 84' lang='lat' dir='ltr'><strong>plurimis</strong></span> <span class='ocrx_word' id='word_1_430' title='bbox 1033 4079 1264 4131; x_wconf 79' lang='lat' dir='ltr'><strong>studeret</strong></span> <span class='ocrx_word' id='word_1_431' title='bbox 1286 4078 1556 4146; x_wconf 85' lang='lat' dir='ltr'><strong>discipulis</strong></span> 
     </span>
    </p>
   </div>
   <div class='ocr_carea' id='block_1_69' title="bbox 662 4143 1689 4199">
    <p class='ocr_par' dir='ltr' id='par_1_69' title="bbox 662 4143 1689 4199">
     <span class='ocr_line' id='line_1_69' title="bbox 662 4143 1689 4199; baseline 0.003 -4"><span class='ocrx_word' id='word_1_432' title='bbox 662 4143 813 4195; x_wconf 86' lang='lat' dir='ltr'><strong>Omni</strong></span> <span class='ocrx_word' id='word_1_433' title='bbox 840 4161 1045 4199; x_wconf 83' lang='lat' dir='ltr'><strong>selnner</strong></span> <span class='ocrx_word' id='word_1_434' title='bbox 1066 4162 1217 4198; x_wconf 83' lang='lat' dir='ltr'><strong>mane</strong></span> <span class='ocrx_word' id='word_1_435' title='bbox 1246 4143 1517 4199; x_wconf 81' lang='lat' dir='ltr'><strong>lectionem</strong></span> <span class='ocrx_word' id='word_1_436' title='bbox 1544 4148 1689 4198; x_wconf 84' lang='lat' dir='ltr'><strong>dare.</strong></span> 
     </span>
    </p>
   </div>
   <div class='ocr_carea' id='block_1_70' title="bbox 597 4214 1626 4281">
    <p class='ocr_par' dir='ltr' id='par_1_70' title="bbox 597 4214 1626 4281">
     <span class='ocr_line' id='line_1_70' title="bbox 597 4214 1626 4281; baseline 0.001 -16"><span class='ocrx_word' id='word_1_437' title='bbox 597 4214 739 4278; x_wconf 85' lang='lat' dir='ltr'><strong>Quos</strong></span> <span class='ocrx_word' id='word_1_438' title='bbox 766 4222 817 4263; x_wconf 87' lang='lat' dir='ltr'><strong>et</strong></span> <span class='ocrx_word' id='word_1_439' title='bbox 840 4214 1082 4265; x_wconf 85' lang='lat' dir='ltr'><strong>erudiens</strong></span> <span class='ocrx_word' id='word_1_440' title='bbox 1109 4216 1219 4281; x_wconf 88' lang='lat' dir='ltr'><strong>ipse</strong></span> <span class='ocrx_word' id='word_1_441' title='bbox 1248 4225 1299 4265; x_wconf 88' lang='lat' dir='ltr'><strong>et</strong></span> <span class='ocrx_word' id='word_1_442' title='bbox 1331 4216 1626 4273; x_wconf 85' lang='lat' dir='ltr'><strong>instituens,</strong></span> 
     </span>
    </p>
   </div>
   <div class='ocr_carea' id='block_1_71' title="bbox 666 4281 1768 4335">
    <p class='ocr_par' dir='ltr' id='par_1_71' title="bbox 666 4281 1768 4335">
     <span class='ocr_line' id='line_1_71' title="bbox 666 4281 1768 4335; baseline 0 -2"><span class='ocrx_word' id='word_1_443' title='bbox 666 4282 766 4333; x_wconf 87' lang='lat' dir='ltr'><strong>Per</strong></span> <span class='ocrx_word' id='word_1_444' title='bbox 791 4281 1034 4333; x_wconf 83' lang='lat' dir='ltr'><strong>honestos</strong></span> <span class='ocrx_word' id='word_1_445' title='bbox 1059 4297 1229 4333; x_wconf 87' lang='lat' dir='ltr'><strong>mores</strong></span> <span class='ocrx_word' id='word_1_446' title='bbox 1259 4284 1405 4335; x_wconf 82' lang='lat' dir='ltr'><strong>duxit</strong></span> <span class='ocrx_word' id='word_1_447' title='bbox 1429 4284 1492 4335; x_wconf 87' lang='lat' dir='ltr'><strong>ad</strong></span> <span class='ocrx_word' id='word_1_448' title='bbox 1523 4284 1768 4335; x_wconf 86' lang='lat' dir='ltr'><strong>honores.</strong></span> 
     </span>
    </p>
   </div>
   <div class='ocr_carea' id='block_1_72' title="bbox 597 4348 1729 4417">
    <p class='ocr_par' dir='ltr' id='par_1_72' title="bbox 597 4348 1729 4417">
     <span class='ocr_line' id='line_1_72' title="bbox 597 4348 1729 4417; baseline -0.004 -13"><span class='ocrx_word' id='word_1_449' title='bbox 597 4348 884 4417; x_wconf 83' lang='lat' dir='ltr'><strong>Dequibus</strong></span> <span class='ocrx_word' id='word_1_450' title='bbox 911 4349 1119 4417; x_wconf 85' lang='lat' dir='ltr'><strong>plurimi</strong></span> <span class='ocrx_word' id='word_1_451' title='bbox 1148 4350 1269 4401; x_wconf 75' lang='lat' dir='ltr'><strong>farti</strong></span> <span class='ocrx_word' id='word_1_452' title='bbox 1308 4361 1429 4404; x_wconf 88' lang='lat' dir='ltr'><strong>sunt</strong></span> <span class='ocrx_word' id='word_1_453' title='bbox 1466 4352 1729 4417; x_wconf 78' lang='lat' dir='ltr'><strong>episcopi;</strong></span> 
     </span>
    </p>
   </div>
   <div class='ocr_carea' id='block_1_73' title="bbox 666 4416 1777 4497">
    <p class='ocr_par' dir='ltr' id='par_1_73' title="bbox 666 4416 1777 4497">
     <span class='ocr_line' id='line_1_73' title="bbox 666 4416 1777 4497; baseline 0.002 -30"><span class='ocrx_word' id='word_1_454' title='bbox 666 4416 955 4497; x_wconf 53' lang='lat' dir='ltr'><strong>Suusnsicut</strong></span> <span class='ocrx_word' id='word_1_455' title='bbox 975 4419 1175 4497; x_wconf 75' lang='lat' dir='ltr'><strong>primus</strong></span> <span class='ocrx_word' id='word_1_456' title='bbox 1207 4418 1371 4497; x_wconf 60' lang='lat' dir='ltr'><strong>frater</strong></span> <span class='ocrx_word' id='word_1_457' title='bbox 1394 4416 1742 4497; x_wconf 72' lang='lat' dir='ltr'><strong>Ilildegrimus</strong></span> <span class='ocrx_word' id='word_1_458' title='bbox 1765 4432 1777 4470; x_wconf 88' lang='lat'><strong>:</strong></span> 
     </span>
    </p>
   </div>
   <div class='ocr_carea' id='block_1_74' title="bbox 593 4483 1602 4555">
    <p class='ocr_par' dir='ltr' id='par_1_74' title="bbox 593 4483 1602 4555">
     <span class='ocr_line' id='line_1_74' title="bbox 593 4483 1602 4555; baseline 0.003 -19"><span class='ocrx_word' id='word_1_459' title='bbox 593 4485 689 4555; x_wconf 81' lang='lat' dir='ltr'><strong>Qui</strong></span> <span class='ocrx_word' id='word_1_460' title='bbox 717 4483 766 4535; x_wconf 90' lang='lat' dir='ltr'><strong>in</strong></span> <span class='ocrx_word' id='word_1_461' title='bbox 792 4483 1027 4555; x_wconf 71' lang='lat' dir='ltr'><strong>Ecclesia</strong></span> <span class='ocrx_word' id='word_1_462' title='bbox 1061 4487 1253 4540; x_wconf 87' lang='lat' dir='ltr'><strong>dudum</strong></span> <span class='ocrx_word' id='word_1_463' title='bbox 1281 4487 1377 4539; x_wconf 89' lang='lat' dir='ltr'><strong>fuit</strong></span> <span class='ocrx_word' id='word_1_464' title='bbox 1411 4483 1602 4555; x_wconf 76' lang='lat' dir='ltr'><strong>aliqua,</strong></span> 
     </span>
    </p>
   </div>
   <div class='ocr_carea' id='block_1_75' title="bbox 664 4552 1700 4620">
    <p class='ocr_par' dir='ltr' id='par_1_75' title="bbox 664 4552 1700 4620">
     <span class='ocr_line' id='line_1_75' title="bbox 664 4552 1700 4620; baseline -0.001 -14"><span class='ocrx_word' id='word_1_465' title='bbox 664 4552 1034 4607; x_wconf 89' lang='lat' dir='ltr'><strong>Catalaunensi</strong></span> <span class='ocrx_word' id='word_1_466' title='bbox 1063 4556 1274 4620; x_wconf 56' lang='lat' dir='ltr'><strong>praesul,</strong></span> <span class='ocrx_word' id='word_1_467' title='bbox 1295 4557 1391 4608; x_wconf 88' lang='lat' dir='ltr'><strong>sub</strong></span> <span class='ocrx_word' id='word_1_468' title='bbox 1418 4552 1700 4609; x_wconf 80' lang='lat' dir='ltr'><strong>Rhetnensi</strong></span> 
     </span>
    </p>
   </div>
   <div class='ocr_carea' id='block_1_76' title="bbox 535 4701 667 4710">
    <p class='ocr_par' dir='ltr' id='par_1_76' title="bbox 535 4701 667 4710">
     <span class='ocr_line' id='line_1_76' title="bbox 535 4701 667 4710; baseline -0.008 -1"><span class='ocrx_word' id='word_1_469' title='bbox 535 4701 667 4710; x_wconf 58' lang='grc' dir='ltr'><strong>..ς-ο--</strong></span> 
     </span>
    </p>
   </div>
   <div class='ocr_carea' id='block_1_77' title="bbox 2232 3537 3383 3605">
    <p class='ocr_par' dir='ltr' id='par_1_77' title="bbox 2232 3537 3383 3605">
     <span class='ocr_line' id='line_1_77' title="bbox 2232 3537 3383 3605; baseline 0.004 -18"><span class='ocrx_word' id='word_1_470' title='bbox 2232 3537 2324 3591; x_wconf 82' lang='lat' dir='ltr'><strong>Ubi</strong></span> <span class='ocrx_word' id='word_1_471' title='bbox 2350 3537 2471 3589; x_wconf 85' lang='lat' dir='ltr'><strong>dum</strong></span> <span class='ocrx_word' id='word_1_472' title='bbox 2498 3538 2539 3586; x_wconf 67' lang='grc' dir='ltr'><strong>(ε.</strong></span> <span class='ocrx_word' id='word_1_473' title='bbox 2564 3547 2726 3604; x_wconf 81' lang='lat' dir='ltr'><strong>geret,</strong></span> <span class='ocrx_word' id='word_1_474' title='bbox 2750 3545 2801 3590; x_wconf 85' lang='lat' dir='ltr'><strong>et</strong></span> <span class='ocrx_word' id='word_1_475' title='bbox 2828 3538 3108 3593; x_wconf 73' lang='lat' dir='ltr'><strong>commissa</strong></span> <span class='ocrx_word' id='word_1_476' title='bbox 3146 3547 3383 3605; x_wconf 75' lang='lat' dir='ltr'><strong>negeret;</strong></span> 
     </span>
    </p>
   </div>
   <div class='ocr_carea' id='block_1_78' title="bbox 2298 3606 3329 3673">
    <p class='ocr_par' dir='ltr' id='par_1_78' title="bbox 2298 3606 3329 3673">
     <span class='ocr_line' id='line_1_78' title="bbox 2298 3606 3329 3673; baseline 0.002 -17"><span class='ocrx_word' id='word_1_477' title='bbox 2298 3606 2357 3656; x_wconf 83' lang='lat' dir='ltr'><strong>Et</strong></span> <span class='ocrx_word' id='word_1_478' title='bbox 2390 3607 2791 3673; x_wconf 55' lang='lat' dir='ltr'><strong>prosperitatem</strong></span> <span class='ocrx_word' id='word_1_479' title='bbox 2836 3608 3083 3659; x_wconf 85' lang='lat' dir='ltr'><strong>habuisse</strong></span> <span class='ocrx_word' id='word_1_480' title='bbox 3114 3607 3329 3660; x_wconf 73' lang='lat' dir='ltr'><strong>fratrem</strong></span> 
     </span>
    </p>
   </div>
   <div class='ocr_carea' id='block_1_79' title="bbox 2227 3674 3463 3740">
    <p class='ocr_par' dir='ltr' id='par_1_79' title="bbox 2227 3674 3463 3740">
     <span class='ocr_line' id='line_1_79' title="bbox 2227 3674 3463 3740; baseline 0.005 -21"><span class='ocrx_word' id='word_1_481' title='bbox 2227 3674 2520 3740; x_wconf 76' lang='lat' dir='ltr'><strong>Lwlgerum</strong></span> <span class='ocrx_word' id='word_1_482' title='bbox 2552 3682 2811 3735; x_wconf 71' lang='lat' dir='ltr'><strong>cerneret,</strong></span> <span class='ocrx_word' id='word_1_483' title='bbox 2834 3682 2889 3726; x_wconf 86' lang='lat' dir='ltr'><strong>ut</strong></span> <span class='ocrx_word' id='word_1_484' title='bbox 2908 3683 3088 3740; x_wconf 84' lang='lat' dir='ltr'><strong>gentes</strong></span> <span class='ocrx_word' id='word_1_485' title='bbox 3108 3684 3463 3733; x_wconf 64' lang='lat' dir='ltr'><strong>converteret,</strong></span> 
     </span>
    </p>
   </div>
   <div class='ocr_carea' id='block_1_80' title="bbox 2295 3741 3431 3809">
    <p class='ocr_par' dir='ltr' id='par_1_80' title="bbox 2295 3741 3431 3809">
     <span class='ocr_line' id='line_1_80' title="bbox 2295 3741 3431 3809; baseline 0.004 -21"><span class='ocrx_word' id='word_1_486' title='bbox 2295 3744 2434 3803; x_wconf 72' lang='lat' dir='ltr'><strong>Quos</strong></span> <span class='ocrx_word' id='word_1_487' title='bbox 2464 3742 2525 3793; x_wconf 88' lang='lat' dir='ltr'><strong>de</strong></span> <span class='ocrx_word' id='word_1_488' title='bbox 2549 3757 2645 3809; x_wconf 78' lang='lat' dir='ltr'><strong>pag</strong></span> <span class='ocrx_word' id='word_1_489' title='bbox 2665 3743 2849 3794; x_wconf 54' lang='lat' dir='ltr'><strong>nismo</strong></span> <span class='ocrx_word' id='word_1_490' title='bbox 2879 3744 3157 3809; x_wconf 72' lang='lat' dir='ltr'><strong>acquisivit</strong></span> <span class='ocrx_word' id='word_1_491' title='bbox 3181 3741 3431 3803; x_wconf 74' lang='lat' dir='ltr'><strong>Christo:</strong></span> 
     </span>
    </p>
   </div>
   <div class='ocr_carea' id='block_1_81' title="bbox 2232 3811 3259 3877">
    <p class='ocr_par' dir='ltr' id='par_1_81' title="bbox 2232 3811 3259 3877">
     <span class='ocr_line' id='line_1_81' title="bbox 2232 3811 3259 3877; baseline 0.001 -15"><span class='ocrx_word' id='word_1_492' title='bbox 2232 3811 2293 3862; x_wconf 71' lang='lat' dir='ltr'><strong>Et</strong></span> <span class='ocrx_word' id='word_1_493' title='bbox 2316 3811 2423 3877; x_wconf 81' lang='lat' dir='ltr'><strong>ipse</strong></span> <span class='ocrx_word' id='word_1_494' title='bbox 2460 3811 2687 3861; x_wconf 74' lang='lat' dir='ltr'><strong>monitus</strong></span> <span class='ocrx_word' id='word_1_495' title='bbox 2714 3812 2957 3863; x_wconf 85' lang='lat' dir='ltr'><strong>nimirum</strong></span> <span class='ocrx_word' id='word_1_496' title='bbox 2988 3812 3259 3872; x_wconf 80' lang='lat' dir='ltr'><strong>divinitus,</strong></span> 
     </span>
    </p>
   </div>
   <div class='ocr_carea' id='block_1_82' title="bbox 2300 3877 3558 3948">
    <p class='ocr_par' dir='ltr' id='par_1_82' title="bbox 2300 3877 3558 3948">
     <span class='ocr_line' id='line_1_82' title="bbox 2300 3877 3558 3948; baseline 0.004 -19"><span class='ocrx_word' id='word_1_497' title='bbox 2300 3879 2375 3929; x_wconf 80' lang='lat' dir='ltr'><strong>Ad</strong></span> <span class='ocrx_word' id='word_1_498' title='bbox 2400 3877 2899 3948; x_wconf 67' lang='lat' dir='ltr'><strong>Northuringcnsem</strong></span> <span class='ocrx_word' id='word_1_499' title='bbox 2929 3895 2983 3931; x_wconf 76' lang='lat' dir='ltr'><strong>se</strong></span> <span class='ocrx_word' id='word_1_500' title='bbox 3009 3880 3287 3933; x_wconf 88' lang='lat' dir='ltr'><strong>committit</strong></span> <span class='ocrx_word' id='word_1_501' title='bbox 3313 3889 3558 3948; x_wconf 83' lang='lat' dir='ltr'><strong>gentem,</strong></span> 
     </span>
    </p>
   </div>
   <div class='ocr_carea' id='block_1_83' title="bbox 2236 3945 3140 4015">
    <p class='ocr_par' dir='ltr' id='par_1_83' title="bbox 2236 3945 3140 4015">
     <span class='ocr_line' id='line_1_83' title="bbox 2236 3945 3140 4015; baseline 0.001 -16"><span class='ocrx_word' id='word_1_502' title='bbox 2236 3946 2367 4015; x_wconf 82' lang='lat' dir='ltr'><strong>Usus</strong></span> <span class='ocrx_word' id='word_1_503' title='bbox 2398 3947 2587 3997; x_wconf 80' lang='lat' dir='ltr'><strong>auxilio</strong></span> <span class='ocrx_word' id='word_1_504' title='bbox 2615 3945 2791 3999; x_wconf 80' lang='lat' dir='ltr'><strong>fratris</strong></span> <span class='ocrx_word' id='word_1_505' title='bbox 2818 3962 2869 3997; x_wconf 76' lang='lat' dir='ltr'><strong>et</strong></span> <span class='ocrx_word' id='word_1_506' title='bbox 2898 3949 3140 4015; x_wconf 83' lang='lat' dir='ltr'><strong>hospitio,</strong></span> 
     </span>
    </p>
   </div>
   <div class='ocr_carea' id='block_1_84' title="bbox 2301 4014 3389 4070">
    <p class='ocr_par' dir='ltr' id='par_1_84' title="bbox 2301 4014 3389 4070">
     <span class='ocr_line' id='line_1_84' title="bbox 2301 4014 3389 4070; baseline 0.005 -5"><span class='ocrx_word' id='word_1_507' title='bbox 2301 4014 2552 4065; x_wconf 58' lang='lat' dir='ltr'><strong>ila-lentis</strong></span> <span class='ocrx_word' id='word_1_508' title='bbox 2582 4016 2630 4065; x_wconf 91' lang='lat' dir='ltr'><strong>in</strong></span> <span class='ocrx_word' id='word_1_509' title='bbox 2663 4015 2773 4067; x_wconf 84' lang='lat' dir='ltr'><strong>loco</strong></span> <span class='ocrx_word' id='word_1_510' title='bbox 2802 4014 3135 4068; x_wconf 84' lang='lat' dir='ltr'><strong>ilelmenstad</strong></span> <span class='ocrx_word' id='word_1_511' title='bbox 3156 4023 3341 4069; x_wconf 88' lang='lat' dir='ltr'><strong>vocato</strong></span> <span class='ocrx_word' id='word_1_512' title='bbox 3373 4034 3389 4070; x_wconf 87' lang='lat'><strong>:</strong></span> 
     </span>
    </p>
   </div>
   <div class='ocr_carea' id='block_1_85' title="bbox 2232 4082 3235 4139">
    <p class='ocr_par' dir='ltr' id='par_1_85' title="bbox 2232 4082 3235 4139">
     <span class='ocr_line' id='line_1_85' title="bbox 2232 4082 3235 4139; baseline 0.002 -6"><span class='ocrx_word' id='word_1_513' title='bbox 2232 4082 2325 4133; x_wconf 69' lang='lat' dir='ltr'><strong>I&#39;bi</strong></span> <span class='ocrx_word' id='word_1_514' title='bbox 2352 4083 2679 4133; x_wconf 55' lang='lat' dir='ltr'><strong>sanctissima</strong></span> <span class='ocrx_word' id='word_1_515' title='bbox 2710 4084 3012 4135; x_wconf 74' lang='lat' dir='ltr'><strong>ordinantes</strong></span> <span class='ocrx_word' id='word_1_516' title='bbox 3032 4086 3235 4139; x_wconf 79' lang='lat' dir='ltr'><strong>semina</strong></span> 
     </span>
    </p>
   </div>
   <div class='ocr_carea' id='block_1_86' title="bbox 2302 4149 3297 4219">
    <p class='ocr_par' dir='ltr' id='par_1_86' title="bbox 2302 4149 3297 4219">
     <span class='ocr_line' id='line_1_86' title="bbox 2302 4149 3297 4219; baseline 0.003 -18"><span class='ocrx_word' id='word_1_517' title='bbox 2302 4151 2473 4216; x_wconf 67' lang='lat' dir='ltr'><strong>Evang</strong></span> <span class='ocrx_word' id='word_1_518' title='bbox 2496 4149 2719 4211; x_wconf 59' lang='lat' dir='ltr'><strong>diorum,</strong></span> <span class='ocrx_word' id='word_1_519' title='bbox 2750 4151 2800 4202; x_wconf 88' lang='lat' dir='ltr'><strong>in</strong></span> <span class='ocrx_word' id='word_1_520' title='bbox 2830 4151 3297 4219; x_wconf 80' lang='lat' dir='ltr'><strong>Northuringorum</strong></span> 
     </span>
    </p>
   </div>
   <div class='ocr_carea' id='block_1_87' title="bbox 2226 4218 3261 4287">
    <p class='ocr_par' dir='ltr' id='par_1_87' title="bbox 2226 4218 3261 4287">
     <span class='ocr_line' id='line_1_87' title="bbox 2226 4218 3261 4287; baseline 0.001 -17"><span class='ocrx_word' id='word_1_521' title='bbox 2226 4218 2475 4287; x_wconf 55' lang='lat' dir='ltr'><strong>legerint</strong></span> <span class='ocrx_word' id='word_1_522' title='bbox 2503 4228 2733 4287; x_wconf 61' lang='lat' dir='ltr'><strong>pectora,</strong></span> <span class='ocrx_word' id='word_1_523' title='bbox 2767 4220 2927 4271; x_wconf 86' lang='lat' dir='ltr'><strong>donec</strong></span> <span class='ocrx_word' id='word_1_524' title='bbox 2956 4219 3045 4271; x_wconf 90' lang='lat' dir='ltr'><strong>Dci</strong></span> <span class='ocrx_word' id='word_1_525' title='bbox 3074 4218 3261 4287; x_wconf 78' lang='lat' dir='ltr'><strong>gratia,</strong></span> 
     </span>
    </p>
   </div>
   <div class='ocr_carea' id='block_1_88' title="bbox 2297 4278 3451 4354">
    <p class='ocr_par' dir='ltr' id='par_1_88' title="bbox 2297 4278 3451 4354">
     <span class='ocr_line' id='line_1_88' title="bbox 2297 4278 3451 4354; baseline 0.003 -18"><span class='ocrx_word' id='word_1_526' title='bbox 2297 4286 2440 4337; x_wconf 82' lang='lat' dir='ltr'><strong>Fecit</strong></span> <span class='ocrx_word' id='word_1_527' title='bbox 2471 4278 2538 4337; x_wconf 74' lang='lat' dir='ltr'><strong>ibi</strong></span> <span class='ocrx_word' id='word_1_528' title='bbox 2571 4278 2793 4339; x_wconf 81' lang='lat' dir='ltr'><strong>fructum</strong></span> <span class='ocrx_word' id='word_1_529' title='bbox 2826 4287 2983 4340; x_wconf 75' lang='lat' dir='ltr'><strong>cmlos</strong></span> <span class='ocrx_word' id='word_1_530' title='bbox 3022 4278 3185 4354; x_wconf 54' lang='lat' dir='ltr'><strong>us&#39;que</strong></span> <span class='ocrx_word' id='word_1_531' title='bbox 3212 4278 3451 4341; x_wconf 87' lang='lat' dir='ltr'><strong>ductum.</strong></span> 
     </span>
    </p>
   </div>
   <div class='ocr_carea' id='block_1_89' title="bbox 2229 4353 3276 4422">
    <p class='ocr_par' dir='ltr' id='par_1_89' title="bbox 2229 4353 3276 4422">
     <span class='ocr_line' id='line_1_89' title="bbox 2229 4353 3276 4422; baseline 0.003 -17"><span class='ocrx_word' id='word_1_532' title='bbox 2229 4353 2321 4406; x_wconf 82' lang='lat' dir='ltr'><strong>Est</strong></span> <span class='ocrx_word' id='word_1_533' title='bbox 2348 4354 2665 4422; x_wconf 86' lang='lat' dir='ltr'><strong>episcopium</strong></span> <span class='ocrx_word' id='word_1_534' title='bbox 2697 4356 2866 4408; x_wconf 79' lang='lat' dir='ltr'><strong>adhuc</strong></span> <span class='ocrx_word' id='word_1_535' title='bbox 2893 4353 3243 4408; x_wconf 84' lang='lat' dir='ltr'><strong>testimonium</strong></span> <span class='ocrx_word' id='word_1_536' title='bbox 3262 4395 3276 4416; x_wconf 93' lang='lat'><strong>,</strong></span> 
     </span>
    </p>
   </div>
   <div class='ocr_carea' id='block_1_90' title="bbox 2297 4422 3384 4490">
    <p class='ocr_par' dir='ltr' id='par_1_90' title="bbox 2297 4422 3384 4490">
     <span class='ocr_line' id='line_1_90' title="bbox 2297 4422 3384 4490; baseline 0.003 -17"><span class='ocrx_word' id='word_1_537' title='bbox 2297 4422 2409 4486; x_wconf 84' lang='lat' dir='ltr'><strong>Quo</strong></span> <span class='ocrx_word' id='word_1_538' title='bbox 2433 4422 2621 4488; x_wconf 84' lang='lat' dir='ltr'><strong>incepit</strong></span> <span class='ocrx_word' id='word_1_539' title='bbox 2646 4423 2824 4490; x_wconf 51' lang='lat' dir='ltr'><strong>sedem</strong></span> <span class='ocrx_word' id='word_1_540' title='bbox 2853 4422 3197 4490; x_wconf 82' lang='lat' dir='ltr'><strong>Hildegrimus</strong></span> <span class='ocrx_word' id='word_1_541' title='bbox 3223 4425 3384 4484; x_wconf 84' lang='lat' dir='ltr'><strong>idem,</strong></span> 
     </span>
    </p>
   </div>
   <div class='ocr_carea' id='block_1_91' title="bbox 2228 4488 3565 4561">
    <p class='ocr_par' dir='ltr' id='par_1_91' title="bbox 2228 4488 3565 4561">
     <span class='ocr_line' id='line_1_91' title="bbox 2228 4488 3565 4561; baseline 0.006 -22"><span class='ocrx_word' id='word_1_542' title='bbox 2228 4489 2337 4561; x_wconf 66' lang='lat' dir='ltr'><strong>Qui</strong></span> <span class='ocrx_word' id='word_1_543' title='bbox 2366 4491 2607 4561; x_wconf 75' lang='lat' dir='ltr'><strong>quamvis</strong></span> <span class='ocrx_word' id='word_1_544' title='bbox 2616 4559 2624 4561; x_wconf 21' lang='grc' dir='ltr'><em>Α</em></span> <span class='ocrx_word' id='word_1_545' title='bbox 2646 4488 2927 4561; x_wconf 68' lang='lat' dir='ltr'><strong>Werthinre</strong></span> <span class='ocrx_word' id='word_1_546' title='bbox 2952 4488 3021 4544; x_wconf 78' lang='lat' dir='ltr'><strong>sit</strong></span> <span class='ocrx_word' id='word_1_547' title='bbox 3044 4492 3281 4544; x_wconf 90' lang='lat' dir='ltr'><strong>conditus</strong></span> <span class='ocrx_word' id='word_1_548' title='bbox 3309 4507 3565 4561; x_wconf 85' lang='lat' dir='ltr'><strong>corpore,</strong></span> 
     </span>
    </p>
   </div>
   <div class='ocr_carea' id='block_1_92' title="bbox 2297 4557 3477 4626">
    <p class='ocr_par' dir='ltr' id='par_1_92' title="bbox 2297 4557 3477 4626">
     <span class='ocr_line' id='line_1_92' title="bbox 2297 4557 3477 4626; baseline 0.003 -17"><span class='ocrx_word' id='word_1_549' title='bbox 2297 4557 2657 4610; x_wconf 68' lang='lat' dir='ltr'><strong>Haluerstadis</strong></span> <span class='ocrx_word' id='word_1_550' title='bbox 2683 4567 2853 4609; x_wconf 88' lang='lat' dir='ltr'><strong>tamen</strong></span> <span class='ocrx_word' id='word_1_551' title='bbox 2882 4558 2950 4611; x_wconf 87' lang='lat' dir='ltr'><strong>sit</strong></span> <span class='ocrx_word' id='word_1_552' title='bbox 2986 4567 3256 4626; x_wconf 89' lang='lat' dir='ltr'><strong>patronus.</strong></span> <span class='ocrx_word' id='word_1_553' title='bbox 3286 4557 3477 4613; x_wconf 77' lang='lat' dir='ltr'><strong>Amen.</strong></span> 
     </span>
    </p>
   </div>
   <div class='ocr_carea' id='block_1_93' title="bbox 2818 4636 2835 4656">
    <p class='ocr_par' dir='ltr' id='par_1_93' title="bbox 2818 4636 2835 4656">
     <span class='ocr_line' id='line_1_93' title="bbox 2818 4636 2835 4656; baseline 0 0"><span class='ocrx_word' id='word_1_554' title='bbox 2818 4636 2835 4656; x_wconf 76' lang='grc' dir='ltr'><strong><em>ο</em></strong></span> 
     </span>
    </p>
   </div>
   <div class='ocr_carea' id='block_1_94' title="bbox 991 4800 3219 4922">
    <p class='ocr_par' dir='ltr' id='par_1_94' title="bbox 991 4800 3219 4922">
     <span class='ocr_line' id='line_1_94' title="bbox 991 4800 3219 4922; baseline -0.003 -5"><span class='ocrx_word' id='word_1_555' title='bbox 991 4800 2079 4920; x_wconf 77' lang='lat' dir='ltr'><strong>CHARTULARIUM‘</strong></span> <span class='ocrx_word' id='word_1_556' title='bbox 2150 4801 3219 4922; x_wconf 83' lang='lat' dir='ltr'><strong>WEBTHINENSE.</strong></span> 
     </span>
    </p>
   </div>
   <div class='ocr_carea' id='block_1_95' title="bbox 1824 4998 3216 5058">
    <p class='ocr_par' dir='ltr' id='par_1_95' title="bbox 1824 4998 3216 5058">
     <span class='ocr_line' id='line_1_95' title="bbox 1824 4998 3216 5058; baseline 0.002 -15"><span class='ocrx_word' id='word_1_557' title='bbox 1824 5001 1979 5057; x_wconf 56' lang='lat' dir='ltr'><strong>(Apud</strong></span> <span class='ocrx_word' id='word_1_558' title='bbox 2005 4998 2232 5057; x_wconf 75' lang='lat' dir='ltr'><strong>Leibnitz,</strong></span> <span class='ocrx_word' id='word_1_559' title='bbox 2256 5000 2394 5058; x_wconf 75' lang='lat' dir='ltr'><strong>ibid.)</strong></span> <span class='ocrx_word' id='word_1_560' title='bbox 3211 5031 3216 5034; x_wconf 75' lang='lat'><strong>.</strong></span> 
     </span>
    </p>
   </div>
   <div class='ocr_carea' id='block_1_96' title="bbox 532 5201 2058 5241">
    <p class='ocr_par' dir='ltr' id='par_1_96' title="bbox 532 5201 2058 5241">
     <span class='ocr_line' id='line_1_96' title="bbox 532 5201 2058 5241; baseline 0.001 -2"><span class='ocrx_word' id='word_1_561' title='bbox 532 5204 582 5239; x_wconf 71' lang='lat' dir='ltr'>IN</span> <span class='ocrx_word' id='word_1_562' title='bbox 622 5203 809 5241; x_wconf 62' lang='lat' dir='ltr'><strong>NOMINE</strong></span> <span class='ocrx_word' id='word_1_563' title='bbox 848 5202 1055 5240; x_wconf 66' lang='lat' dir='ltr'><strong>SANCTE</strong></span> <span class='ocrx_word' id='word_1_564' title='bbox 1107 5201 1410 5241; x_wconf 69' lang='lat' dir='ltr'><strong>TRINITATIS</strong></span> <span class='ocrx_word' id='word_1_565' title='bbox 1462 5202 1653 5239; x_wconf 75' lang='lat' dir='ltr'><strong>INCIPIT</strong></span> <span class='ocrx_word' id='word_1_566' title='bbox 1710 5203 1860 5240; x_wconf 75' lang='lat' dir='ltr'><strong>LIBER</strong></span> <span class='ocrx_word' id='word_1_567' title='bbox 1896 5202 2058 5241; x_wconf 64' lang='grc' dir='ltr'><strong>ωιλη-</strong></span> 
     </span>
    </p>
   </div>
   <div class='ocr_carea' id='block_1_97' title="bbox 567 5270 2012 5310">
    <p class='ocr_par' dir='ltr' id='par_1_97' title="bbox 567 5270 2012 5310">
     <span class='ocr_line' id='line_1_97' title="bbox 567 5270 2012 5310; baseline 0 -1"><span class='ocrx_word' id='word_1_568' title='bbox 567 5271 739 5309; x_wconf 72' lang='lat' dir='ltr'><strong>TARIJI</strong></span> <span class='ocrx_word' id='word_1_569' title='bbox 776 5271 979 5309; x_wconf 61' lang='lat' dir='ltr'><strong>CAIBIE</strong></span> <span class='ocrx_word' id='word_1_570' title='bbox 1000 5270 1201 5310; x_wconf 69' lang='lat' dir='ltr'><strong>CONTII\</strong></span> <span class='ocrx_word' id='word_1_571' title='bbox 1229 5270 1566 5309; x_wconf 66' lang='lat' dir='ltr'><strong>FOLCBEBTUI</strong></span> <span class='ocrx_word' id='word_1_572' title='bbox 1607 5271 1656 5306; x_wconf 74' lang='lat' dir='ltr'>IN</span> <span class='ocrx_word' id='word_1_573' title='bbox 1685 5272 2012 5310; x_wconf 73' lang='lat' dir='ltr'><strong>WIDUBERGE.</strong></span> 
     </span>
    </p>
   </div>
   <div class='ocr_carea' id='block_1_98' title="bbox 604 5362 2055 5432">
    <p class='ocr_par' dir='ltr' id='par_1_98' title="bbox 604 5362 2055 5432">
     <span class='ocr_line' id='line_1_98' title="bbox 604 5362 2055 5432; baseline -0.001 -15"><span class='ocrx_word' id='word_1_574' title='bbox 604 5365 650 5417; x_wconf 82' lang='lat' dir='ltr'><strong>l.</strong></span> <span class='ocrx_word' id='word_1_575' title='bbox 672 5362 857 5416; x_wconf 85' lang='lat' dir='ltr'><strong>Notum</strong></span> <span class='ocrx_word' id='word_1_576' title='bbox 876 5363 985 5416; x_wconf 81' lang='lat' dir='ltr'><strong>fieri</strong></span> <span class='ocrx_word' id='word_1_577' title='bbox 998 5364 1149 5432; x_wconf 88' lang='lat' dir='ltr'><strong>cupio</strong></span> <span class='ocrx_word' id='word_1_578' title='bbox 1163 5364 1406 5418; x_wconf 82' lang='lat' dir='ltr'><strong>omnibus</strong></span> <span class='ocrx_word' id='word_1_579' title='bbox 1421 5370 1523 5415; x_wconf 90' lang='lat' dir='ltr'><strong>tam</strong></span> <span class='ocrx_word' id='word_1_580' title='bbox 1539 5366 1880 5432; x_wconf 64' lang='lat' dir='ltr'><strong>praesentibus</strong></span> <span class='ocrx_word' id='word_1_581' title='bbox 1899 5379 2055 5431; x_wconf 85' lang='lat' dir='ltr'><strong>quam</strong></span> 
     </span>
    </p>
   </div>
   <div class='ocr_carea' id='block_1_99' title="bbox 535 5432 2059 5511">
    <p class='ocr_par' dir='ltr' id='par_1_99' title="bbox 535 5432 2059 5511">
     <span class='ocr_line' id='line_1_99' title="bbox 535 5432 2059 5511; baseline 0 -27"><span class='ocrx_word' id='word_1_582' title='bbox 535 5432 741 5511; x_wconf 77' lang='lat' dir='ltr'><strong>futuris,</strong></span> <span class='ocrx_word' id='word_1_583' title='bbox 777 5432 1000 5511; x_wconf 68' lang='lat' dir='ltr'><strong>qualiter</strong></span> <span class='ocrx_word' id='word_1_584' title='bbox 1027 5448 1121 5511; x_wconf 73' lang='lat' dir='ltr'><strong>ego</strong></span> <span class='ocrx_word' id='word_1_585' title='bbox 1156 5432 1425 5511; x_wconf 55' lang='lat' dir='ltr'><strong>htt_dgerus</strong></span> <span class='ocrx_word' id='word_1_586' title='bbox 1462 5433 1737 5511; x_wconf 80' lang='lat' dir='ltr'><strong>presbyter</strong></span> <span class='ocrx_word' id='word_1_587' title='bbox 1768 5433 2059 5511; x_wconf 40' lang='lat' dir='ltr'><strong>aliﬂqpantu-</strong></span> 
     </span>
    </p>
   </div>
   <div class='ocr_carea' id='block_1_100' title="bbox 533 5500 2060 5568">
    <p class='ocr_par' dir='ltr' id='par_1_100' title="bbox 533 5500 2060 5568">
     <span class='ocr_line' id='line_1_100' title="bbox 533 5500 2060 5568; baseline 0.001 -17"><span class='ocrx_word' id='word_1_588' title='bbox 533 5502 635 5568; x_wconf 88' lang='lat' dir='ltr'><strong>lam</strong></span> <span class='ocrx_word' id='word_1_589' title='bbox 677 5500 983 5568; x_wconf 77' lang='lat' dir='ltr'><strong>particulam</strong></span> <span class='ocrx_word' id='word_1_590' title='bbox 1030 5501 1345 5553; x_wconf 78' lang='lat' dir='ltr'><strong>luereditatis</strong></span> <span class='ocrx_word' id='word_1_591' title='bbox 1395 5500 1519 5552; x_wconf 87' lang='lat' dir='ltr'><strong>dato</strong></span> <span class='ocrx_word' id='word_1_592' title='bbox 1561 5501 1727 5567; x_wconf 85' lang='lat' dir='ltr'><strong>pretio</strong></span> <span class='ocrx_word' id='word_1_593' title='bbox 1769 5515 1798 5552; x_wconf 86' lang='lat' dir='ltr'><strong>a</strong></span> <span class='ocrx_word' id='word_1_594' title='bbox 1828 5500 2060 5568; x_wconf 82' lang='lat' dir='ltr'><strong>Tbegan-</strong></span> 
     </span>
    </p>
   </div>
   <div class='ocr_carea' id='block_1_101' title="bbox 534 5567 2060 5638">
    <p class='ocr_par' dir='ltr' id='par_1_101' title="bbox 534 5567 2060 5638">
     <span class='ocr_line' id='line_1_101' title="bbox 534 5567 2060 5638; baseline -0.001 -17"><span class='ocrx_word' id='word_1_595' title='bbox 534 5567 689 5623; x_wconf 84' lang='lat' dir='ltr'><strong>haldo</strong></span> <span class='ocrx_word' id='word_1_596' title='bbox 724 5570 945 5638; x_wconf 80' lang='lat' dir='ltr'><strong>ingenuo</strong></span> <span class='ocrx_word' id='word_1_597' title='bbox 973 5578 1025 5622; x_wconf 87' lang='lat' dir='ltr'><strong>et</strong></span> <span class='ocrx_word' id='word_1_598' title='bbox 1068 5570 1222 5624; x_wconf 88' lang='lat' dir='ltr'><strong>nobili</strong></span> <span class='ocrx_word' id='word_1_599' title='bbox 1274 5569 1481 5624; x_wconf 87' lang='lat' dir='ltr'><strong>homine</strong></span> <span class='ocrx_word' id='word_1_600' title='bbox 1517 5570 1813 5637; x_wconf 82' lang='lat' dir='ltr'><strong>comparavi</strong></span> <span class='ocrx_word' id='word_1_601' title='bbox 1844 5570 1895 5622; x_wconf 90' lang='lat' dir='ltr'><strong>in</strong></span> <span class='ocrx_word' id='word_1_602' title='bbox 1937 5569 2060 5622; x_wconf 80' lang='lat' dir='ltr'><strong>villa</strong></span> 
     </span>
    </p>
   </div>
   <div class='ocr_carea' id='block_1_102' title="bbox 2086 5156 3711 5229">
    <p class='ocr_par' dir='ltr' id='par_1_102' title="bbox 2086 5156 3711 5229">
     <span class='ocr_line' id='line_1_102' title="bbox 2086 5156 3711 5229; baseline 0 0"><span class='ocrx_word' id='word_1_603' title='bbox 2086 5171 2269 5229; x_wconf 63' lang='lat' dir='ltr'><strong>unum</strong></span> <span class='ocrx_word' id='word_1_604' title='bbox 2302 5164 2629 5229; x_wconf 63' lang='grc' dir='ltr'><strong>ηυηοιιρςηιιτ</strong></span> <span class='ocrx_word' id='word_1_605' title='bbox 2673 5156 3207 5229; x_wconf 58' lang='lat' dir='ltr'><strong>FislchFislack).</strong></span> <span class='ocrx_word' id='word_1_606' title='bbox 3261 5158 3314 5229; x_wconf 82' lang='lat' dir='ltr'><strong>id</strong></span> <span class='ocrx_word' id='word_1_607' title='bbox 3359 5166 3441 5211; x_wconf 70' lang='lat' dir='ltr'><strong>est</strong></span> <span class='ocrx_word' id='word_1_608' title='bbox 3499 5157 3711 5215; x_wconf 68' lang='lat' dir='ltr'><strong>Horam</strong></span> 
     </span>
    </p>
   </div>
   <div class='ocr_carea' id='block_1_103' title="bbox 2158 5225 3712 5297">
    <p class='ocr_par' dir='ltr' id='par_1_103' title="bbox 2158 5225 3712 5297">
     <span class='ocr_line' id='line_1_103' title="bbox 2158 5225 3712 5297; baseline -0.001 -13"><span class='ocrx_word' id='word_1_609' title='bbox 2158 5225 2300 5284; x_wconf 80' lang='lat' dir='ltr'><strong>illam</strong></span> <span class='ocrx_word' id='word_1_610' title='bbox 2331 5225 3329 5297; x_wconf 28' lang='lat' dir='ltr'><strong>quaediciturJAlfgedine-Hova,cum</strong></span> <span class='ocrx_word' id='word_1_611' title='bbox 3367 5229 3519 5297; x_wconf 81' lang='lat' dir='ltr'><strong>omni</strong></span> <span class='ocrx_word' id='word_1_612' title='bbox 3568 5230 3712 5283; x_wconf 81' lang='lat' dir='ltr'><strong>inte-</strong></span> 
     </span>
    </p>
   </div>
   <div class='ocr_carea' id='block_1_104' title="bbox 2158 5294 3709 5365">
    <p class='ocr_par' dir='ltr' id='par_1_104' title="bbox 2158 5294 3709 5365">
     <span class='ocr_line' id='line_1_104' title="bbox 2158 5294 3709 5365; baseline 0.001 -15"><span class='ocrx_word' id='word_1_613' title='bbox 2158 5294 2363 5365; x_wconf 53' lang='lat' dir='ltr'><strong>gritate;</strong></span> <span class='ocrx_word' id='word_1_614' title='bbox 2399 5297 2507 5347; x_wconf 90' lang='lat' dir='ltr'><strong>sive</strong></span> <span class='ocrx_word' id='word_1_615' title='bbox 2537 5296 2586 5346; x_wconf 90' lang='lat' dir='ltr'><strong>in</strong></span> <span class='ocrx_word' id='word_1_616' title='bbox 2628 5294 2779 5365; x_wconf 79' lang='lat' dir='ltr'><strong>silva,</strong></span> <span class='ocrx_word' id='word_1_617' title='bbox 2807 5308 2897 5365; x_wconf 84' lang='lat' dir='ltr'><strong>seu</strong></span> <span class='ocrx_word' id='word_1_618' title='bbox 2939 5295 2990 5347; x_wconf 91' lang='lat' dir='ltr'><strong>in</strong></span> <span class='ocrx_word' id='word_1_619' title='bbox 3018 5295 3227 5365; x_wconf 89' lang='lat' dir='ltr'><strong>pascuis</strong></span> <span class='ocrx_word' id='word_1_620' title='bbox 3252 5304 3305 5365; x_wconf 90' lang='lat' dir='ltr'><strong>et</strong></span> <span class='ocrx_word' id='word_1_621' title='bbox 3343 5294 3543 5363; x_wconf 83' lang='lat' dir='ltr'><strong>perviis</strong></span> <span class='ocrx_word' id='word_1_622' title='bbox 3570 5305 3628 5351; x_wconf 89' lang='lat' dir='ltr'><strong>et</strong></span> <span class='ocrx_word' id='word_1_623' title='bbox 3655 5300 3709 5351; x_wconf 92' lang='lat' dir='ltr'><strong>in</strong></span> 
     </span>
    </p>
   </div>
   <div class='ocr_carea' id='block_1_105' title="bbox 2162 5363 3709 5433">
    <p class='ocr_par' dir='ltr' id='par_1_105' title="bbox 2162 5363 3709 5433">
     <span class='ocr_line' id='line_1_105' title="bbox 2162 5363 3709 5433; baseline 0.001 -16"><span class='ocrx_word' id='word_1_624' title='bbox 2162 5363 2421 5433; x_wconf 78' lang='lat' dir='ltr'><strong>aquarum</strong></span> <span class='ocrx_word' id='word_1_625' title='bbox 2446 5378 2539 5433; x_wconf 78' lang='lat' dir='ltr'><strong>usu</strong></span> <span class='ocrx_word' id='word_1_626' title='bbox 2565 5370 2615 5413; x_wconf 86' lang='lat' dir='ltr'><strong>et</strong></span> <span class='ocrx_word' id='word_1_627' title='bbox 2653 5363 3143 5433; x_wconf 39' lang='lat' dir='ltr'><strong>decursibusfhtec</strong></span> <span class='ocrx_word' id='word_1_628' title='bbox 3168 5364 3343 5433; x_wconf 84' lang='lat' dir='ltr'><strong>omnia</strong></span> <span class='ocrx_word' id='word_1_629' title='bbox 3378 5378 3406 5415; x_wconf 89' lang='lat' dir='ltr'><strong>a</strong></span> <span class='ocrx_word' id='word_1_630' title='bbox 3452 5366 3709 5432; x_wconf 78' lang='lat' dir='ltr'><strong>supradi-</strong></span> 
     </span>
    </p>
   </div>
   <div class='ocr_carea' id='block_1_106' title="bbox 2163 5430 3711 5502">
    <p class='ocr_par' dir='ltr' id='par_1_106' title="bbox 2163 5430 3711 5502">
     <span class='ocr_line' id='line_1_106' title="bbox 2163 5430 3711 5502; baseline -0.001 -16"><span class='ocrx_word' id='word_1_631' title='bbox 2163 5430 2245 5487; x_wconf 77' lang='lat' dir='ltr'><strong>cto</strong></span> <span class='ocrx_word' id='word_1_632' title='bbox 2272 5432 2428 5485; x_wconf 87' lang='lat' dir='ltr'><strong>nobili</strong></span> <span class='ocrx_word' id='word_1_633' title='bbox 2454 5430 2654 5502; x_wconf 78' lang='lat' dir='ltr'><strong>Franco</strong></span> <span class='ocrx_word' id='word_1_634' title='bbox 2680 5430 3049 5502; x_wconf 66' lang='lat' dir='ltr'><strong>Tlieganbaldo</strong></span> <span class='ocrx_word' id='word_1_635' title='bbox 3067 5446 3165 5501; x_wconf 88' lang='lat' dir='ltr'><strong>ego</strong></span> <span class='ocrx_word' id='word_1_636' title='bbox 3184 5431 3455 5502; x_wconf 83' lang='lat' dir='ltr'><strong>Ludgerus</strong></span> <span class='ocrx_word' id='word_1_637' title='bbox 3486 5430 3711 5502; x_wconf 77' lang='lat' dir='ltr'><strong>presby-</strong></span> 
     </span>
    </p>
   </div>
   <div class='ocr_carea' id='block_1_107' title="bbox 2166 5499 3709 5569">
    <p class='ocr_par' dir='ltr' id='par_1_107' title="bbox 2166 5499 3709 5569">
     <span class='ocr_line' id='line_1_107' title="bbox 2166 5499 3709 5569; baseline -0.001 -15"><span class='ocrx_word' id='word_1_638' title='bbox 2166 5512 2245 5554; x_wconf 85' lang='lat' dir='ltr'><strong>ter</strong></span> <span class='ocrx_word' id='word_1_639' title='bbox 2270 5500 2670 5569; x_wconf 57' lang='lat' dir='ltr'><strong>comparaviet</strong></span> <span class='ocrx_word' id='word_1_640' title='bbox 2712 5499 3003 5569; x_wconf 72' lang='lat' dir='ltr'><strong>aliquaan</strong></span> <span class='ocrx_word' id='word_1_641' title='bbox 3036 5499 3198 5553; x_wconf 84' lang='lat' dir='ltr'><strong>annos</strong></span> <span class='ocrx_word' id='word_1_642' title='bbox 3224 5499 3451 5569; x_wconf 78' lang='lat' dir='ltr'><strong>possedi,</strong></span> <span class='ocrx_word' id='word_1_643' title='bbox 3476 5499 3534 5554; x_wconf 82' lang='lat' dir='ltr'><strong>et</strong></span> <span class='ocrx_word' id='word_1_644' title='bbox 3563 5501 3619 5554; x_wconf 89' lang='lat' dir='ltr'><strong>in</strong></span> <span class='ocrx_word' id='word_1_645' title='bbox 3646 5499 3709 5553; x_wconf 80' lang='lat' dir='ltr'><strong>ea</strong></span> 
     </span>
    </p>
   </div>
   <div class='ocr_carea' id='block_1_108' title="bbox 2166 5568 3708 5635">
    <p class='ocr_par' dir='ltr' id='par_1_108' title="bbox 2166 5568 3708 5635">
     <span class='ocr_line' id='line_1_108' title="bbox 2166 5568 3708 5635; baseline -0.001 -13"><span class='ocrx_word' id='word_1_646' title='bbox 2166 5570 2444 5630; x_wconf 78' lang='lat' dir='ltr'><strong>elaboravi,</strong></span> <span class='ocrx_word' id='word_1_647' title='bbox 2471 5568 2604 5635; x_wconf 76' lang='lat' dir='ltr'><strong>quod</strong></span> <span class='ocrx_word' id='word_1_648' title='bbox 2638 5569 2796 5635; x_wconf 83' lang='lat' dir='ltr'><strong>potui.</strong></span> <span class='ocrx_word' id='word_1_649' title='bbox 2841 5568 2985 5622; x_wconf 79' lang='lat' dir='ltr'><strong>Nunc</strong></span> <span class='ocrx_word' id='word_1_650' title='bbox 3012 5577 3183 5622; x_wconf 91' lang='lat' dir='ltr'><strong>autem</strong></span> <span class='ocrx_word' id='word_1_651' title='bbox 3226 5568 3465 5623; x_wconf 82' lang='lat' dir='ltr'><strong>eamdem</strong></span> <span class='ocrx_word' id='word_1_652' title='bbox 3499 5569 3708 5623; x_wconf 46' lang='lat' dir='ltr'><strong>I&#39;Iovam</strong></span> 
     </span>
    </p>
   </div>
  </div>
