3886 6228
550 341 3680 405 W

1761 498 1924 541 nso
1967 494 2188 539 nouis:
2230 493 2475 547 ncccrx.

1426 653 2812 814 FARDULFUS

1696 894 1823 947 (ΒΑΝ
1831 891 1979 947 υιοΝ
1988 892 2025 945 ἵ
2033 890 2179 947 ειΑΝ
2190 891 2272 948 US
2304 891 2536 947 ABBAS.

1191 1127 1602 1203 NOTITIA
1661 1126 2193 1204 HISTOR‘ICA
2244 1127 2350 1205 IN
2408 1129 3016 1208 FABDULFUM

1671 1294 1759 1353 (Ex
1784 1293 1933 1343 Gallia
1971 1292 2256 1359 Christiana,
2282 1306 2396 1349 tom.
2422 1297 2554 1359 νη.)

2019 1420 2203 1435 *ιη’-,ιη

607 1526 880 1584 Fardulfus
914 1540 1101 1597 genere
1145 1524 1516 1594 Longobardus
1540 1564 1552 1587 ,
1590 1531 1740 1592 capta
1788 1521 1947 1593 Papia
1994 1527 2052 1580 in
2081 1532 2124 1590 Α
2152 1527 2355 1581 daciam
2377 1502 2822 1597 comprimendam
2834 1525 3037 1581 evocati
3054 1526 3280 1594 undique
3301 1524 3703 1590 conﬂuxerant,

541 1617 813 1671 Franciam
846 1614 1099 1669 abductus
1131 1626 1161 1666 a
1188 1610 1376 1666 Carolo
1422 1610 1630 1682 Magno,
1665 1611 1836 1666 eidem
1869 1614 2062 1667 chartis

539 1704 755 1760 eﬂ‘cctus
781 1713 858 1758 est
881 1743 895 1765 .
937 1703 1003 1756 ob
1025 1702 1282 1755 detectam
1304 1700 1506 1770 Pippini
1529 1700 1642 1769 ejus
1665 1701 1757 1755 lilii
1779 1717 1841 1756 ex
1881 1702 2064 1758 Himil-

540 1796 693 1848 trudc
712 1791 999 1846 concubium
1021 1790 1431 1859 coniurationem
1458 1805 1475 1843 :
1501 1804 1664 1859 quare
1691 1794 2064 1846 monasterium

541 1881 708 1935 sancti
733 1880 985 1948 Dionysii,
1010 1872 1295 1947 Maginario
1323 1878 1512 1932 abbate
1533 1885 1757 1942 mortuo,
1780 1878 1828 1931 ei
1849 1875 2065 1935 Carolus

541 1967 825 2039 regendum
870 1968 1159 2031 commisit;
1190 1968 1273 2023 cui
1315 1965 1591 2021 Fardulfus
1635 1976 1691 2022 ut
1731 1980 1791 2021 se
1834 1966 2062 2022 vicissim

536 2070 743 2129 gratum
772 2056 1061 2119 exhiberet,
1112 2055 1277 2110 aedem
1313 2055 1626 2109 monasterio
1675 2054 2023 2110 adhaerentem
2048 2094 2061 2118 ,

537 2150 707 2203 instar
733 2155 966 2199 veterum
1013 2146 1158 2212 regni
1192 2142 1523 2214 palatiorum‘
1550 2143 1795 2198 aediﬁcari
1842 2144 2064 2206 curavit,

456 2256 458 2259 ·
540 2237 594 2289 ἱη
633 2249 733 2303 qua
761 2234 1020 2303 princeps,
1053 2234 1175 2286 dum
1210 2248 1273 2287 eo
1300 2233 1519 2295 veniret,
1550 2246 1668 2286 cum
1692 2233 1801 2286 suis
1836 2230 2069 2300 hospita-

454 2384 459 2393 1
541 2333 706 2377 retur.
722 2322 776 2376 id
808 2322 915 2391 ipse
939 2330 1158 2376 testatur
1180 2318 1454 2375 Fardulfus
1474 2320 1728 2383 versibus,
1750 2327 1881 2387 quos
1905 2319 2067 2376 Ches-

544 2411 665 2463 nius
700 2407 860 2463 refert
885 2418 1028 2462 tomo
1062 2406 1102 2461 ll
1141 2404 1273 2459 Hist.
1323 2407 1512 2474 Script.
1545 2405 1755 2467 Franc.,
1786 2420 1904 2477 pag.
1944 2405 2065 2471 645,

545 2497 631 2551 ubi
654 2504 703 2551 et
724 2496 897 2566 legere
917 2505 999 2550 est
1024 2495 1081 2548 Β.
1123 2493 1309 2548 Joanni
1354 2493 1502 2563 Bnpt.
1533 2494 1817 2549 oratorium
1862 2495 1928 2548 ab
1954 2496 2067 2564 ipso

544 2575 865 2642 exstructum
896 2586 1129 2641 solvendi
1158 2586 1264 2637 voti
1290 2599 1479 2645 causa,
1526 2586 1665 2652 quod
1705 2584 1855 2638 initio
1896 2584 2067 2639 exsilii

543 2679 622 2730 sui
646 2691 701 2729 se
727 2676 930 2729 vovisse
968 2674 1105 2727 idem
1140 2671 1418 2726 Fardull‘us
1443 2673 1516 2725 ait
1542 2671 1878 2740 sequentibus
1900 2673 2065 2753 versi;-

2161 1614 2377 1683 contigit
2431 1614 2701 1691 accidisSe.
2754 1612 2852 1668 Hic
2899 1628 3048 1667 sacra
3074 1612 3346 1668 beatorum
3396 1624 3705 1685 martyrum

2160 1702 2378 1771 pignora
2399 1717 2575 1756 secum
2601 1701 2728 1757 ferri
2745 1701 2924 1769 jussus
2945 1700 3137 1765 fuerat,
3170 1710 3226 1755 et
3252 1703 3507 1756 custodes
3546 1703 3707 1757 cleri-

2161 1805 2285 1853 cos,
2316 1791 2405 1858 qui
2455 1805 2632 1845 secum
2676 1790 3165 1858 proficiscebantur,
3212 1793 3288 1845 uti
3335 1793 3416 1846 eis
3460 1793 3704 1847 vicissim

2162 1866 2557 1935 succedentibus
2584 1878 2759 1933 debita
2801 1878 3136 1932 exhiberetur
3164 1878 3363 1949 religio,
3414 1880 3704 1949 delegave-

2162 1976 2260 2022 rat.
2294 1988 2312 2020 ι
2347 1967 2468 2022 Fuit
2488 1966 2648 2022 etiam
2673 1965 2951 2020 Fardulfus
2971 1980 3001 2021 e
3030 1982 3249 2021 numero
3274 1967 3570 2022 missorum
3613 1968 3707 2023 do-

2162 2058 2493 2117 minicorum,
2517 2056 2707 2125 quibus
2727 2054 2944 2110 Carolus
2963 2055 3177 2137 Magnus
3195 2043 3367 2110 varias
3397 2057 3553 2125 regni
3577 2070 3702 2125 pro-

2161 2147 2361 2201 vincias
2386 2145 2670 2213 assignavit
2693 2142 3103 2213 perlustrandas,
3144 2154 3202 2200 ut
3221 2146 3361 2217 leges
3388 2156 3501 2199 tam
3531 2146 3706 2199 eccle-

2164 2232 2425 2295 siasticas,
2451 2245 2612 2299 quam
2640 2231 2819 2285 civiles
2847 2231 3110 2301 neglectas
3132 2233 3401 2287 observari
3424 2241 3701 2296 curarent,
3749 2246 3757 2257 '

2157 2322 2346 2392 jusque
2378 2321 2613 2377 dicerent
2636 2335 2699 2376 ac
2720 2321 2785 2375 de
2819 2320 3037 2390 singulis
3079 2322 3146 2375 ad
3188 2322 3356 2390 ipsum
3414 2322 3703 2376 referrent.

2162 2410 2304 2465 Idem
2344 2424 2480 2464 anno
2502 2408 2625 2489 “L97,
2648 2409 2915 2465 tricesimo
2959 2409 3161 2474 Caroli,
3189 2426 3283 2464 xui
3311 2409 3424 2463 Kal.
3453 2408 3705 2463 Januarii

2165 2496 2520 2555 Theudaldum
2541 2497 2805 2561 comitem,
2826 2496 3054 2552 Giselam
3073 2511 3307 2552 sororem
3325 2497 3509 2552 Caroli
3529 2496 3703 2567 Magni

2166 2587 2283 2651 799,
2310 2596 2364 2641 et
2384 2587 2735 2655 Neveiongum
2768 2587 2992 2642 nobilem
3038 2586 3352 2642 Hasbanium
3375 2588 3507 2650 805.
3540 2590 3701 2643 bene-

2166 2675 2292 2728 licos
2313 2681 2558 2742 expertus
2580 2682 2661 2728 est
2687 2672 2863 2743 (Prob.
2890 2673 3027 2726 Hist.
3067 2672 3122 2728 S.
3150 2674 3328 2738 Diom,
3357 2690 3409 2727 n.
3436 2673 3534 2736 66,
3559 2674 3628 2728 65
3649 2683 3701 2728 et

455 2824 461 2831 ~
541 2765 657 2817 bus.
695 2761 960 2849 Eumdem-
979 2761 1154 2814 laudat
1194 2759 1653 2849 Alcuinusicarnt.
1688 2759 1807 2849 HT)
1837 2760 1905 2849 ob
1932 2759 2067 2849 cibo-
2105 2843 2138 2849 “
2167 2762 2272 2834 66).
2297 2762 2530 2817 Mortuus
2558 2764 2789 2817 creditur
2817 2761 3095 2849 Fardplfus
3126 2778 3263 2819 anno
3299 2764 3548 2833 sequenti
3576 2763 3699 2830 806,

540 2852 673 2903 rium
717 2849 783 2903 ab
821 2863 885 2903 eo
938 2847 1132 2902 factum
1167 2849 1221 2903 in
1249 2846 1359 2903 atde
1406 2846 1738 2918 Dionysiana.
1768 2846 2068 2903 Fardulfurn
2103 2843 2142 2902 Β
2170 2852 2252 2905 die
2270 2850 2340 2905 22
2365 2851 2676 2906 decembris.
2704 2851 2869 2920 ipsius
2894 2843 3233 2922 epitaphium,
3254 2853 3411 2922 quale
3435 2855 3696 2922 sequitur,

542 2938 764 2991 ascitum
793 2952 821 2989 a
856 2936 1040 2991 Carolo
1071 2938 1316 2993 comitem
1346 2939 1399 2990 in
1428 2936 1846 3006 expeditionibus
1872 2938 2069 2993 bellicis

543 3025 809 3077 Saxonum
846 3025 1113 3078 adnotavit
1140 3026 1550 3094 manuscriptum
1586 3034 1737 3080 vetus
1782 3023 2068 3095 Sandiony-

543 3115 745 3166 sianum
770 3112 851 3166 bis
877 3114 1051 3167 verbis
1093 3131 1107 3166 :
1149 3131 1171 3163 ί
1194 3108 1685 3183 ϐανοιιιείΜθειιιις,
1722 3129 1841 3169 cum
1875 3114 2069 3168 bellum

542 3200 793 3256 adversus
841 3201 1075 3257 Saxones
1120 3202 1345 3257 mirabili
1377 3203 1632 3256 industria
1679 3203 2070 3259 administraret

546 3292 626 3344 sui
656 3293 933 3360 praesentia
960 3332 972 3354 ,
1015 3290 1313 3345 Fardulfum
1338 3291 1396 3344 Β.
1421 3290 1651 3362 Dionysii
1672 3292 1911 3346 abbatem
1941 3296 2077 3347 inter

544 3381 675 3434 alios
696 3420 711 3442 ,
756 3381 845 3450 qui
872 3380 937 3433 ad
970 3378 1237 3435 ferendum
1267 3380 1468 3448 pondus
1498 3380 1687 3450 praelii,
1714 3391 1766 3435 et
1791 3381 1962 3450 gentis
1990 3395 2079 3434 au-

2169 2956 2199 2994 e
2226 2941 2579 3008 manuscripto
2604 2941 2784 2995 codice
2804 2941 3129 2997 bibliothecae
3155 2943 3566 2997 eminentissimi
3587 2957 3701 2997 car-

2170 3031 2359 3084 dinalis
2385 3028 2628 3084 Ottoboni
2652 3032 2789 3085 eruit
2811 3040 2989 3086 noster
3019 3032 3338 3097 Felibianus,
3371 3042 3427 3087 et
3455 3034 3700 3088 Historia

2172 3120 2596 3191 Sandionysianm
2615 3121 2818 3175 attexit.

2294 3210 2520 3270 Ecclesia»
2538 3209 2726 3270 Acutior,
2750 3209 2909 3270 largus
2932 3211 3181 3260 miseratur
3204 3224 3417 3269 egenum

2303 3278 2307 3283 ‘
2356 3268 2600 3317 Fardulfus
2621 3268 2788 3324 fttrrat.
2813 3268 2897 3317 line
2915 3273 3037 3329 jacet
3065 3274 3108 3318 in
3135 3268 3311 3321 tumulo
3333 3287 3347 3323 :

2297 3329 2346 3377 In
2371 3332 2454 3376 bac
2476 3330 2579 3377 aede
2601 3328 2690 3377 Dei
2713 3331 2812 3378 tollt
2833 3328 3124 3387 quinomine
3147 3331 3275 3381 claro

2357 3388 2570 3437 .Etertits
2592 3393 2768 3439 meruit
2788 3390 3005 3438 laudibus
3029 3401 3085 3439 ae
3106 3395 3343 3452 precibus.

1402 3647 2075 3760 FARDULFI
2165 3651 2824 3769 CARMINA.

1475 3839 1630 3898 (.\ptttl
1654 3837 1714 3886 D.
1737 3839 1994 3902 BouqueL,
2022 3844 2208 3893 Πιραεὶί
2232 3844 2311 3896 rm
2338 3845 2479 3906 Hist,
2519 3856 2634 3898 tom.
2658 3848 2742 3912 Υ.)

1896 3972 2315 3988 -—————.—__

801 4164 982 4220 Versus
1018 4167 1073 4219 ὅ.
1099 4164 1331 4232 Dionysii
1358 4162 1547 4215 a'dibus
1576 4163 1824 4231 inscripti.

545 4276 780 4331 Culmina
809 4274 1043 4328 cernenti
1082 4272 1264 4327 lectori
1294 4272 1466 4324 littera
1488 4285 1698 4339 prome;

613 4360 889 4417 Fardulfus
921 4359 1106 4415 Carolo
1131 4359 1361 4414 condidit
1385 4360 1485 4413 ista
1516 4372 1630 4413 suo.

544 4454 706 4517 Quem
728 4451 1008 4518 quondam,
1037 4450 1262 4521 promise
1287 4447 1457 4503 fuerat
1486 4448 1607 4502 dum
1629 4454 1835 4517 sceptra
1857 4458 2066 4502 secutus

610 4539 810 4603 Gentis,
840 4539 893 4591 in
914 4540 1160 4592 adversas
1187 4536 1292 4590 fata
1315 4536 1481 4591 tulere
1500 4537 1629 4590 vias.

540 4630 782 4682 Attamen
809 4627 895 4681 hic
915 4625 1034 4682 tidei
1059 4626 1282 4703 dominis
1304 4625 1529 4679 servavit
1552 4625 1821 4703 honorem,

614 4715 707 4770 liis
728 4714 871 4784 regni
900 4714 1138 4782 quamvis
1162 4698 1346 4767 ultima
1372 4721 1508 4769 meta
1535 4698 1688 4769 foret.

546 4802 780 4858 Tandem
810 4801 1031 4857 rectoris
1049 4800 1220 4856 Garuli
1247 4798 1487 4856 felicibus
1512 4804 1675 4856 armis

616 4890 803 4954 Cessit,
831 4898 885 4944 et
911 4890 966 4943 in
988 4888 1172 4945 melius
1192 4888 1301 4945 fors
1322 4890 1421 4945 sibi
1448 4891 1606 4945 cessit
1644 4890 1761 4944 iter.

544 4978 676 5041 Huic
711 4992 918 5047 quoque
950 4976 1072 5032 dum
1112 4989 1137 5018 ι
1167 4977 1286 5032 fidei
1315 4977 1540 5034 salvaret
1564 4992 1781 5032 munera
1813 4980 1942 5049 regi,

610 5066 722 5120 Rex
747 5066 844 5120 sibi
873 5065 1151 5133 praecelsus
1179 5065 1402 5134 plurima
1430 5066 1562 5120 dona
1597 5064 1759 5120 dedit.

542 5161 685 5213 inter
712 5171 829 5227 quae
854 5158 1019 5212 sancti
1055 5156 1270 5229 Dionysi
1290 5167 1461 5211 rector
1487 5165 1545 5210 ut
1568 5158 1699 5212 sulm

614 5246 793 5302 Fieret
820 5244 1032 5301 indulsit
1055 5246 1303 5315 paciﬁcus
1322 5245 1559 5303 Carolus.

615 5386 641 5412 η
679 5370 829 5436 Quod
850 5374 915 5427 de
942 5388 1035 5427 sua
1063 5374 1116 5427 in
1155 5374 1396 5430 Caroium
1426 5378 1526 5431 lidc
1551 5388 1953 5440 commemorat,
2006 5382 2068 5433 ad

546 5441 749 5514 Pippini
776 5442 938 5514 nostri
958 5444 1365 5512 coniurationem
1388 5445 1761 5499 conferendum
1790 5456 1888 5507 est,
1913 5461 2067 5514 quam

550 5530 576 5562 ιλ
606 5506 847 5563 Fartlulfo
869 5506 1147 5573 detectum,
1173 5521 1222 5566 et
1248 5513 1544 5584 Dionysiani
1571 5515 1794 5569 Annales
1818 5506 2065 5579 indicant,

2171 4052 2313 4106 llunc
2338 4056 2658 4113 benefactori
2683 4064 2975 4116 construxit
3002 4067 3250 4132 providus
3274 4067 3466 4135 cedem,

2236 4140 2289 4194 in
2312 4158 2415 4211 qua
2444 4161 2563 4199 cum
2592 4145 2801 4202 famulis
2821 4152 3042 4218 gaudeat
3071 4153 3181 4221 ipse
3211 4158 3340 4212 suis.

2093 4253 2138 4313 ο
2168 4226 2281 4296 ipse
2308 4232 2417 4287 suis
2446 4236 2611 4290 servis
2630 4277 2644 4301 ,
2671 4235 2787 4291 ﬁdei
2815 4255 2945 4307 quos
2974 4241 3177 4296 vincula
3202 4254 3420 4301 nectunt
3438 4287 3455 4312 ,

2235 4316 2491 4375 Lmtitiam
2510 4324 2751 4393 princeps
2772 4330 3003 4394 praebeat
3036 4332 3377 4402 armipotens.

2165 4404 2314 4461 More
2336 4416 2508 4463 tamen
2543 4419 2776 4466 veterum
2806 4432 3119 4486 consurgere
3152 4420 3309 4487 jussit
3334 4437 3564 4481 avorum

2233 4495 2490 4559 Culmina.
2515 4500 2821 4569 praefulgent
2846 4508 2982 4573 regis
3008 4507 3206 4562 honore
3233 4511 3422 4567 domus
3455 4532 3469 4566 :

2173 4580 2236 4634 ’ἐι
2270 4585 2474 4650 quoties
2508 4587 2651 4655 regni
2676 4591 2926 4656 praeclara
2958 4594 3151 4661 palatia
3181 4596 3391 4664 lustrat,

2238 4673 2463 4728 Fardulﬁ
2490 4673 2667 4731 famuli
2694 4680 2760 4733 sit
2791 4696 2991 4736 memor
3020 4684 3104 4738 ille
3132 4687 3231 4739 sui.

2778 4776 2789 4787 ’
2894 4793 2952 4847 n.

2640 4899 2738 4951 Alii
2763 4897 3002 4969 Fardulﬁ
3038 4919 3223 4958 tersus.

2171 4981 2316 5038 Hauc
2358 4986 2467 5048 tibi,
2496 5001 2787 5054 prmcursor
2813 4989 3052 5054 Domini,
3092 4992 3371 5049 Fardulfus
3392 4998 3637 5066 opimam

2170 5075 2409 5130 Condidit
2434 5086 2672 5130 ornatam
2702 5078 2890 5145 divinis
2916 5082 3140 5138 cultibus
3168 5087 3371 5147 aulam,

2173 5164 2300 5218 Vota
2330 5165 2425 5219 tibi
2452 5164 2700 5229 reddens,
2731 5168 2945 5237 supplex
2970 5185 3085 5237 qua:
3109 5183 3321 5228 voverat
3349 5174 3508 5244 olim.
3592 5162 3631 5207 ί

2172 5251 2351 5305 Exsilii
2378 5253 2602 5322 primum
2630 5256 2787 5322 coepit
2815 5257 2937 5310 dum
2967 5274 3120 5315 nosse
3150 5260 3403 5317 laborem.

2171 5392 2223 5435 et
2248 5382 2458 5452 disertis
2494 5381 2673 5452 verbis
2716 5383 2765 5436 in
2806 5384 3066 5441 Chronico
3112 5398 3332 5445 testatur
3359 5392 3703 5452 Einhardbus

2169 5465 2305 5529 anno
2334 5450 2451 5505 792.
2484 5451 2792 5506 Smnosnrs.
2839 5483 2907 5495 —-
2948 5454 3086 5509 Obiit
3134 5456 3412 5515 Fardulfus
3435 5450 3701 5522 nuncid“

2172 5528 2255 5571 aut
2282 5528 2602 5589 insequente.
