3886 6228
201 424 282 478 ειι
1181 424 1262 476 ΒΕ
1303 424 1861 481 RESTAURATIONE
1902 428 2056 484 MON.
2097 427 2378 482 CENTUL.

3246 431 3348 486 842

198 533 370 611 viginti
398 545 562 610 annos
583 544 972 611 omnemoratn
1004 531 1726 611 maritimainhiuccndiiera-
1758 543 1796 595 Α
1829 535 2148 611 honorabilis
2205 535 2635 611 vir“posteritati
2700 535 2994 611 consulens,
3049 540 3347 611 catalogum

232 601 328 653 inis
382 601 630 665 omnique
680 599 1004 651 crudelitatis
1052 613 1241 667 genere
1283 601 1571 652 al‘ticerent‘.
1612 601 1722 652 Erit

199 617 367 719 iiirsan
393 667 481 719 nui
512 667 710 719 dubitet
737 682 800 718 an
838 667 1123 719 Nitbardus
1168 665 1500 719 Centulensis
1545 683 1722 719 mona-

218 670 367 720 ‘orsan
393 667 481 733 qui
512 667 710 719 dubitet
737 682 800 718 an
838 665 1123 720 Nitbardtts
1168 665 1500 720 Centulensis
1545 683 1722 720 mona-

199 736 339 789 sterii
371 736 537 787 abbas
589 733 764 793 fuerit,
815 751 877 788 eo
927 735 1408 803 quodin_quodam
1458 737 1722 803 rhythmo,

198 819 346 870 quem
374 803 757 870 Angelramnus
793 801 954 855 abbas
983 801 1314 855 Centulensis
1363 801 1722 870 derabbatibus

197 869 611 924 antecessoribus
667 873 776 922 suis
821 873 972 924 annis
1024 877 1234 922 centum
1273 878 1392 921 ante
1427 869 1720 922 Hariulfum

197 939 439 996 condidit.
479 940 704 991 omissus
732 939 800 990 sit
826 937 1125 991 Nitbardus.
1167 936 1301 988 Audi
1351 936 1643 990 l'iariulfum
1669 939 1719 989 in

199 1005 281 1056 lib.
313 1021 384 1066 tv,
409 1021 527 1074 cap.
556 1006 641 1069 17,
689 1016 928 1074 agentem
979 1004 1045 1058 de
1068 1004 1420 1072 Angclramno
1444 1022 1456 1055 :
1482 1022 1509 1055 Α
1540 1006 1588 1058 ls
1617 1006 1728 1070 ipse

884 1093 1010 1159 Quae
1031 1100 1314 1147 occurrunt
1341 1093 1608 1145 memoriae

886 1161 1214 1214 Centunensis
1237 1161 1458 1213 cmuobii

890 1229 1003 1306 Pra:
1024 1228 1269 1306 omnibus
1295 1231 1536 1306 egregius

888 1297 944 1349 lit
973 1299 1070 1348 hac
1091 1295 1209 1346 villa
1228 1295 1552 1362 progenitus,

888 1363 1167 1418 Ocioaldus
1191 1363 1444 1429 sequitur.

1832 603 2182 676 rhythmicum
2203 603 2541 676 de_Patribus
2585 605 2750 676 sancti
2782 605 3083 676 bujusloci,
3113 603 3352 676 nonqui-

1826 671 1941 722 dem
1982 687 2166 724 omnes
2187 671 2484 739 designans,
2515 671 2604 723 sed
2634 671 2995 727 tantummodo
3023 674 3136 728 illos
3158 671 3352 731 memo-

1827 752 1952 809 rans
1975 753 2199 806 quorum
2222 740 2442 809 nomina
2462 739 2545 792 vel
2569 740 2783 802 chartm,
2813 740 2894 793 vel
2923 744 3166 808 qua-libet
3195 744 3352 809 pitta-

1823 807 1955 858 ciola
1994 809 2258 859 insinuare
2311 808 2638 869 videbantur,
2691 809 2769 860 vel
2825 807 2982 862 etiam
3036 811 3146 862 \‘ita
3189 807 3353 863 sancti

1826 871 2059 945 llicliarii
2108 874 2403 945 specialiter
2442 874 2770 945 notiﬁcabat.
2814 875 2965 945 (Qua:
3001 888 3280 945 sequuntur
3305 880 3357 929 in

1822 942 1968 994 editis
1992 941 2215 1010 desum.)
2260 943 2480 1010 Scripsit
2509 953 2681 997 autem
2705 944 2758 995 in
2785 941 2925 997 hunc
2946 941 3176 998 modum.

1745 1120 1814 1131 -—
1850 1090 1997 1143 Licet
2025 1104 2128 1141 non
2155 1089 2260 1142 sint
2284 1090 2334 1143 in
2355 1090 2558 1154 ordine,
2639 1120 2643 1124 ’

1744 1188 1814 1198 —-—
1845 1157 2101 1210 Abbatunt
2127 1158 2300 1211 scribo
2323 1159 2552 1212 nomina.

1744 1256 1813 1265 —
1847 1225 2033 1278 Pastor
2054 1235 2232 1278 noster
2248 1226 2546 1291 Richarius,

1744 1324 1811 1335 —
1851 1293 2058 1362 Primus
2083 1293 2134 1345 iu
2163 1293 2282 1346 albo
2319 1295 2548 1362 ponitur.

1747 1392 1816 1401 -—
1850 1360 2198 1426 Angelbertus
2227 1360 2551 1426 magniﬁcus.

889 1432 1193 1485 Guitmarus
1215 1425 1294 1481 vii-
1326 1430 1706 1482 sanetisstmus.
1746 1459 1817 1469 —
1853 1425 2159 1482 llelisachar
2184 1438 2237 1482 et
2274 1425 2532 1484 Aldricus.

891 1501 1093 1564 Quibus
1132 1497 1350 1551 llerieus
1377 1498 1584 1550 additur

1749 1526 1818 1541 -η
1854 1496 2288 1567 liludoguicuset
2307 1500 2510 1567 regius,

890 1567 1208 1626 llerbertus,
1247 1564 1660 1633 Sympborianus
1747 1595 1816 1604 —
1851 1563 2164 1626 Ruodult‘us,
2193 1563 2594 1633 Karloniattnus.

888 1637 1018 1688 Cum
1045 1632 1298 1687 Guelfoue
1325 1644 1378 1686 et
1401 1632 1719 1697 Hedenoldo,
1754 1663 1822 1673 -—
1856 1633 2145 1685 Gerbertus
2173 1642 2226 1684 et
2248 1632 2587 1695 Fulehericus

887 1704 1012 1756 Post
1037 1701 1363 1769 lngelardum
1387 1702 1544 1767 igitur

889 1770 1067 1824 Sancti
1091 1770 1323 1822 imitator
1358 1769 1558 1821 ordinis

1748 1731 1815 1740 —
1849 1701 2233 1769 Angelramnus
2253 1702 2570 1754 adscribitur

1748 1797 1816 1810 --
1850 1769 1913 1832 Et
1944 1770 2208 1824 studiosus
2235 1769 2440 1822 litteris.

257 1860 378 1913 Haec
407 1860 618 1935 quidem
675 1860 1018 1935 honorabilis_
1037 1859 1441 1935 Angelramnus.
1481 1875 1498 1908 ι
1531 1856 1634 1935 Hic
1648 1870 1736 1910 ca—
1766 1863 1810 1922 Β
1837 1873 1934 1910 nus
1961 1856 2261 1935 Nitliardus,
2295 1858 2619 1935 domnusque
2639 1858 2895 1935 Bibbodo,
2927 1860 3226 1935 Helgaudus
3241 1882 3370 1935 quo-

194 1930 396 1995 talogus
422 1923 522 1982 etsi
551 1937 830 1983 accuratus
853 1943 954 1981 non
978 1929 1065 1991 sit,
1093 1923 1386 1995 dubitandi
1409 1933 1592 1995 tamen
1610 1923 1730 1976 fun-

195 1993 496 2048 damentum
552 1999 746 2065 pra-bet
789 2000 853 2050 de
886 1996 1125 2048 Nithardi
1164 1993 1408 2065 abbatiali
1459 1993 1728 2065 digni'ate.

198 2066 384 2116 Verum
417 2060 876 2119 huic'dubitatioui
906 2065 1140 2119 occurrit
1163 2061 1430 2116 Hariulfus
1466 2060 1631 2114 in’lib.
1659 2077 1729 2121 tv,

196 2148 305 2214 cap.
331 2133 433 2214 _i7,
483 2135 570 2186 ubi
599 2143 714 2214 post
763 2133 910 2213 plura
938 2135 1008 2214 ilia
1032 2132 1330 2214 concludit:
1369 2147 1386 2178 ι
1430 2129 1551 2207 Haac
1579 2129 1736 2214 igitur

194 2196 439 2278 abbatum
471 2196 702 2264 nomina,
739 2196 854 2269 (iure
878 2203 928 2278 in
950 2201 1125 2278 domiti
1157 2198 1496 2278 ﬁngelrampi
1539 2196 1736 2278 scripto

199 2269 380 2330 minus,
415 2270 466 2322 in
489 2280 671 2324 nostro
708 2264 834 2324 vero
853 2269 1057 2338 plenius
1100 2264 1381 2326 habentur,
1410 2265 1460 2318 id
1483 2272 1565 2318 est
1588 2264 1737 2317 dom-

223 2398 328 2411 ..ρ-.-

1835 1941 1938 1994 que
1981 1925 2381 1988 etCoschinus;
2444 1925 2552 1980 duo
2599 1929 2766 1994 prima
2813 1930 2865 1982 in
2908 1925 3138 1986 codicea
3181 1925 3370 1990 Goi-zia

1834 1993 2025 2071 delato,
2058 1995 2274 2071 tertium
2281 2003 2469 2071 autem
2495 1996 2552 2071 in
2572 1993 2900 2071 membr-ginis
2922 2002 3370 2071 nostrigymnasii

1837 2069 2041 2150 chert‘a
2078 2071 2217 2113 sunt.
2250 2061 2474 2150 Natn‘de
2522 2063 2713 2150 domno
2750 2064 3011 2138 Coschino
3055 2061 3203 2137 plura
3231 2072 3368 2150 apud

1835 2126 2162 2206 Gémeticum
2207 2130 2502 2206 coenobium
2555 2131 2748 2198 scripta
2803 2126 3070 2206 tenentur:
3091 2152 3154 2206 ea
3183 2126 3376 2206 quibus

1836 2195 2208 2272 comprobatur
2239 2197 2405 2272 isdem
2426 2201 2508 2251 vir
2543 2195 2877 2265 tam'nostri,
2925 2195 3082 2272 quam
3110 2195 3253 2261 illitis
3276 2208 3370 2260 ab-

1838 2265 1933 2318 bas
1974 2263 2136 2335 fuisse
2155 2263 2275 2318 loci.
2312 2283 2330 2315 ι

619 2488 793 2596 DE
879 2396 2031 2597 RESTAURATlONE
2114 2403 2960 2604 MONASTERii

1421 2687 2134 2765 CENTULENSIS.

1507 2841 1666 2904 (Apud
1692 2805 1893 2900 Mittin,
1919 2841 2057 2902 ibid.)

266 3067 377 3138 Ego
419 3066 761 3134 Angilbertus
798 3061 1139 3115 considerans
1161 3071 1224 3110 ac
1246 3051 1645 3122 diligentissima
1670 3049 1748 3100 in-

199 3158 551 3226 vestigatione
581 3164 635 3209 et
660 3152 850 3207 mentis
885 3149 1073 3204 affectu
1132 3153 1484 3217 pertractans,
1520 3139 1747 3208 qualiter

200 3264 305 3302 una
329 3263 450 3302 cum
479 3257 738 3300 consensu
765 3240 989 3294 fratrum
1015 3251 1250 3290 meorum
1277 3242 1331 3288 et
1361 3232 1596 3285 omnium
1621 3227 1746 3281 ﬁde-

200 3336 327 3390 lium
367 3346 568 3388 sanctae
614 3330 862 3384 Ecclesia:
914 3337 1329 3390 cmterorumque
1362 3323 1616 3375 bonorum
1654 3321 1749 3370 ho-

203 3424 425 3484 minum,
459 3421 598 3473 hunc
627 3423 864 3470 sanctum
893 3415 1084 3477 locum,
1121 3412 1249 3465 mihi
1277 3411 1397 3464 licet
1443 3408 1653 3476 indigno
1682 3405 1747 3456 :t‘b

201 3513 561 3581 omnipotente
588 3507 714 3570 Deo,
743 3513 797 3559 et
821 3501 1262 3558 excellentissimo
1281 3498 1492 3553 domino
1515 3513 1631 3550 meo
1651 3495 1748 3549 Ca-

211 3601 324 3656 rolo
376 3599 718 3655 serenissima
765 3594 1002 3664 Augusto
1027 3605 1050 3632 ι
1076 3592 1143 3645 ad
1178 3589 1575 3660 gubernandum
1602 3601 1748 3639 com-

204 3693 448 3750 missum,
502 3687 787 3740 auxiliante
824 3683 1046 3737 Domino
1091 3682 1144 3734 in
1193 3679 1380 3733 melius
1429 3676 1750 3731 resediﬁcare

204 3778 487 3832 voluissem
511 3794 524 3836 ;
553 3781 614 3831 ut
637 3771 882 3826 monachi
912 3776 964 3824 et
997 3769 1179 3823 czeteri
1206 3765 1388 3820 famuli
1413 3765 1606 3820 ibidem
1627 3779 1743 3816 con-

201 3867 472 3924 sistentes,
501 3863 585 3916 vel
628 3862 788 3915 etiam
826 3872 1161 3914 successores
1210 3856 1396 3917 nostri,
1427 3853 1518 3922 qui
1559 3867 1654 3921 per
1674 3852 1752 3904 di-

200 3966 356 4005 versa
384 3958 682 4018 temporum
735 3948 903 4017 spatia
955 3945 1247 3999 successuri
1271 3948 1446 4006 erunt,
1479 3941 1587 3994 Deo
1609 3941 1750 3993 mili-

177 4049 316 4093 .tare
353 4053 456 4108 pro
484 4052 566 4091 me
593 4044 646 4089 et
673 4050 783 4107 pro,
805 4033 1060 4101 praedicto
1117 4031 1328 4084 domino
1372 4044 1489 4082 meo
1515 4028 1749 4096 ejusdem

203 4128 294 4181 Dei
321 4127 661 4182 clementiam
703 4123 958 4176 attentius
985 4121 1196 4173 valeant
1243 4119 1544 4186 implorare,
1570 4127 1753 4185 quate-

204 4234 304 4270 nus
340 4217 448 4270 illis
474 4214 610 4267 facta
651 4221 830 4266 nostra
873 4213 936 4264 ad
981 4218 1286 4281 perpetuam
1322 4209 1752 4270 consolationem,

204 4306 486 4374 nobisque,
517 4304 604 4372 qui
632 4319 730 4372 pro
753 4303 844 4356 Dei
867 4317 1044 4354 amore
1066 4299 1439 4360 laboravimus,
1467 4297 1752 4350 illis'oran-

1771 3114 1819 3178 (ἶ
1847 3146 1956 3190 tres
1981 3138 2230 3194 ecclesias
2272 3141 2620 3208 principales,
2653 3157 2773 3198 eum
2809 3146 3058 3202 membris
3098 3150 3163 3202 ad
3192 3165 3249 3205 se
3267 3167 3386 3220 per-

1856 3047 2008 3115 hujus
2061 3049 2177 3102 ﬁdei
2228 3053 2483 3105 rationein
2525 3052 2573 3106 in
2625 3055 2994 3122 omnipotentis
3033 3059 3124 3113 Dei
3172 3065 3384 3120 nomine

1849 3226 2150 3290 liuentibus,
2187 3231 2236 3282 in
2271 3231 2371 3285 hoc
2401 3243 2581 3287 sancto
2628 3235 2762 3300 loco,
2793 3237 3014 3292 Domino
3049 3254 3383 3311 cooperante,

1847 3328 1901 3372 et
1927 3324 2176 3389 prtedicto
2232 3327 2442 3380 domino
2497 3327 2731 3398 Augusto
2770 3327 3004 3395 juvante,
3033 3329 3248 3386 fundare
3277 3341 3386 3385 stu-

1850 3408 2059 3464 duimus
2085 3429 2096 3464 :
2127 3428 2346 3480 quarunt
2376 3415 2540 3482 major
2563 3427 2616 3470 et
2641 3419 2809 3486 prima
2851 3426 2929 3478 est
2965 3420 3014 3472 iu
3040 3420 3239 3474 honore
3265 3437 3386 3475 san-

1849 3495 1919 3546 cti
1946 3493 2234 3553 Salvatoris
2259 3510 2310 3553 et
2332 3504 2496 3555 sancti
2526 3503 2758 3557 Ricbarii
2785 3522 2798 3568 ;
2829 3505 2927 3558 alia
2957 3508 3010 3559 in
3039 3507 3238 3562 honore
3259 3523 3378 3561 sau-

1849 3590 1948 3636 ctm
1970 3587 2240 3649 genitricis
2289 3603 2600 3657 semperque
2655 3593 2874 3662 virginis
2900 3593 3077 3647 Mariae
3104 3603 3158 3646 et
3182 3605 3388 3648 sancto-

1851 3686 1966 3723 rum
2008 3676 2396 3742 apostolorum;
2431 3681 2585 3733 tertia
2637 3696 2761 3735 vero
2786 3683 2837 3733 in
2879 3682 3113 3738 claustro
3159 3684 3383 3739 fratrum

1851 3758 1903 3811 in
1931 3761 2131 3816 honore
2184 3767 2348 3818 sancti
2399 3765 2664 3822 Benedicti
2720 3769 2926 3824 abbatis
2955 3759 3021 3823 et
3058 3770 3381 3842 reliquorum

1851 3861 2152 3908 sanctorum
2185 3857 2500 3925 regularium
2523 3859 2802 3928 abbatum;
2833 3875 2948 3928 quae
2982 3861 3142 3914 etiam
3170 3861 3392 3915 miriﬁco

1851 3944 2034 3997 ordine
2061 3945 2313 4001 dedicata:
2342 3959 2463 4002 sunt
2484 3965 2513 4002 a
2535 3952 2923 4005 venerabilibus
2960 3952 3234 4005 duodecim
3263 3967 3371 4006 san-

1852 4035 1951 4087 ctis
1984 4036 2259 4104 episcopis,
2291 4053 2515 4105 quorum
2563 4040 2770 4092 nomina
2823 4041 2890 4095 ob
2919 4042 3307 4098 venerationem
3338 4053 3391 4094 ct

1852 4126 2158 4177 memoriam
2193 4127 2401 4180 illorum
2452 4129 2572 4182 huic
2618 4130 2868 4197 opusculo
2924 4131 3245 4184 adnectenda
3275 4144 3391 4182 esse

1845 4212 2213 4277 judicavimus.
2269 4215 2328 4268 lii
2355 4227 2474 4270 sunt
2505 4217 2891 4286 Megimhardus
2919 4219 3261 4272 Rodomensis
3289 4217 3388 4270 Ec-

1851 4300 2025 4354 clesia:
2057 4302 2197 4355 sedis
2224 4305 2535 4357 venerabilis
2569 4305 3013 4373 archiepiscopus,
3055 4304 3312 4373 Georgius
3337 4307 3380 4361 ι».

203 4399 346 4451 tibus
376 4397 445 4450 ad
480 4396 771 4449 mercedem
799 4393 1075 4461 proﬁciant
1121 4391 1493 4455 sempiternam
1521 4403 1534 4451 ;
1566 4402 1749 4440 secuu-
1782 4413 1828 4469 ι)
1851 4392 2101 4456 Absalon,
2128 4393 2421 4469 Gerfridus,
2455 4394 2632 4456 Pleon,
2675 4395 3064 4462 liildiguardns,
3122 4395 3385 4447 Theodoi-

203 4487 326 4538 dum
355 4485 502 4553 quod
533 4485 668 4536 ratio
713 4482 970 4550 permisit,
1003 4488 1057 4533 et
1102 4479 1424 4547 possibilitas
1447 4486 1623 4531 nostra
1656 4478 1748 4530 ad-

205 4572 556 4633 ministravit,
610 4585 713 4623 non
779 4580 952 4623 tamen
1007 4580 1260 4636 quantum
1327 4567 1604 4625 voluimus,
1664 4565 1753 4618 sed

205 4667 465 4727 quantum
511 4658 857 4718 occurrimus,
911 4656 1046 4709 sicut
1077 4657 1126 4709 in
1155 4656 1494 4724 sequentibus
1522 4655 1756 4708 declara-

204 4757 311 4812 tur,
343 4749 590 4801 laborarc
619 4746 939 4798 curavimus.

277 4833 417 4900 Quia
442 4834 601 4902 igitur
621 4834 794 4886 omnis
821 4832 966 4900 plebs
999 4831 1230 4884 ﬁdelium
1261 4831 1647 4884 sanctissimam
1678 4839 1757 4882 at-

207 4941 310 4995 que
341 4923 747 4992 inseparabilem
777 4923 1088 4975 Trinitatem
1138 4922 1397 4983 conﬁteri,
1441 4921 1680 4974 venerari
1707 4931 1756 4973 et

207 5021 390 5068 mente
425 5012 619 5075 colere,
651 5011 975 5078 ﬁrmiterque
1019 5014 1234 5065 credere
1262 5012 1434 5075 debet,
1470 5011 1756 5065 secundum

276 5155 301 5181 ι
347 5142 486 5195 Hinc
531 5150 674 5208 patet
735 5142 1138 5194 instrumentum
1191 5143 1326 5196 istud
1373 5142 1759 5195 confertumah

207 5211 529 5280 Angitberto
559 5208 720 5280 fuisse
753 5220 868 5280 post
893 5226 1088 5263 annum
1117 5211 1626 5280 octingentesimum,
1656 5226 1760 5276 quo

206 5286 442 5333 exeunte
480 5277 702 5330 Carolus
751 5279 1018 5344 Augustus
1062 5281 1233 5333 dictus
1267 5277 1656 5345 coronatusquc
1681 5290 1761 5330 est

211 5347 401 5399 Roma:
431 5347 482 5398 in
511 5345 679 5398 Natali
711 5345 935 5398 Domini.

279 5416 307 5454 h
348 5414 430 5466 Ex
462 5415 544 5466 bis
595 5415 872 5482 episcopis,
930 5424 1120 5483 prmter
1167 5415 1758 5484 111εείηιῖιίιιηιίιιιιικιιιὶιιι

211 5491 424 5536 tantum
451 5490 598 5535 certo
627 5485 734 5535 noti
785 5493 907 5535 sunt
933 5484 1088 5536 Pleon
1113 5483 1557 5551 Novimnagensis,
1589 5483 1758 5534 Theo—

213 5552 410 5604 doinns
450 5551 864 5612 Taruennensis,
915 5552 1283 5618 Ilildiguardus
1328 5569 1415 5604 seu
1448 5553 1528 5603 llil
1555 5566 1760 5601 :oarnis

197 5619 588 5672 'Atrebatensis
630 5627 681 5670 et
730 5619 1145 5672 Camaracensis.
1191 5621 1264 5673 Ex
1324 5622 1438 5672 aliis
1490 5622 1664 5671 nescio
1696 5637 1761 5670 an

213 5687 481 5755 Georgius
526 5688 681 5738 fuerit
725 5688 1108 5741 Ambinnensis.
1144 5698 1194 5741 et
1245 5689 1553 5740 Benedictus
1591 5689 1759 5740 Argia;-

543 5776 805 5840 PATROL.
854 5777 1073 5836 XCIX.

1856 4493 1972 4540 nus,
2020 4468 2327 4534 Ydelmarus
2369 4480 2508 4550 (Leu.
2559 4481 2930 4552 llidelmarus].
2980 4481 3312 4543 Benedictus,
3341 4490 3392 4533 ct

1855 4567 2102 4622 Kellanus
2145 4569 2529 4636 praeclarissimi
2566 4570 2793 4637 episcopi
2825 4588 2835 4620 :
2903 4568 3130 4622 Joannes
3177 4584 3302 4621 vero
3334 4577 3386 4621 et

1855 4657 2103 4713 Passivus
2123 4670 2314 4714 sanctae
2351 4660 2440 4713 Dei
2465 4661 2712 4712 Romanae
2763 4661 3011 4716 Ecclesiae
3056 4659 3231 4728 legati,
3260 4674 3392 4727 pra:-

1856 4747 1995 4801 sules
2041 4749 2371 4802 nobilissimi.
2410 4749 2542 4802 Nam
2593 4751 2756 4804 altare.
2803 4751 2970 4802 sancti
3001 4747 3306 4810 Salvatoris,
3340 4751 3389 4801 in
3459 4796 3476 4818 ,

1855 4850 1960 4901 quo
1983 4836 2164 4902 posita:
2189 4845 2309 4889 sunt
2349 4837 2578 4903 reliquiae
2605 4836 2717 4902 ejus
2739 4845 2790 4889 et
2816 4847 3113 4890 sanctorum
3143 4837 3394 4889 lnnoccn»

1859 4925 2011 4985 tium,
2051 4924 2138 4990 qui
2168 4939 2262 4990 pro
2292 4939 2354 4977 eo
2383 4924 2520 4990 passi
2544 4934 2664 4976 sunt
2693 4941 2706 4987 ;
2737 4933 2789 4978 et
2812 4925 2976 4978 altare
3002 4925 3169 4978 sancti
3199 4924 3392 4978 Richa—

1859 5005 1945 5077 rii,
1974 5014 2026 5065 in
2052 5027 2155 5080 quo
2189 5021 2314 5065 sunt
2338 5011 2571 5079 reliquiae
2600 5021 2796 5066 sancte
2821 5012 3091 5080 genitricis
3139 5012 3314 5064 Mariae
3339 5026 3391 5066 et

1858 5145 2102 5213 gavensis
2137 5137 2483 5213 Gcrfridus__is
2510 5137 2634 5213 mihi
2659 5140 2881 5213 videtur,
2908 5155 3061 5213 quem
3097 5141 3273 5213 laudat
3301 5142 3389 5194 Αι-

1859 5209 2045 5266 cuinus
2069 5213 2118 5262 in
2149 5211 2380 5262 carmine
2408 5209 2495 5272 50,
2527 5211 2611 5260 ubi
2641 5211 2914 5275 episcopus
2943 5211 2992 5260 in
3020 5209 3238 5262 ecclesia
3261 5224 3392 5275 qua-

1859 5283 1978 5333 dam
2010 5281 2173 5332 beata:
2224 5278 2397 5329 Mariae
2443 5293 2589 5330 sacra
2633 5277 2790 5329 fuisse
2830 5286 3170 5337 memoratur,
3215 5275 3393 5328 forsan

1861 5351 1910 5400 in
1954 5348 2322 5399 Laudunensi:
2369 5346 2516 5411 cujus
2554 5348 2690 5397 sedis
2716 5346 3076 5412 episcoporum
3117 5344 3281 5396 series
3330 5357 3392 5394 ac

1863 5427 2068 5482 tempus
2097 5415 2384 5484 regiminis,
2415 5429 2596 5484 eorum
2625 5414 2822 5484 scilicet
2842 5415 2928 5480 qui
2950 5424 3222 5484 o_ctavo__ac
3252 5426 3388 5484 nono

1861 5479 2051 5537 Sil'CiliO
2087 5479 2349 5542 vix'eruut,
2390 5482 2580 5548 corrigi
2610 5482 2764 5533 debet
2789 5479 3080 5533 ex’dualous
3123 5479 3389 5548 llincntari

1861 5554 2174 5606 Rhctncnsis
2223 5550 2506 5618 epistolisn
2539 5547 2653 5615 quae
2709 5551 2758 5601 in
2804 5549 3093 5601 Lablieauze
3147 5547 3395 5602 editionis

1862 5621 2212 5675 Conciliorum
2241 5617 2382 5671 temo
2404 5617 2509 5670 VIII
2538 5633 2718 5670 recens
2747 5619 2965 5684 vulgatae
2989 5625 3127 5668 sunt.

2902 5773 2970 5828 ‘27
