3886 6228
544 345 642 397 8ιῦ

1467 340 1522 394 S.
1562 335 2026 391 A‘NGILBERTUS
2073 335 2274 387 «uuas
2322 331 2800 392 CEN'I'ULENSIS.

3597 343 3662 392 ες
3673 346 3704 390 γι

543 455 773 520 ejusdem
804 453 969 506 sancti
1000 452 1230 505 ilicharii
1256 468 1267 513 ;
1298 452 1459 503 altare
1485 449 1648 502 sancti
1681 447 1839 507 Petri,
1874 446 1923 496 in
1953 457 2056 510 quo
2091 445 2128 498 Λ
2160 441 2299 493 mino
2326 454 2638 509 coopermte
2685 459 2800 512 qua:
2846 447 3098 500 hactenus
3145 451 3544 517 conspiciuntur
3570 470 3705 506 con-

545 541 778 609 reliquim
822 539 934 606 ejus
961 546 1013 592 et
1063 540 1229 591 sancti
1261 538 1405 590 Pauli
1435 537 1705 602 sanctique
1741 531 2059 590 Clementis;

542 631 707 684 altare
734 629 898 683 sancti
920 627 1134 680 Joannis
1164 626 1424 693 Baptista},
1463 626 1512 678 in
1539 639 1641 692 quo
1673 621 1903 689 reliquiae
1928 619 2062 686 ejus,

543 731 594 773 et
615 717 887 774 Zachariae
910 716 1078 784 patris
1124 715 1319 783 ipsius;
1352 713 1518 767 altare
1571 711 1737 766 sancti
1791 706 2062 775 Stephani,

543 814 593 863 in
622 825 723 878 quo
751 807 980 874 reliquia:
1023 805 1137 872 ejus
1171 815 1223 858 et
1250 803 1534 866 Simeonis,
1589 803 1673 869 qui
1715 799 1988 853 Dominum
2012 795 2063 862 in

543 901 694 952 ulnas
720 896 984 962 suscepit;
1017 896 1182 947 altare
1216 893 1382 947 sancti
1429 892 1682 956 Quiutini,
1715 890 1766 941 in
1809 902 1912 956 quo
1939 885 2062 938 reli-

542 987 674 1052 qui-.e
700 987 812 1053 ejus
839 993 891 1037 et
915 991 1212 1036 sanctorum
1265 980 1490 1050 Crispini
1518 989 1570 1032 et
1595 977 1906 1046 Crispiniani
1939 993 1951 1026 :
1984 975 2064 1027 al-

541 1082 654 1126 tare
678 1080 876 1126 sancta:
920 1063 1122 1131 Crucis,
1148 1070 1198 1122 in
1224 1083 1326 1135 quo
1352 1068 1585 1136 reliquia:
1614 1067 1737 1133 ligni
1765 1066 1925 1132 ipsius
1951 1104 1963 1124 ,
1995 1063 2065 1115 ai-

474 1211 486 1218 .
542 1165 653 1214 tare
679 1161 846 1214 sancti
883 1159 1131 1227 Dionysii,
1159 1160 1207 1211 in
1234 1172 1336 1226 quo
1364 1156 1596 1224 reliquiae
1621 1156 1752 1224 ejus,
1783 1153 1981 1206 Rustici
2011 1161 2063 1205 et

541 1249 824 1304 Eleutherii
852 1264 867 1311 ;
899 1248 1064 1300 altare
1117 1248 1280 1299 sancti
1329 1242 1584 1306 Mauricii,
1616 1245 1666 1296 in
1694 1259 1795 1309 quo
1834 1240 2064 1307 reliquiae

541 1338 678 1404 ejus,
718 1337 990 1404 Exsuperii
1035 1343 1086 1388 et
1107 1334 1323 1387 Candidi
1352 1349 1364 1397 ;
1396 1333 1559 1384 altare
1579 1331 1743 1384 sancti
1775 1331 2062 1389 Laurentii,

540 1429 590 1480 in
628 1441 733 1494 quo
781 1425 1012 1492 reliquite
1059 1425 1191 1489 ejus,
1245 1421 1539 1476 Sebastiani
1585 1430 1638 1474 et
1681 1418 1977 1479 Valeriani;
2012 1425 2063 1470 ct

539 1515 706 1569 altare
736 1515 898 1568 sancti
926 1513 1150 1574 Martini,
1179 1513 1228 1563 in
1253 1526 1356 1578 quo
1383 1510 1614 1576 reliquiae
1641 1509 1772 1576 ejus,
1803 1518 1853 1559 ct
1882 1506 2064 1560 Reme-

537 1605 628 1668 dii,
686 1603 914 1665 \‘edasti,
974 1601 1219 1662 Metlardi,
1279 1597 1559 1661 Gualarici,
1614 1597 1764 1664 Lupi,
1819 1595 2061 1654 Servatii,

535 1690 783 1745 Germani
809 1697 963 1758 atque
990 1685 1159 1754 Eligii.
1192 1687 1245 1738 lu
1280 1685 1500 1740 ecclesia
1550 1700 1672 1736 vero
1699 1684 1864 1736 sancti
1895 1682 2060 1733 Bene-

2164 535 2381 591 strueta,
2421 529 2571 583 sicuti
2619 541 2922 596 cernuntur,
2951 537 3176 588 omniaa
3206 537 3565 593 fundamentis
3588 553 3704 594 stu-

2163 615 2370 667 iluimus
2422 618 2757 680 recediiicare,
2806 630 2943 674 etut
2989 623 3311 679 habitatores
3362 628 3502 682 illius
3559 619 3614 683 in
3639 645 3706 682 eo

2163 702 2439 757 missarum
2468 704 2717 759 solemnia
2745 706 3099 775 frequentare,
3136 723 3192 765 et
3213 715 3562 783 omnipotenti
3595 719 3706 770 De-

2163 791 2303 843 mino
2335 789 2659 847 delectentur
2703 795 2988 861 deservire,
3039 799 3156 868 ipso
3205 801 3508 870 adjuvante,
3541 822 3707 858 mum

2161 881 2460 936 curavimus
2485 882 2705 936 firmiter
2735 885 2953 940 ambire.
3201 899 3204 904 '

2229 992 2361 1046 Dum
2382 994 2520 1046 enim
2552 989 2888 1063 prteseriptas
2927 999 3178 1054 ecclesias
3199 1002 3442 1071 prudenti
3471 1008 3646 1059 consil
3674 1023 3705 1055 τι

2162 1079 2213 1133 in
2243 1081 2439 1134 honore
2492 1081 2693 1136 Demini
2723 1086 2890 1138 nostri
2936 1085 3059 1142 Jesu
3080 1087 3300 1153 Christi,
3327 1107 3541 1160 sumque
3586 1097 3704 1162 glo-

2163 1167 2314 1221 riosa:
2357 1167 2645 1237 genitricis,
2687 1178 2740 1222 et
2763 1172 2995 1225 omnium
3024 1183 3324 1229 sanctorum
3375 1177 3508 1245 ejus,
3558 1181 3704 1232 sicut

2161 1270 2314 1322 supra
2341 1256 2592 1324 scriptum
2633 1267 2733 1320 est,
2764 1257 3008 1313 fundatas
3033 1256 3469 1330 perspicerem‘us,
3501 1281 3707 1336 magno

2160 1344 2416 1397 desiderio
2449 1345 2714 1414 nimioque
2759 1349 2954 1402 amoris
2999 1351 3185 1405 ardore
3229 1368 3411 1408 sumus
3458 1359 3702 1415 accensi,

2161 1441 2216 1486 ut
2235 1435 2519 1488 secundum
2541 1435 2942 1502 possibilitatem
2969 1447 3224 1504 nostram,
3254 1443 3438 1506 eodem
3467 1443 3706 1498 Domino

2160 1525 2462 1588 miserante,
2506 1533 2712 1592 partem
2773 1527 3108 1594 reliquiarum
3147 1528 3354 1584 illorum
3383 1543 3703 1586 sanctorum

2162 1611 2225 1663 ad
2252 1611 2515 1665 ornandas
2561 1611 2771 1666 easdem
2821 1622 3033 1667 sanctas
3077 1615 3168 1670 Dei
3194 1611 3445 1674 ecclesias
3469 1621 3704 1688 adipisci

2162 1714 2501 1754 mereremur.
2551 1700 2878 1769 Quapmpter
2915 1704 3036 1756 totis
3075 1705 3274 1759 viribus
3305 1715 3517 1777 totaque
3539 1725 3701 1763 men—-

533 1777 660 1831 dicti
688 1777 852 1829 altare
892 1776 1073 1844 ipsius,
1105 1776 1154 1825 in
1177 1788 1280 1840 quo
1307 1779 1429 1824 sunt
1471 1770 1702 1837 reliquiae
1730 1769 1859 1836 ejus,
1887 1777 1940 1821 et
1957 1767 2062 1830 An-

2163 1789 2227 1841 tis
2253 1789 2539 1842 intentione
2563 1765 2803 1843 laborare
2829 1792 3211 1855 contendimus,
3240 1765 3467 1862 qualiter
3485 1811 3585 1864 per
3607 1814 3705 1848 au-

535 1863 662 1916 tonii
687 1865 740 1917 et
759 1861 1064 1916 Columbani
1088 1877 1101 1922 ;
1133 1859 1298 1912 altare
1339 1858 1505 1912 sancti
1535 1857 1853 1926 Hieronymi,
1881 1857 1929 1908 in
1958 1871 2061 1924 quo

535 1958 660 2006 sunt
711 1950 944 2016 reliquiae
987 1947 1123 2015 ejus,
1154 1946 1379 2014 Ephrem
1405 1956 1455 2000 et
1484 1945 1704 2014 quuitii
1732 1957 1755 1984 α
1783 1961 1797 2008 ;
1828 1953 1880 1997 et
1900 1944 2062 1996 altore

537 2041 704 2096 sancti
735 2039 996 2108 Gregorii,
1023 2038 1074 2089 in
1113 2052 1216 2104 quo
1245 2036 1475 2103 reliquiae
1504 2035 1634 2102 ejus,
1658 2035 1869 2088 Eusebii
1890 2044 1942 2087 et
1971 2033 2062 2085 lsi-

537 2131 652 2187 dori
679 2147 694 2195 ;
719 2131 786 2185 ab
815 2128 1011 2183 eisdem
1050 2127 1159 2193 jam
1191 2126 1346 2179 dictis
1368 2123 1698 2177 electissimis
1726 2122 1854 2174 viris
1879 2121 2061 2179 condi-

533 2234 635 2289 gne
683 2233 746 2272 ac
781 2216 1175 2284 diligentissime
1225 2227 1343 2266 eum
1386 2208 1580 2280 ingenti
1641 2207 1830 2277 gaudio
1858 2208 1955 2261 sub
1980 2207 2064 2260 die

537 2308 882 2362 Kalendarum
907 2302 1140 2356 Januarii
1171 2300 1381 2352 fuerunt
1415 2297 1633 2350 Domino
1656 2302 1978 2349 consecrata.
2006 2293 2060 2347 ln

536 2397 756 2452 ecclesia
785 2394 975 2448 etenim
1024 2393 1190 2447 beata:
1217 2391 1393 2443 Maria:
1421 2388 1639 2456 virginis
1687 2387 1853 2440 altare
1875 2386 2060 2455 ipsius,

537 2490 589 2540 in
620 2499 722 2553 quo
748 2483 1029 2538 recondita:
1063 2490 1185 2534 sunt
1215 2479 1448 2548 reliquite
1483 2478 1596 2547 ejus
1631 2484 1685 2531 et
1707 2484 1904 2530 saneta:
1928 2474 2057 2528 Feli-

535 2575 729 2638 citatis,
772 2572 1058 2640 Perpctuze,
1090 2568 1346 2638 Agathm,
1374 2568 1612 2634 Agnetis,
1655 2565 1848 2626 Lucire,
1895 2562 2059 2617 0ωεί-

537 2668 636 2726 li:e,
683 2663 993 2722 Anastasim,
1033 2657 1362 2717 Geretrudis,
1411 2663 1464 2707 et
1509 2653 1862 2714 l’etronillte;
1894 2651 2060 2703 altare

534 2754 700 2809 sancti
730 2750 898 2811 Pauli,
938 2748 989 2799 in
1018 2760 1122 2814 quo
1167 2743 1401 2812 reliquite
1449 2742 1582 2808 ejus,
1621 2740 1870 2794 Barnaba:
1893 2745 1945 2792 et
1976 2738 2060 2790 Ti-

537 2841 729 2894 mothei
758 2856 772 2904 ;
800 2838 964 2890 altare
997 2834 1162 2889 sancti
1186 2831 1417 2894 Thomze,
1443 2831 1496 2883 in
1532 2843 1636 2898 quo
1675 2827 1908 2895 rcliquia:
1926 2824 2057 2892 ejus,

537 2929 792 2984 Ambrosii
835 2923 1357 2994 ctSulpieii;altare
1404 2920 1572 2976 sancti
1615 2918 1933 2986 Philippi,in
1960 2931 2061 2982 quo

539 3019 767 3087 reliquiae
791 2997 922 3085 ejus,
953 3014 1192 3068 Silvestri
1225 3022 1280 3066 et
1306 3011 1530 3074 Leonis;
1560 3009 1728 3062 altare
1768 3008 1934 3061 sancti
1956 3006 2062 3058 An-

535 3110 693 3170 dre-.c,
721 3107 774 3159 in
809 3118 910 3172 quo
941 3101 1174 3169 reliquiae
1223 3098 1355 3168 ejus,
1406 3096 1617 3166 Georgii
1641 3104 1694 3150 et
1735 3094 2056 3159 Alexandri;

536 3199 697 3252 altare
723 3194 890 3248 sancti
933 3190 1132 3252 Jacobi,
1161 3190 1212 3242 in
1253 3188 1357 3257 qu'o
1405 3187 1636 3254 reliqui-,e
1676 3185 1810 3252 ejus,
1838 3182 1987 3253 Xysti
2011 3191 2064 3234 et

535 3282 887 3356 Apollinaris;
939 3281 1105 3334 altare
1153 3277 1291 3332 beati
1353 3275 1568 3329 Joannis
1615 3272 1980 3340 Evangelistae,
2013 3269 2064 3343 in

536 3389 638 3445 quo
660 3373 900 3441 reliquiae
933 3367 1065 3435 ejus,
1103 3366 1217 3420 Lini
1240 3374 1293 3418 et
1338 3363 1467 3418 Clcti
1498 3379 1511 3426 ;
1543 3362 1708 3416 altare
1748 3361 1914 3415 sancti
1939 3358 2065 3411 Bar-

537 3460 820 3519 tholommi,
845 3458 897 3510 in
921 3469 1023 3523 quo
1054 3453 1283 3522 reliquiae
1303 3453 1436 3521 ejus,
1471 3449 1654 3520 lgnatii
1679 3458 1733 3503 et
1752 3446 2020 3517 Poly‘carpi
2047 3463 2060 3510 ;

535 3554 703 3606 altare
731 3548 897 3603 sancti
939 3543 1185 3608 Simonis,
1208 3543 1260 3595 in
1291 3556 1396 3614 quo
1439 3540 1669 3607 reliqui-.2
1704 3537 1836 3605 eius,
1865 3533 2066 3591 Cosmce

536 3652 588 3695 et
603 3638 834 3693 Damiaui
853 3655 867 3700 ;
892 3636 1054 3688 altare
1067 3633 1231 3688 sancti
1243 3631 1489 3694 Matthxi,
1506 3631 1557 3684 in
1573 3645 1676 3698 quo
1687 3627 1918 3696 reliquiae
1930 3626 2062 3693 ejus,

541 3730 698 3784 Marci
712 3727 957 3787 etLucaa;
980 3723 1147 3775 altare
1167 3720 1333 3774 sancti
1355 3717 1619 3776 'l‘ha'ddaei,
1638 3719 1689 3769 in
1703 3731 1807 3783 quo
1836 3716 2066 3782 reliquiae

540 3818 671 3885 ejus,
701 3811 903 3866 Nazarii
933 3819 988 3864 et
1015 3808 1231 3870 V'italis;
1268 3806 1432 3858 altare
1468 3803 1632 3858 sancti
1683 3800 1863 3856 Jacobi
1888 3801 2066 3856 fratris

543 3903 767 3967 homini,
793 3903 843 3962 in
869 3915 972 3969 quo
1023 3898 1254 3965 reliquiae
1296 3897 1429 3964 ejus,
1459 3895 1694 3949 Cervasii
1724 3903 1777 3947 et
1798 3893 2016 3946 Protasii
2051 3912 2061 3954 ;

538 3995 705 4050 altare
730 3992 896 4048 sancti
927 3989 1172 4050 Matthize,
1217 3987 1269 4038 iu
1298 4001 1402 4053 quo
1453 3983 1683 4052 reliquizc
1708 3982 1837 4050 ejus,
1885 3983 2064 4036 llilarii

538 4093 592 4137 et
621 4079 934 4151 Augustini;
973 4085 1123 4130 sexto
1151 4075 1270 4128 ldus
1317 4073 1640 4140 Septembris
1667 4073 1716 4124 in
1745 4071 1858 4137 ejus
1883 4085 2062 4124 sacra-

540 4172 738 4228 tissima
765 4166 1046 4222 Nativitate
1068 4179 1096 4215 a
1121 4160 1503 4214 veneraliilibus
1534 4161 1810 4226 episcopis,
1841 4159 2065 4227 Georgio

539 4258 799 4320 videlicet,
827 4253 1110 4314 Absaloue,
1154 4250 1365 4312 Plcoue,
1396 4257 1447 4304 et
1472 4248 1714 4303 Ccrfrido
1758 4251 1953 4303 honore
1983 4252 2061 4302 di-

2158 1875 2339 1928 xilium
2376 1875 2748 1942 omnipotentis
2783 1877 2873 1929 Dei
2913 1885 2964 1930 et
2987 1877 3303 1945 adjutorium
3349 1881 3567 1951 gloriosi
3603 1884 3702 1934 do-

2158 1963 2283 2015 mini
2309 1963 2407 2015 mei
2431 1963 2604 2029 magni
2647 1962 2977 2030 imperatoris
3002 1965 3065 2018 de
3091 1965 3314 2020 diversis
3347 1970 3598 2036 partibus
3621 1979 3704 2022 to-

2159 2052 2261 2103 tius
2293 2049 2721 2115 Christianitatis,
2749 2061 2973 2120 quantas
2995 2064 3048 2106 et
3070 2055 3251 2120 quales
3277 2057 3354 2109 vel
3383 2058 3525 2110 unde
3562 2058 3696 2109 alla-

2162 2150 2241 2194 tas
2286 2143 2568 2196 reconderc
2591 2143 2641 2196 iu
2669 2145 2770 2199 hoc
2797 2155 2979 2201 sancto
3008 2147 3122 2202 loco
3145 2148 3491 2204 valuissemus
3535 2163 3699 2219 prout

2159 2230 2211 2283 iu
2255 2233 2697 2299 consequentibus
2729 2243 2909 2303 patet:
2941 2237 2991 2290 id
3031 2247 3114 2291 est
3136 2239 3184 2291 in
3207 2241 3391 2306 primis
3419 2242 3487 2295 de
3506 2254 3698 2302 sancti

2160 2321 2389 2374 Romana
2418 2322 2668 2386 Ecclesia,
2701 2323 2952 2394 largiente
2977 2327 3125 2382 bona:
3152 2331 3416 2385 memoria:
3451 2331 3697 2386 Adriano

2159 2424 2363 2463 summo
2397 2411 2661 2478 pontiﬁce,
2686 2420 2740 2465 et
2763 2422 2880 2481 post
2905 2429 3022 2468 eum
3049 2420 3332 2472 venerabili
3358 2420 3537 2475 Leone
3559 2439 3701 2492 papa

2161 2496 2436 2579 Romano;
2465 2499 2529 2553 de
2561 2498 3026 2572 ConstantinOpoli,
3072 2506 3150 2558 vel
3195 2506 3576 2579 Hierosolymis
3606 2528 3704 2580 per

2158 2587 2357 2655 legatos
2385 2587 2504 2643 illuc
2530 2604 2559 2641 a
2587 2590 2796 2644 domino
2836 2605 2953 2646 meo
3007 2594 3254 2660 directos,
3300 2599 3365 2651 ad
3404 2616 3503 2653 nos
3530 2617 3704 2669 usque

2159 2677 2398 2737 delatas;
2447 2679 2634 2752 deinde
2691 2681 2755 2733 de
2811 2681 2980 2745 Italia,
3039 2683 3342 2748 Germania,
3388 2687 3700 2757 Burgundio

2159 2773 2314 2832 atque
2369 2764 2534 2820 Callia
2590 2781 2619 2818 a
2655 2769 2997 2822 sanctissimis
3052 2772 3310 2836 Patrilins,
3375 2779 3703 2843 patriai-cluis

2159 2855 2418 2918 videlicet,
2449 2857 2873 2927 archiepiscopis,
2903 2874 3105 2914 necnon
3137 2864 3394 2933 episcopis
3419 2878 3583 2938 atque
3608 2875 3704 2923 ab-

2159 2944 2367 2998 batibus
2390 2945 2541 2999 nobis
2565 2946 2813 3012 directas,
2845 2963 2935 3002 seu
2983 2951 3141 3004 etiam
3168 2952 3234 3006 de
3279 2969 3435 3009 sacro
3474 2959 3699 3025 palatio.

2089 3069 2131 3128 ε
2160 3046 2277 3128 qua:
2305 3047 2398 3128 per
2425 3041 2658 3128 tempora
2684 3035 2750 3087 ab
2778 3037 3130 3092 anterioribus
3159 3041 3391 3109 regibus,
3420 3055 3476 3097 et
3511 3041 3698 3113 postea

2160 3138 2190 3174 a
2213 3113 2323 3190 jam
2346 3121 2486 3176 dicto
2513 3123 2725 3177 domino
2753 3133 2932 3178 nostro
2957 3128 3184 3181 maxime
3203 3139 3325 3183 sunt
3337 3143 3700 3204 enngregane,

2161 3229 2254 3283 per
2279 3211 2393 3280 ejus
2437 3212 2822 3285 eleemosynam
2847 3216 2910 3268 de
2935 3218 3179 3273 omnibus
3222 3229 3428 3288 partem
3475 3227 3698 3286 haben;

2161 3303 2395 3372 atquein
2451 3304 2550 3356 hoc
2585 3312 2766 3359 sancto
2791 3304 2904 3359 loco
2954 3307 3214 3378 condigne
3258 3312 3546 3368 recondere
3586 3322 3701 3371 Inc-—

2162 3393 2381 3445 ruimus.
2405 3389 2507 3445 Sed
2532 3393 2596 3445 dc
2623 3393 2706 3446 his
2732 3394 2796 3446 de
2814 3394 3003 3460 quibus
3031 3398 3160 3450 certi
3185 3396 3395 3462 fuimus,
3429 3413 3482 3456 et
3505 3419 3534 3456 a
3562 3421 3703 3473 pra--

2162 3480 2319 3534 dictis
2353 3481 2696 3536 sanctissimis
2734 3482 2863 3536 viris
2887 3482 3074 3538 breves
3116 3489 3426 3556 recepimus,
3453 3497 3702 3548 omnium

2163 3567 2368 3622 illarum
2399 3569 2605 3622 nomina
2632 3569 2684 3622 in
2707 3570 2805 3624 hoc
2831 3572 3079 3639 opusculo
3109 3573 3338 3631 inserere
3366 3593 3468 3633 non
3510 3585 3699 3651 negle-

2165 3657 2334 3709 ximus
2359 3674 2371 3708 :
2399 3665 2655 3722 quatenus
2682 3673 2710 3710 a
2743 3660 2891 3713 nobis
2909 3668 2963 3713 et
2987 3677 3014 3714 a
3045 3664 3247 3717 cunctis
3291 3671 3705 3725 successoribus

2163 3746 2374 3807 nostris,
2428 3745 2515 3812 qui
2542 3760 2634 3813 per
2689 3749 3002 3814 temporain
3035 3750 3173 3804 hunc
3225 3765 3465 3811 sanctum
3517 3759 3702 3814 locum

2163 3832 2454 3884 successuri
2492 3839 2632 3893 sunt,
2674 3841 2726 3886 et
2754 3833 2852 3887 hoc
2878 3850 3033 3890 nosse
3077 3838 3359 3905 voluerint,
3393 3847 3564 3916 magis
3601 3865 3704 3901 no-

2165 3934 2281 3972 men
2311 3919 2514 3970 Domini
2538 3922 2698 3972 nostri
2720 3918 2842 3974 Jesu
2865 3921 3059 3978 Christi
3085 3940 3180 3992 per
3206 3942 3360 3995 quem
3388 3933 3539 3986 nobis
3554 3935 3700 3998 hac,

2164 4006 2284 4059 licet
2313 4007 2554 4074 indignis,
2581 4017 2632 4060 et
2678 4017 2870 4063 caatcra
2904 4011 3038 4065 bona
3069 4015 3254 4083 largita
3283 4028 3422 4080 sunt,
3453 4024 3547 4089 per
3569 4039 3701 4077 om-

2166 4096 2250 4148 nia
2278 4105 2330 4148 et
2357 4097 2408 4148 in
2447 4097 2688 4151 omnibus
2713 4112 2917 4166 semper
2947 4100 3351 4170 glorilicaretur,
3373 4111 3465 4176 qui
3496 4121 3576 4164 est
3605 4113 3706 4167 bc—

2165 4183 2401 4236 netlietus
2450 4184 2500 4236 in
2549 4185 2756 4238 saecula.
2798 4187 2868 4241 De
2916 4192 3122 4244 caeteris
3174 4209 3299 4248 vero
3342 4198 3599 4266 reliquiis,
3633 4204 3702 4254 de

2165 4272 2352 4339 quibus
2382 4270 2574 4325 incerta
2618 4284 2738 4326 sunt
2782 4275 2932 4329 nobis
2979 4281 3207 4345 nomina,
3236 4283 3302 4336 ab
3341 4284 3542 4340 eisdem
3568 4302 3705 4341 saa—

453 4389 455 4391 .
538 4347 788 4414 guissimo
815 4347 937 4398 sunt
964 4341 1218 4396 dedicata.
1279 4339 1382 4392 Sed
1410 4347 1462 4392 et
1485 4338 1648 4391 altare
1676 4339 1810 4391 beati
1838 4340 2061 4393 archan-

2164 4361 2263 4414 ctis
2285 4359 2527 4413 Patribus
2564 4363 2803 4431 receptis,
2836 4365 3049 4421 minime
3098 4370 3442 4438 scripsimus:

537 4437 639 4506 geli
661 4432 942 4494 Cabrielis,
996 4429 1134 4497 quod
1163 4436 1244 4481 est
1273 4428 1430 4481 situm
1483 4428 1533 4479 in
1563 4436 1710 4494 porta
1755 4428 2060 4491 meridiana,

539 4535 727 4581 octavo
781 4519 1038 4574 Kalendas
1078 4518 1268 4586 Aprilis
1307 4518 1355 4568 in
1407 4515 1817 4570 Annuntiatione
1873 4529 2065 4569 sancta:

540 4615 755 4676 Maria);
791 4608 1054 4664 Michaelis
1098 4622 1221 4660 vero
1251 4606 1386 4671 quod
1433 4615 1511 4658 est
1537 4605 1586 4657 in
1620 4599 1780 4672 porta
1828 4605 2065 4658 occidi-n-

542 4707 652 4767 tali,
678 4711 864 4758 octavo
893 4697 1146 4751 Kalendas
1183 4693 1425 4748 Octobris
1449 4696 1512 4746 ab
1540 4695 1878 4762 llildcgualJo
1912 4710 2065 4748 vene—

541 4789 687 4844 "abili
717 4787 996 4854 episcopo;
1036 4781 1315 4849 Raplraelis
1351 4787 1542 4841 autem,
1576 4782 1713 4847 quod
1737 4790 1819 4835 est
1845 4782 1894 4833 in
1917 4790 2066 4848 porta

541 4873 956 4945 septentrimtali,
988 4872 1214 4924 secundo
1244 4871 1416 4924 Nonas
1446 4871 1769 4940 Septembris
1795 4873 1843 4923 in
1872 4873 2066 4925 honore

542 4960 769 5039 ipsorum
800 4964 1250 5030 arrhaugclorum,
1267 4964 1496 5015 omnium
1517 4963 1778 5015 Virtutum
1793 4964 2063 5022 coalorum,

544 5078 569 5110 :I
601 5059 745 5112 Jcsse
769 5058 791 5094 ι’
821 5055 1058 5122 religioso
1089 5053 1332 5120 episcopo
1365 5051 1557 5118 optime
1585 5061 1706 5104 sunt
1736 5061 2062 5104 consecrata.

610 5150 823 5215 lli-liqua
861 5161 982 5196 vero
1017 5144 1202 5196 mmnia
1235 5144 1393 5210 ipsius
1421 5143 1718 5194 monasterii
1748 5146 1929 5196 eodem
1966 5146 2067 5196 llo-

616 5315 637 5338 ο
671 5301 896 5351 Joannes
947 5297 1009 5349 tle
1049 5295 1255 5361 Capella
1297 5295 1471 5356 habet,
1519 5311 1632 5346 ossa
1691 5300 1851 5347 murti
1886 5297 2066 5350 "iero-

542 5370 677 5437 lly'lll
703 5379 744 5416 et
770 5367 829 5418 dc
856 5376 1028 5437 saucio
1046 5362 1332 5437 Δι”ηιίναρητκ

617 5440 640 5473 ι’
679 5437 725 5488 Is
752 5443 861 5487 erat
908 5433 1275 5499 Atnbianensis
1304 5431 1597 5498 episcopus,
1628 5433 1712 5499 qui
1759 5432 1927 5486 Caroli
1963 5436 2066 5486 Ma-

545 5508 627 5572 gni
653 5503 970 5558 coronatioui
1008 5501 1186 5552 Romae
1231 5498 1380 5572 facta:
1410 5498 1651 5572 interfuit
1679 5502 1728 5553 in
1772 5501 1935 5572 Natali
1972 5504 2067 5554 Do-

550 5567 669 5626 nnni
715 5588 847 5625 anno
884 5572 1002 5630 300,
1045 5585 1102 5620 ac
1145 5567 1362 5619 uroiude
1410 5568 1662 5620 incertum
1695 5587 1757 5622 an
1789 5571 2063 5638 Georgius,

2166 4463 2280 4500 rum
2325 4458 2514 4508 autem,
2558 4450 2695 4502 sicut
2740 4449 3087 4516 decretimus,
3136 4458 3342 4511 nomina
3371 4459 3475 4515 isto
3505 4463 3704 4519 ordine

2165 4534 2332 4586 notari
2362 4536 2676 4588 curavimus.
2722 4534 2952 4589 Primum
2994 4539 3247 4608 reliquias
3265 4542 3472 4600 Domini
3499 4557 3554 4602 et
3573 4549 3704 4604 Sel-

2151 4623 2360 4693 _vatoris
2390 4625 2575 4685 nostri,
2606 4633 2653 4677 et
2685 4623 2796 4692 ejus
2823 4626 3062 4694 gloriosa:
3089 4631 3379 4698 genitricis,
3401 4644 3456 4689 et
3480 4648 3703 4695 sancto-

2168 4728 2280 4764 rum
2306 4704 2679 4781 apostolorum,
2718 4723 2772 4769 ct
2797 4726 3105 4772 caeterorum
3150 4729 3474 4792 martyrum;
3505 4741 3698 4795 postea

2165 4800 2540 4864 confessorum,
2596 4801 2797 4857 necnon
2859 4814 3034 4858 autem
3083 4810 3382 4866 Sanctarum
3426 4817 3698 4884 virginum

2166 4899 2319 4955 atque
2348 4889 2725 4942 continentium
2758 4891 3022 4948 subsecuti
3052 4911 3254 4952 sumus.
3281 4957 3284 4960 _

2235 4977 2305 5029 De
2331 4977 2465 5042 ligno
2491 4977 2715 5064 Domini,
2768 4979 2833 5032 de
2860 4990 3004 5034 veste
3045 4982 3178 5063 ejus,
3215 4969 3285 5041 de
3306 4991 3536 5048 sandalis
3556 4993 3696 5064 ejus,

2167 5063 2228 5113 de
2259 5076 2486 5130 priesepe
2541 5061 2674 5128 ejus,
2714 5064 2777 5117 de
2807 5069 3020 5137 spongia
3073 5061 3201 5137 ejus,
3237 5074 3299 5128 de
3337 5061 3702 5142 Jordanevubi

2168 5153 2454 5218 baptizatus
2483 5161 2596 5203 est‘
2636 5152 2698 5202 de
2733 5165 2878 5220 petra
2907 5157 2992 5211 ubi
3021 5160 3172 5226 sedit,
3212 5166 3421 5231 quando
3461 5171 3700 5244 quinque

2166 5306 2349 5386 qui'vt.
2381 5305 2498 5386 ldus
2542 5307 2886 5386 Septembris
2907 5310 3256 5386 ejusdemiut
3295 5320 3528 5386 videtur)
3571 5331 3700 5386 anni

2166 5325 2253 5370 qttt
2285 5325 2349 5384 vr
2381 5325 2498 5359 tuus
2549 5325 2872 5386 acpremprts
2907 5325 3134 5377 ejusaem
3178 5325 3256 5386 (ut
3295 5325 3508 5378 videtur
3571 5331 3699 5386 anni

2166 5373 2401 5461 ecclesiae
2436 5375 2808 5461 beatzenlliartzn
2857 5379 3166 5461 dedicationi
3215 5401 3451 5461 prgesens
3501 5325 3699 5461 Inerat,

2167 5441 2547 5562 ait“;ge(n:.CCItm
2585 5441 2839 5512 Gregorio
2861 5447 3101 5516 episcopo
3135 5441 3701 5526 Ληῖὶτίθίλὲίιξίξῖῶ

2202 5526 2458 5561 cremore.
