3886 6228
162 399 256 457 845

1111 374 1788 462 ΒΕΒΕΞΤΛϋῖὶ-ΥῘΙΟΝΕ
1828 375 1983 428 .\l0.\'.
2023 375 2306 429 CENT’UL.

3165 360 3272 431 846"

163 506 310 561 millia
335 502 602 557 hominum
640 499 820 567 pavit;
859 496 921 548 de
968 508 1098 561 pane
1124 493 1256 544 unde
1300 486 1560 542 distribuit
1590 485 1666 536 di-
1693 487 1734 538 Α
1765 483 1976 543 Asterii,
2011 482 2346 550 Simpliciani,
2393 482 2592 544 l‘axidi,
2629 482 2846 549 Astogii,
2892 480 3118 545 Gislarii,
3141 483 3268 550 Spe-

163 592 367 659 scipulis
408 589 554 649 suis;
587 588 650 638 de
690 585 880 649 templo
929 579 1130 634 Domini
1159 594 1171 639 ;
1204 579 1268 630 de
1310 573 1525 631 candela
1554 585 1667 637 qua:

166 696 212 732 Ill
231 657 502 730 nativitate
524 673 635 738 ejus
663 684 877 722 accensa
907 677 987 721 cst
1010 683 1024 727 ;
1056 665 1121 717 de
1145 672 1320 716 monte
1345 660 1531 713 Oliveti
1581 657 1668 708 ubi

163 766 364 823 oravit;
409 763 471 814 de
500 774 675 812 mensa
719 757 867 824 ejus;
902 756 964 808 de
991 761 1164 806 monte
1219 750 1303 802 ubi
1335 747 1670 814 transﬁgura-

165 868 242 908 tus
264 861 378 916 est;
410 852 472 904 de
499 850 736 902 columna
791 846 874 897 ubi
923 842 1212 916 (ﬂagellatus
1253 847 1354 899 est,
1382 838 1446 890 de
1473 834 1672 901 ligami-

163 943 311 996 uibus
339 940 474 993 unde
513 939 700 1005 ligatus
748 943 827 987 est
854 949 868 994 ;
899 933 961 984 de
987 939 1130 999 petra
1180 927 1316 980 unde
1342 939 1550 978 crucem
1579 923 1672 974 ad-

164 1031 398 1089 scendit;
446 1029 511 1080 de
557 1025 717 1078 clavis
771 1023 907 1075 unde
955 1019 1234 1074 cruciﬁxus
1280 1023 1396 1078 est;
1450 1015 1515 1066 de
1562 1012 1675 1064 loco

161 1117 447 1176 Calvariae;
501 1115 564 1167 de
608 1111 840 1165 huceella
893 1108 981 1160 ubi
1025 1106 1091 1160 fel
1123 1115 1177 1159 et
1222 1113 1425 1158 acetum
1465 1101 1674 1153 mistum

1765 586 1817 621 ra
1827 572 1879 628 ti.
1945 571 2176 630 lloberti,

1766 659 1962 728 waldi].

2247 570 2529 631 Galemeri,
2609 569 2850 638 Osqualzli
2919 569 3126 640 [Forre,
3173 573 3267 626 Os-

1832 747 2136 809 Felicitatis,
2162 747 2449 816 Perpetum,
2497 749 2726 816 Agathm,
2757 747 3016 817 Eugeniae,
3049 751 3264 810 Theclm.

1768 836 2006 899 Caiciliaa,
2035 837 2350 899 Petronillze,
2399 837 2713 905 Eupliemiae,
2746 837 2969 903 Faustae,
3000 841 3268 902 Eufrasizr.

1768 925 2103 994 Aldegundis,
2147 925 2428 989 Columbae,
2460 926 2716 991 Feliculre,
2749 937 2899 998 atque
2923 930 3270 986 Scholasticax

1771 1011 1884 1066 llue
1931 1027 2094 1079 usque
2133 1012 2196 1064 de
2223 1013 2380 1066 certis
2401 1004 2696 1066 sanctorum
2728 1015 2974 1082 reliquiis,
3003 1019 3066 1070 de
3089 1021 3276 1086 quibus

1772 1116 1802 1153 a
1830 1101 2023 1154 sanctis
2067 1099 2327 1162 Patribus,
2359 1100 2447 1168 qui
2472 1114 2560 1154 eas
2595 1102 2742 1154 nobis
2779 1103 2948 1171 largiti
3001 1114 3141 1167 sunt,
3184 1123 3276 1158 no—

164 1205 294 1266 tuit;
323 1203 387 1255 de
431 1209 575 1269 petra
627 1212 788 1268 super,
822 1210 977 1262 quam
1015 1193 1228 1262 sanguis
1267 1191 1331 1243 de
1357 1190 1522 1242 latere
1565 1187 1679 1255 ejus
1773 1190 1913 1244 mina
1939 1199 2084 1244 certa
2116 1191 2430 1258 recepimus,
2469 1193 2745 1259 separatim
2773 1205 3025 1264 martyres
3049 1199 3130 1250 vel
3154 1213 3277 1252 con-

163 1289 411 1352 stillavit;
442 1288 508 1341 de
553 1284 790 1353 sepulcro
841 1280 1088 1342 Domini;
1137 1279 1201 1331 de
1221 1277 1393 1343 lapide
1447 1274 1680 1328 revoluto

1776 1277 1999 1332 fessores
2016 1277 2400 1346 descripsimus.
2427 1279 2679 1348 Deinceps
2697 1288 2869 1334 autem
2899 1283 3137 1337 distincte
3155 1272 3275 1337 alio-

161 1376 223 1427 ab
247 1375 385 1426 ostio
417 1369 741 1424 monumenti
767 1384 782 1431 ;
816 1379 1019 1438 necnon
1064 1372 1116 1416 et
1141 1364 1204 1416 de
1246 1361 1485 1429 sepulcro
1530 1359 1682 1411 inno-
1777 1378 1894 1416 rum
1921 1371 2217 1417 sanctorum
2246 1365 2474 1429 nomina,
2527 1367 2636 1419 sive
2666 1377 2949 1438 martyrum
2975 1369 3056 1423 vel
3082 1371 3282 1425 confes-

162 1460 412 1521 centium,
438 1458 523 1524 qui
557 1471 648 1524 pro
689 1470 751 1508 eo
797 1453 936 1521 passi
980 1459 1139 1513 sunt;
1167 1449 1232 1503 de
1273 1455 1446 1502 monte
1490 1445 1677 1503 iloreb,

164 1551 224 1602 de
248 1549 405 1614 lignis
434 1547 587 1598 trium
613 1542 1084 1597 tabernaculorum.

227 1638 298 1690 De
334 1638 467 1689 lacte
501 1641 692 1688 sancta:
723 1631 914 1691 Mariae,
957 1631 1020 1683 de
1045 1627 1246 1698 capillis
1287 1626 1417 1690 ejus,
1455 1626 1518 1678 de
1543 1631 1685 1677 veste

159 1725 288 1792 ejus,
316 1724 381 1776 de
404 1722 558 1790 pallio
582 1721 713 1787 ejus.
761 1719 833 1770 De
859 1717 1017 1770 barba
1064 1716 1230 1768 sancti
1280 1713 1440 1774 Petri,
1473 1713 1538 1764 de
1565 1725 1685 1764 san-

1779 1463 1977 1512 sorum,
1998 1450 2119 1517 quia
2138 1465 2240 1503 non
2267 1451 2577 1515 invenimus,
2604 1451 2816 1507 minime
2845 1455 3166 1523 scripsimus.

1846 1536 1938 1590 llis
1977 1538 2068 1600 ita,
2116 1539 2251 1592 sicut
2279 1539 2430 1607 paulo
2474 1541 2708 1609 superius
2754 1541 3000 1609 scriptum
3051 1553 3150 1606 est,
3193 1546 3284 1598 ho—

1781 1624 1992 1679 noriﬁce
2038 1625 2385 1694 decenterque
2433 1630 2730 1691 reconditis,
2782 1631 2834 1684 in
2861 1632 3066 1686 nomine
3092 1645 3285 1687 sanctae

1785 1715 2051 1768 Trinitatis
2095 1730 2212 1769 cum
2241 1716 2402 1768 multa
2437 1717 2699 1787 diligentia
2745 1722 3041 1787 paravimus
3075 1737 3283 1791 capsum

163 1813 314 1866 daliis
344 1811 476 1877 ejus,
521 1811 583 1863 de
630 1808 800 1862 casula
849 1805 975 1873 ejus,
1016 1814 1070 1858 et
1119 1805 1181 1857 de
1209 1818 1387 1856 mensa
1438 1800 1567 1867 ejus.
1607 1800 1680 1853 De
1712 1780 2030 1869 Bmajorem
2072 1818 2201 1858 auro
2243 1813 2298 1857 et
2344 1807 2561 1875 gemmis
2595 1815 2850 1872 ornatam,
2888 1809 2942 1862 in
2977 1823 3079 1878 qua
3114 1780 3286 1878 posui-'-

165 1911 345 1950 mensa
375 1897 539 1949 sancti
576 1894 743 1956 Pauli,
775 1893 838 1947 de
869 1893 1045 1946 orario
1070 1891 1201 1959 ejus,
1250 1891 1314 1943 de
1338 1891 1487 1957 cippo
1507 1889 1556 1940 in
1579 1902 1685 1955 quo,

165 1986 359 2038 missus
412 1984 527 2037 fuit.
581 1983 653 2036 De
678 1997 834 2036 cruce
885 1981 1052 2034 sancti
1106 1979 1344 2032 Andrem.
1394 1979 1466 2031 De
1495 1989 1682 2029 manna

163 2074 331 2126 sancti
356 2071 573 2124 Joannis
602 2070 948 2139 evangelista).
977 2069 1050 2120 De
1075 2067 1309 2134 reliquiis
1337 2064 1682 2133 apostolorum

162 2162 364 2223 Jacobi,
392 2160 634 2226 Philippi,
661 2159 892 2219 Thomm,
922 2154 1305 2216 Bartholomazi,
1333 2151 1580 2215 Matthxi,
1605 2149 1686 2204 Si-

162 2250 350 2310 monis,
379 2244 928 2306 Thaddaci,'Matthia:,
958 2244 1208 2296 Barnahze
1229 2249 1281 2294 et
1300 2241 1579 2294 Timothei.
1612 2238 1686 2291 De

160 2338 366 2390 ossibus
395 2336 656 2389 Zachariae
682 2333 844 2402 patris
867 2331 1032 2385 sancti
1055 2328 1272 2383 Joannis
1293 2328 1559 2396 Baptistaa.
1584 2325 1684 2377 Re—

160 2425 335 2494 liquize
365 2423 501 2476 beati
532 2421 807 2482 Simeonis,
840 2419 926 2488 qui
949 2417 1224 2473 Dominum
1255 2416 1307 2469 in
1333 2415 1484 2467 ulnas
1508 2426 1686 2466 susce-

159 2517 252 2582 pit.
293 2515 366 2568 De
402 2513 601 2581 capillis
628 2513 766 2574 beati
795 2510 1011 2565 Joannis
1040 2508 1306 2576 Baptistae,
1334 2507 1398 2561 de
1436 2504 1688 2572 sanguine

158 2600 289 2667 ejus,
315 2601 378 2653 de
401 2608 542 2652 veste
568 2599 697 2665 ejus.

230 2689 306 2741 De
332 2688 489 2740 costis
516 2686 682 2738 sancti
702 2681 983 2752 Stephani,
1029 2682 1092 2734 de
1113 2678 1282 2748 lapide
1318 2678 1454 2730 unde
1483 2675 1681 2744 lapidas

162 2790 245 2832 tus
272 2786 388 2840 est;
417 2779 478 2830 de
515 2775 767 2830 craticula
815 2772 978 2826 sancti
1008 2769 1297 2824 Laurentii.
1330 2768 1528 2836 Digitus
1567 2781 1687 2820 san-

160 2871 230 2923 cti
257 2868 611 2938 Apollinaris;
661 2867 726 2920 de
771 2865 986 2934 spongia
1014 2861 1180 2916 sancti
1221 2857 1606 2929 Symphoriani,
1636 2865 1690 2910 et

160 2959 225 3012 de
254 2968 400 3011 veste
442 2957 626 3010 matris
649 2953 780 3021 ejus.
814 2953 1066 3020 Reliquis:
1103 2949 1268 3003 sancti
1295 2947 1578 3010 Pancratii,
1602 2948 1688 3000 Vi-

159 3047 298 3116 gilii,
327 3047 564 3109 Sisinnii,
598 3044 853 3114 Martyrii,
881 3040 1156 3109 Pamphili,
1187 3048 1487 3092 sanctorum
1513 3037 1687 3091 Gemi-

161 3153 374 3200 norum,
424 3136 661 3198 Fabiani,
711 3132 925 3197 Valerii,
975 3129 1290 3199 Pergentini,
1337 3127 1555 3188 Cosmae,
1585 3128 1694 3206 Da-_

165 3225 354 3286 miani,
389 3223 672 3286 Anastasii,
711 3220 937 3288 Georgii,
966 3218 1268 3280 Alexandri,
1300 3216 1557 3278 Cassiani,
1587 3215 1692 3268 Ma-

163 3314 274 3382 gni,
305 3313 506 3374 Vitalis,
535 3309 760 3373 Nazarii,
809 3307 1048 3369 Naboris,
1080 3305 1235 3368 Celsi,
1284 3304 1542 3368 Gervasii,
1571 3304 1691 3356 Pro-

163 3401 311 3463 tasii,
369 3399 680 3459 innocentis,
740 3395 1028 3458 Laurentii,
1087 3393 1334 3458 Tiburtii,
1407 3393 1689 3456 Valeriani,

163 3489 450 3558 Hippolyti,
490 3485 871 3554 Christophori,
903 3484 1109 3546 Felicis,
1158 3482 1412 3544 Mauricii,
1451 3481 1687 3540 Candidi,

162 3578 464 3647 Exsuperii,
507 3577 747 3631 Victoris.
803 3573 1106 3632 Innocentii,
1161 3571 1394 3639 Benigni,
1440 3570 1690 3639 Dionysii,

165 3664 392 3726 Rustici,
423 3661 724 3722 Eleutherii,
750 3658 997 3720 Cornelii,
1043 3657 1367 3723 Leodegarii,
1401 3656 1553 3719 Sixti,
1578 3657 1691 3708 Fir-

162 3750 320 3810 mini.
357 3749 641 3810 Saturnini,
677 3745 928 3812 Quintini,
978 3744 1257 3806 Valentini,
1311 3743 1558 3806 Marcelli,
1593 3744 1694 3795 Lu-

160 3833 330 3897 ciani,
373 3835 618 3903 Crispini,
675 3833 1007 3902 Crispiniani,
1038 3842 1090 3884 et
1124 3832 1187 3883 de
1229 3833 1434 3885 ossibus
1468 3833 1694 3899 quadra-

163 3929 314 3995 ginta
343 3936 653 3994 martyrum,
681 3933 734 3977 et
756 3923 820 3976 de
845 3922 1096 3988 sanguine
1125 3921 1344 3974 aliorum
1391 3921 1690 3974 multorum.

238 4012 419 4066 Sancti
464 4011 667 4072 Hilarii,
713 4009 942 4071 Martini,
980 4007 1245 4069 Germani,
1304 4007 1554 4070 Medardi,
1589 4007 1695 4060 Au-

165 4101 350 4162 doeni,
375 4099 545 4167 Eligii,
576 4096 817 4158 Amandi,
847 4094 996 4163 Lupi,
1028 4095 1288 4155 Aventini,
1320 4094 1554 4161 Sulpicii,
1593 4096 1695 4148 Rc-

164 4189 352 4250 medii,
411 4187 747 4247 Maurilionis,
810 4186 1002 4248 Albini,
1067 4185 1312 4245 Servatii,
1370 4185 1693 4254 Hieronymi,

165 4276 412 4344 Equitii,
441 4277 686 4343 Ephrem,
728 4274 986 4343 Gregorii,
1031 4275 1323 4343 Augustini,
1359 4275 1566 4338 Leonis,
1596 4275 1695 4328 Sil-

1779 1904 1894 1942 mus
1937 1898 2138 1958 partem
2188 1906 2342 1960 supra
2371 1893 2679 1961 scriptarum
2731 1893 3082 1963 reliquiarum,
3132 1912 3285 1964 quam

1780 1988 1895 2026 cum
1916 1975 2042 2043 ipsis
2079 1977 2145 2030 ob
2165 1979 2550 2049 venerationem
2587 1979 2790 2033 illorum
2815 1989 3132 2045 sanctorum,
3158 1998 3287 2051 quo-

1781 2076 1896 2113 rum
1919 2062 2148 2130 reliquias
2167 2064 2219 2116 in
2245 2079 2305 2117 ea
2332 2065 2540 2118 recondi
2566 2067 2826 2130 videntur,
2847 2067 3029 2122 subtus
3055 2079 3286 2138 cryptam

1782 2162 1807 2190 ι
1837 2152 2003 2206 sancti
2029 2151 2314 2207 Salvatoris
2338 2169 2530 2222 ponere
2578 2155 2888 2218 studuimus,
2932 2171 3050 2209 nam
3074 2168 3289 2211 caetero-

1783 2255 1898 2293 rum
1921 2249 2217 2295 sanctorum
2248 2241 2514 2310 reliquias,
2541 2258 2656 2312 quae
2689 2258 2844 2312 supra
2866 2243 3110 2313 leguntur
3128 2247 3294 2299 ascria

1781 2338 1903 2396 pta},
1950 2345 2043 2396 per
2066 2331 2196 2384 alias
2228 2332 2475 2386 tredecim
2499 2347 2681 2400 capsas
2705 2349 2930 2388 minores
2954 2349 3079 2387 auro
3109 2351 3291 2405 argen-

1785 2425 1942 2485 toque
1978 2418 2058 2470 vel
2108 2421 2328 2486 gemmis
2359 2421 2602 2487 pretiosis
2649 2421 3013 2476 honestissime
3055 2433 3287 2491 paratas,

1783 2519 1913 2572 quas
1936 2519 1966 2557 a
1987 2519 2122 2573 saepe
2141 2505 2294 2558 dictis
2307 2506 2688 2560 venerabilibus
2706 2507 2945 2561 Patribus
2963 2524 3079 2562 cum
3098 2510 3291 2563 eisdem

1785 2592 2033 2659 reliquiis,
2091 2593 2313 2646 donante
2348 2593 2582 2656 Domino,
2610 2592 2824 2661 adipisci
2850 2595 3134 2649 meruimus
3162 2597 3293 2651 divi.-

1783 2681 1928 2746 dere,
1975 2691 2130 2749 atque
2177 2696 2332 2751 super
2379 2683 2576 2736 trabem
2607 2697 2762 2750 quam
2784 2683 2834 2735 in
2881 2697 3001 2737 arcu
3044 2684 3071 2723 ι)
3117 2701 3292 2740 coram

1784 2769 1948 2824 altare
1971 2770 2110 2824 beati
2150 2769 2381 2824 Richarii
2407 2773 2712 2835 statuimus,
2741 2787 2930 2839 ponere
2954 2763 3248 2828 curavimus
3279 2795 3288 2827 :

1784 2858 2004 2928 qualiter
2026 2860 2078 2912 in
2100 2859 2338 2913 omnibus
2359 2862 2492 2915 sicut
2519 2863 2729 2930 dignum
2755 2871 2852 2923 est,
2884 2862 2995 2918 laus
3019 2864 3108 2917 Dei
3131 2873 3184 2918 et
3207 2862 3299 2919 ve-'

1784 2947 1984 3002 neratio
2007 2948 2236 3000 omnium
2263 2957 2559 3002 sanctorum
2597 2949 2728 3016 ejus,
2769 2951 2820 3002 in
2843 2952 2941 3005 hoc
2968 2962 3149 3008 sancto
3178 2954 3293 3008 loco

1765 3053 1992 3105 semper
2019 3039 2280 3102 adoretur,
2301 3037 2519 3103 colatur,
2552 3047 2706 3108 atque
2731 3048 3023 3093 veneretur.

1852 3126 2085 3195 Cumque
2105 3127 2518 3197 praseriptorum
2536 3137 2828 3183 sanctorum
2856 3130 3169 3183 venerationi
3215 3133 3292 3183 al-

1786 3215 1919 3268 taria
1941 3215 2177 3268 ordinata
2237 3222 2388 3281 atque
2434 3216 2498 3267 de
2525 3230 2704 3269 eorum
2747 3217 2980 3283 reliquiis
3019 3219 3289 3270 venerabi-

1788 3302 1923 3365 liter,
1969 3310 2026 3354 ut
2050 3315 2207 3370 supra
2234 3301 2439 3370 legitur,
2462 3317 2492 3354 a
2520 3311 2697 3357 nostra
2724 3305 2976 3371 parvitate
3013 3315 3187 3358 essent
3218 3320 3299 3357 0r~

1788 3401 1942 3456 nata;
2000 3392 2229 3461 diligenti
2251 3408 2376 3445 cura
2425 3400 2650 3446 tractare
2694 3393 2964 3461 coepimus,
2990 3393 3212 3461 qualiter
3233 3409 3293 3447 ea

1789 3484 1854 3536 ad
1893 3483 2093 3536 laudem
2121 3490 2175 3536 et
2198 3482 2412 3551 gloriam
2441 3483 2642 3536 Domini
2697 3483 2860 3535 nostri
2908 3481 3029 3536 Jesu
3081 3483 3296 3545 Christi,

1787 3574 1855 3624 ob
1898 3571 2289 3625 venerationem
2341 3580 2638 3625 sanctorum
2682 3572 2935 3632 omnium,
2980 3572 3030 3624 in
3075 3587 3294 3638 quorum

1789 3659 1984 3711 honore
2017 3655 2138 3710 sunt
2179 3666 2503 3720 consecrata,
2554 3657 2617 3710 de
2659 3658 2808 3711 donis
2837 3658 2928 3711 Dei
2950 3666 3004 3711 et
3059 3659 3299 3728 largitate

1790 3748 1960 3816 magni
2008 3746 2202 3800 domini
2225 3748 2324 3801 mei
2366 3748 2579 3816 ejusque
2602 3745 2932 3800 nobilissima:
2987 3747 3168 3814 prolis,
3219 3749 3297 3799 vel

1792 3820 2104 3900 reliquorum
2142 3835 2394 3888 honorum
2424 3835 2687 3888 hominum
2727 3833 3026 3897 liberorum,
3079 3834 3205 3887 mihi
3231 3834 3297 3886 ab

1793 3921 1892 3975 illis
1915 3923 2134 3980 collatis.
2178 3937 2334 3990 opere
2359 3922 2527 3976 fabrili
2556 3923 2605 3974 in
2653 3937 2798 3983 auro,
2829 3930 3042 3990 argento
3072 3931 3125 3976 et
3157 3937 3301 3989 gem-

1769 4013 1890 4065 mis
1919 4027 2108 4065 ornare
2132 4013 2310 4075 etiam,
2359 4021 2411 4065 et
2443 4012 2530 4065 ubi
2560 4012 2669 4065 loca
2701 4013 3056 4065 convenientia
3106 4013 3299 4065 existe-

1790 4108 1926 4160 rent,
1973 4100 2192 4168 desuper
2242 4100 2438 4178 ciboria
2491 4114 2684 4168 ponere
2721 4100 3090 4169 potuissemus,
3141 4101 3293 4159 sicut.

1791 4198 1943 4256 prout
1971 4189 2152 4242 eodem
2204 4189 2421 4244 Domino
2467 4196 2776 4257 cooperante
2799 4189 3074 4248 valuimus,
3122 4188 3295 4242 facere

1791 4278 2101 4341 studuimus,
2139 4279 2187 4331 id
2231 4287 2365 4338 sunt,
2415 4279 2465 4332 in
2515 4277 2732 4346 ecclesia
2782 4279 2944 4331 sancti
2991 4277 3298 4339 Salvatoris,

163 4366 356 4428 vestri,
385 4364 589 4424 Felicis.
616 4363 818 4424 lsidori.
866 4363 1074 4423 Donati.
1103 4361 1389 4424 Benedicti.
1417 4362 1693 4417 Columba-
1720 4384 1768 4442 ι)
1791 4369 2059 4435 sanctique
2096 4367 2346 4427 Richarii,
2396 4367 2579 4420 altaria
2628 4365 2876 4420 fabricata
2926 4367 3187 4431 undecim,
3225 4369 3298 4424 ci-

164 4457 244 4514 ni,
297 4453 456 4514 Isaac,
507 4452 780 4514 Vincentii,
831 4451 1060 4511 Antonii,
1113 4450 1330 4512 Paulini,
1400 4450 1688 4508 Fortunati,

163 4541 515 4610 Simpliciaui,
545 4540 826 4602 Gualarici,
881 4539 1108 4592 Vedasli.
1150 4539 1396 4606 Reliquim
1420 4555 1483 4592 ex
1512 4555 1695 4608 corpo-

164 4633 322 4683 ribus
343 4638 663 4692 sanctorum,
686 4643 800 4695 qum
827 4628 1056 4682 condidit
1075 4627 1320 4679 Paulinus
1345 4643 1474 4695 papa
1501 4628 1574 4696 [id
1600 4639 1691 4686 est,

164 4721 455 4786 episcopus
502 4733 591 4770 seu
637 4717 934 4783 patriarcha
992 4716 1383 4786 Aquileiensis}.
1446 4717 1695 4785 Reliquim

163 4808 344 4860 sancti
371 4806 716 4876 Megimholdi,
746 4805 944 4867 Prasci,
981 4803 1215 4872 Eugenii,
1243 4803 1440 4862 Fronti,
1483 4805 1672 4858 Fiib-l's

246 4949 271 4974 ι·
304 4935 600 4988 Vocabatur
627 4936 733 4986 lucc
757 4949 906 5000 capsa
934 4941 1121 4984 amicta?
1146 4928 1334 5000 I’riimr
1360 4940 1486 4984 teste
1499 4933 1695 4986 Jmnue

167 5006 238 5057 de
271 5004 490 5068 capella,
517 5004 603 5070 qui
629 5016 783 5068 agens
813 4999 874 5051 de
898 5001 1107 5070 litigth
1135 5001 1198 5052 de.
1225 4999 1575 5070 Chcvincourt
1605 5003 1692 5053 ab-

168 5075 302 5124 bate
339 5067 622 5137 trigesimo
662 5067 855 5123 tertio:
901 5069 1001 5120 Istc
1033 5067 1274 5137 llugorde
1329 5067 1690 5131 Chevincourt,

167 5139 368 5206 inquit,
411 5136 626 5190 uisitauit
655 5139 910 5204 feretrum,
941 5137 1070 5206 quod
1101 5136 1325 5206 dicimus-
1356 5149 1543 5206 sancta:
1575 5137 1692 5190 Pri-

167 5200 298 5266 mci',
340 5207 392 5258 id
419 5215 491 5257 cst
535 5200 798 5272 priinitivrr
835 5200 1146 5270 [undationis
1208 5200 1444 5272 Ecclesia?
1473 5205 1695 5259 militan-

168 5278 266 5335 tis,
321 5277 440 5340 quia
474 5270 1049 5340 in'codemﬁrequiescunt
1071 5287 1218 5340 quum
1242 5270 1459 5340 plurima
1486 5291 1693 5339 corpora

168 5337 493 5402 sanctorum,
525 5340 676 5400 Petri,
702 5337 866 5397 Pauli,
889 5337 1100 5391 Joannis
1126 5337 1383 5403 Baptism,
1412 5351 1455 5390 et
1479 5337 1693 5395 alierum

170 5409 527 5474 couﬂ-ssarum
555 5420 598 5459 et
627 5418 910 5460 sanctarum
941 5409 1204 5474 virginum.
1265 5406 1348 5457 Sic
1377 5409 1532 5461 etiam
1560 5413 1694 5463 dicta

169 5485 262 5529 est
305 5474 483 5526 Prima
536 5476 858 5528 Corbciensis
908 5475 1204 5527 monasterii
1263 5474 1312 5523 in
1366 5479 1476 5529 Vita
1530 5483 1693 5532 sancti

169 5544 482 5595 Adelhardi.

249 5611 276 5648 δ
315 5609 545 5662 Joannes
594 5612 655 5662 de
712 5610 914 5676 Capella
946 5621 1178 5664 numeral
1222 5617 1469 5670 tredecim
1515 5634 1696 5687 capsas

1791 4457 1934 4508 horia
1981 4467 2002 4493 ο
2051 4456 2170 4516 duo,
2229 4455 2442 4507 lectoria
2501 4448 2668 4515 auro,»
2697 4461 2912 4522 argento
2931 4461 2982 4506 et
3027 4455 3297 4508 marmori-

1791 4545 1888 4597 bus
1940 4551 2120 4612 parata
2176 4543 2294 4596 duo.
2345 4542 2399 4595 in
2436 4542 2650 4596 ecclesia
2679 4550 2869 4596 sancta-
2899 4542 3001 4595 ‘Dei
3033 4542 3297 4609 genitricis

1792 4632 1968 4686 Maria:
2006 4640 2058 4685 et
2095 4639 2390 4685 sanctorum
2434 4631 2781 4700 apostolorum
2818 4631 2996 4681 altaria
3047 4629 3294 4683 fabricata

1794 4721 2064 4782 tredecim;
2102 4719 2351 4772 ciborium
2375 4733 2550 4780 unum,
2600 4726 2650 4770 et
2669 4717 2938 4770 lectorium
2982 4718 3173 4784 optime
3211 4731 3303 4784 pa—

1796 4817 1959 4860 ratum
1987 4822 2166 4859 unum.
2218 4807 2272 4859 In
2324 4805 2540 4859 ecclesia
2589 4805 2752 4858 sancti
2803 4804 3064 4857 Benedicti
3114 4805 3293 4856 altaria

1792 4952 1975 4988 aureas
2003 4945 2056 4987 et
2094 4944 2384 5002 argenteas,
2432 4949 2560 5000 quas
2592 4933 2922 5001 Augilbertus
2959 4946 3110 4999 super
3128 4947 3296 5002 unum

1793 5006 1956 5056 altare
1977 5000 2277 5073 argenteum
2307 5002 2598 5056 dedicatum
2626 5000 2891 5054 inhonore
2935 5002 3098 5053 beata:
3127 5000 3296 5051 Maria'

1792 5074 2039 5139 posuerit.
2527 5138 2530 5139 ν
2819 5083 2824 5086 ·

1862 5153 1881 5179 ο
1934 5141 2064 5204 Quid
2095 5141 2163 5192 sit
2189 5139 2459 5198 ciborium,
2515 5138 2622 5188 fuse
2657 5138 2867 5202 exposui
2911 5138 2960 5189 in
2999 5134 3300 5204 prazt‘ationr-

1795 5203 1970 5262 s:ecuii
2004 5209 2236 5270 secundi,
2285 5223 2426 5259 num.
2472 5205 2557 5265 47,
2616 5208 2796 5257 turrita
2845 5207 3041 5258 scilicet
3085 5203 3296 5255 :edicula

1793 5287 2016 5343 quatuor
2063 5287 2245 5330 octove
2288 5275 2538 5328 columnis
2585 5274 2778 5343 innixa,
2827 5274 3075 5343 altaribus
3104 5278 3159 5322 et
3182 5286 3297 5322 san-

1793 5341 1992 5397 ctorum
2025 5345 2239 5398 tumulis
2277 5343 2466 5410 imponi
2521 5343 2686 5393 solita.
2723 5342 2936 5394 Carolus
2982 5341 3195 5410 Magnus
3245 5356 3296 5390 ,ει

1793 5414 2068 5481 capituleri
2113 5416 2230 5465 anni
2284 5407 2383 5465 789
2425 5411 2661 5481 prmcipit
2700 5421 2750 5460 ut
2798 5426 2962 5481 super
2997 5407 3296 5481 altaria!»-

1795 5472 1970 5534 cuhria
1995 5483 2117 5548 ﬁant
2154 5493 2241 5532 aut
2281 5472 2596 5549 laquearia:-
2624 5478 2771 5549 Nunc
2806 5472 3057 5532 ciborium
3106 5472 3298 5524 dicitur

1795 5546 2099 5608 κιϐοτόξερυ
2145 5551 2292 5618 pyxis
2321 5546 2371 5600 in
2401 5561 2500 5615 qua
2527 5547 2714 5600 Christi
2747 5546 2944 5598 Domini
2987 5557 3171 5608 corpus
3220 5559 3289 5594 as

1796 5630 2032 5673 servatur
