3886 6228
550 336 649 399 841

1480 343 1532 398 5.
1575 347 1973 400 ANGILBL'llTl
2012 345 2290 398 ABBATIS
2327 346 2784 402 CENTULENSIS

3625 353 3716 407 διε

550 463 729 530 parata
772 437 892 506 tria.
943 451 996 505 lli
1027 452 1261 507 ccclesiis
1297 467 1420 506 vero
1454 463 1756 508 sanctorum
1780 443 2080 522 angelorum
2112 455 2154 507 Α
2183 461 2368 518 ganter
2393 453 2675 521 dispositis,
2735 463 2893 524 atque
2919 471 2982 524 ex
3011 459 3231 513 diversis
3256 461 3588 528 praescriptis
3613 464 3720 514 reli-

547 541 829 602 Calxrielis,
862 541 1149 604 Michaelis,
1175 551 1227 594 et
1278 541 1558 610 Raphaelis
1601 542 1788 594 altaria
1818 541 1938 601 tria,
1967 555 2082 606 qua:

549 632 704 685 simul
735 632 865 684 ﬁunt
889 631 1072 684 altaria
1097 631 1338 700 triginta;
1383 641 1434 684 et
1473 632 1670 684 ciboria
1695 631 1813 691 tria,
1844 640 1896 683 et
1923 630 2085 684 lecto-

548 722 626 774 ria
680 722 799 774 tria.
846 719 973 772 Nam
1014 721 1078 773 de
1111 720 1228 772 aliis
1268 720 1411 773 vasis
1455 728 1507 773 et
1552 719 1963 789 snpellcctilibus
1992 720 2084 771 ba—

548 810 740 861 bentur
777 809 826 859 in
862 807 1059 860 eisdem
1099 805 1336 860 ecclesiis
1385 821 1514 859 auro
1549 815 1871 875 argentoque
1889 814 2084 873 paratae

546 897 949 962 septemdecim;
992 910 1200 948 coronae
1222 910 1396 948 aurea:
1424 895 1573 957 dum;
1612 893 1879 961 lampades
1905 909 2085 962 argen-

546 993 640 1037 tea:
663 999 781 1047 sex;
826 984 1056 1051 cupi-ina:
1095 997 1226 1036 auro
1248 991 1569 1051 argentoque
1603 983 1862 1036 decorata:
1884 983 2080 1035 duode-

541 1073 678 1132 cim;
737 1087 888 1138 poma
915 1085 1072 1123 aurea
1126 1070 1259 1133 tria;
1307 1069 1498 1123 calices
1525 1071 1671 1124 aurci
1726 1085 1843 1123 cum
1881 1071 2080 1136 patenis

540 1161 675 1222 duo;
731 1161 865 1211 calix
895 1172 1031 1210 utins
1055 1172 1249 1210 aureus
1268 1172 1487 1225 magnus
1512 1172 1632 1210 cum
1663 1157 1984 1223 imaginibus
2012 1158 2082 1210 si-

540 1250 644 1302 mul
684 1257 736 1300 et
757 1256 986 1314 patena;
1034 1246 1120 1298 alii
1159 1246 1347 1298 calices
1374 1246 1605 1314 argentei
1645 1261 1763 1299 cum
1796 1247 1906 1299 suis
1935 1253 2082 1314 pate-

538 1339 618 1390 uis
644 1336 919 1388 duodecim
944 1352 958 1398 ;
982 1333 1248 1388 oli‘ertoria
1286 1343 1533 1403 argentea
1576 1335 1776 1388 decem.
1804 1334 1883 1388 Ad
1925 1342 2081 1401 caput

535 1426 704 1478 sancti
727 1425 961 1478 Richarii
992 1424 1166 1477 tabula
1199 1439 1330 1477 auro
1354 1431 1407 1477 et
1449 1432 1666 1493 argento
1715 1433 1897 1491 parata
1943 1438 2074 1481 una;

533 1516 665 1570 ostia
708 1513 907 1581 majora
927 1529 1056 1568 auro
1071 1520 1121 1565 et
1147 1521 1364 1582 argento
1388 1522 1570 1580 parata
1597 1513 1719 1575 duo,
1749 1512 1850 1564 alia
1873 1513 2076 1565 minora

531 1606 664 1664 duo;
715 1604 814 1657 alia
839 1603 1028 1658 ostiola
1066 1603 1310 1656 similiter
1331 1609 1515 1669 parata
1545 1601 1679 1664 duo;
1728 1600 1955 1653 balteum
1986 1615 2077 1651 au-

534 1705 680 1743 reum
734 1706 928 1754 unum;
989 1687 1422 1746 atramentarium
1465 1687 1719 1754 optimum
1773 1694 2076 1755 argenteum

2182 543 2320 610 quiis
2361 543 2779 609 snpradietornm
2852 553 3154 601 sanctorum
3206 551 3410 605 ornatis
3463 551 3720 610 ecclesiis.

2183 634 2416 704 diligenti
2447 635 2640 689 mentis
2670 637 2857 692 an‘ectu
2886 647 3115 692 tractare
3167 640 3451 706 carpimus.
3503 639 3724 708 qualiter

2183 721 2402 778 Domino
2447 727 2672 782 donante
2714 729 2780 781 ad
2817 728 2916 781 hoc
2948 728 3226 794 pervenire
3252 727 3632 788 valuissemus,
3672 739 3723 781 ut

2181 811 2318 864 sicut
2343 814 2393 866 in
2424 813 2661 870 :ediliciis
2689 817 3001 870 marmoreis
3046 823 3099 869 ct
3122 816 3174 868 in
3201 817 3410 868 ezctcris
3439 831 3723 868 ornamen-

2181 900 2247 954 tis
2275 902 2439 956 oculis
2464 889 2680 958 honeste
2707 905 3001 958 clarescunt
3043 905 3306 966 humanis,
3363 905 3433 957 ita
3485 905 3648 957 etiam
3677 907 3722 956 'rn

2181 989 2271 1042 Dei
2325 989 2581 1054 laudibus,
2642 993 2692 1045 in
2723 993 2977 1046 doctrinis
3003 993 3222 1044 diversis
3243 1001 3296 1044 et
3316 984 3552 1046 canticis
3579 994 3725 1060 spiri-

2183 1077 2405 1130 tualibus
2431 1077 2640 1132 Christo
2663 1080 3010 1146 omnipotenti
3039 1078 3244 1145 placere
3272 1079 3568 1132 valeamus.
3595 1078 3723 1143 Qua-

2113 1161 2393 1231 sp'ropter
2419 1173 2681 1218 trecentos
2709 1166 2994 1218 monachos
3041 1165 3092 1217 in
3140 1166 3240 1218 hoc
3285 1175 3472 1218 sancto
3500 1165 3621 1217 loco
3659 1182 3725 1215 re-

2179 1252 2431 1320 gulariter
2446 1253 2676 1307 victuros
2723 1255 3010 1308 auxiliante
3033 1255 3142 1307 Deo
3190 1254 3569 1307 constituimus
3599 1271 3612 1304 :
3638 1271 3724 1322 op-

2179 1349 2350 1394 tantes
2374 1348 2426 1393 et
2454 1342 2776 1406 ordinantes,
2809 1350 2867 1394 ut
2895 1342 2939 1394 si
2987 1357 3088 1394 non
3139 1340 3274 1409 plus,
3325 1340 3481 1393 istius
3523 1346 3721 1393 numeri

2177 1432 2510 1500 congregatio
2548 1432 2598 1484 in
2642 1440 2954 1500 perpetuum
2992 1431 3264 1484 habeatur.
3304 1430 3540 1484 Centum
3571 1433 3722 1484 etiam

2175 1533 2370 1585 pueros
2396 1519 2590 1571 scholis
2610 1515 2926 1573 erudiendos
2954 1521 3050 1572 sub
3073 1520 3257 1572 eodem
3288 1519 3475 1574 habitu
3506 1529 3563 1574 et
3590 1521 3723 1573 victu

2179 1615 2198 1639 ο
2242 1607 2544 1668 statuimus,
2599 1607 2689 1676 qui
2739 1607 2992 1661 fratribus
3022 1624 3115 1678 per
3161 1618 3270 1663 tres
3319 1610 3521 1664 choros
3547 1608 3725 1663 divisis

2177 1692 2228 1744 in
2278 1693 2531 1747 auxilium
2582 1695 2837 1763 psallendi
2882 1705 2936 1750 et
2989 1698 3209 1750 canendi
3248 1697 3725 1751 intersintzitant

529 1796 660 1834 auro
716 1789 956 1850 paratum
1011 1795 1207 1841 unum;
1248 1777 1488 1830 cultellus
1526 1789 1654 1827 auro
1688 1785 1741 1828 et
1777 1775 2076 1844 margaritis
2110 1771 2148 1827 Β
2177 1784 2370 1838 chorus
2417 1786 2583 1838 sancti
2637 1785 2924 1840 Salvatoris
2959 1794 3208 1842 centenos
3254 1789 3553 1842 monachos
3608 1803 3721 1840 eum

529 1884 744 1940 paratus
785 1887 954 1933 unus;
982 1871 1146 1924 codex
1174 1868 1436 1921 eburneus
1461 1883 1589 1921 auro
1608 1875 1824 1936 argento
1861 1875 1912 1920 ct
1938 1881 2075 1919 mar—

531 1963 718 2027 garitis
762 1961 958 2026 optime
985 1966 1199 2026 paratus
1248 1971 1402 2009 unus.
1465 1956 1642 2024 Punga
1674 1969 1697 1994 ι
1733 1948 2072 2024 auro—parata

529 2064 663 2110 una;
709 2047 997 2100 incensaria
1039 2053 1286 2113 argentea
1313 2059 1443 2102 auro
1474 2055 1656 2112 parata
1686 2053 1927 2112 quatuor.
1967 2042 2073 2094 lla-

527 2138 682 2204 nappi
721 2135 954 2204 argentei
1010 2135 1339 2204 superaurati
1386 2134 1670 2195 tredecim;
1735 2133 1937 2186 concha
1991 2146 2074 2182 ar-

526 2238 714 2297 gentea
739 2226 906 2293 major
953 2241 1072 2278 cum
1107 2225 1424 2292 imaginibus
1445 2223 1709 2292 argenteis
1731 2237 1869 2286 una;
1915 2223 2074 2274 boen-

526 2316 654 2370 laris
683 2314 875 2386 [Vulgo
919 2317 1100 2376 bocar,
1153 2313 1349 2382 lugeam
1390 2311 1567 2384 genus]
1599 2322 1877 2380 argenteus
1905 2329 2070 2371 unus;

524 2405 670 2456 urcei
697 2403 932 2471 argentei
989 2417 1110 2455 cum
1145 2401 1564 2469 aquamanilibus
1585 2404 1694 2455 suis
1722 2402 1863 2466 duo;
1903 2416 2069 2454 canna

527 2500 774 2560 argentea
805 2506 925 2553 una,
974 2492 1205 2544 eburnea
1241 2503 1373 2551 una;
1413 2488 1582 2542 situla:
1627 2497 1888 2557 argenteae
1918 2489 2066 2549 dine;

529 2583 692 2635 clavis
719 2597 874 2635 aurea
902 2598 1001 2635 una
1032 2598 1044 2644 ;
1088 2581 1234 2634 scilla
1258 2591 1506 2649 argentea
1538 2597 1675 2646 una;
1707 2596 1915 2634 coronae
1947 2596 2066 2633 cum

531 2672 815 2725 luminibus
843 2653 1092 2725 tredecini
1113 2687 1125 2733 ;
1150 2671 1405 2724 columna:
1449 2680 1572 2723 ante
1596 2670 1761 2723 altare
1787 2672 1952 2723 sancti
1984 2670 2069 2721 Ri-

524 2763 689 2814 charii
737 2777 866 2815 auro
896 2772 948 2816 et
989 2770 1205 2828 argento
1233 2770 1428 2828 parate
1454 2775 1577 2822 sex;
1624 2761 1801 2813 trabes
1840 2761 2071 2813 minores

521 2869 640 2905 cum
669 2853 894 2904 arcubus
921 2851 1029 2909 suis
1048 2857 1262 2917 argento
1293 2860 1488 2920 paratae
1517 2857 1652 2906 tres;
1707 2849 1962 2902 elaccaria
1994 2848 2069 2918 [id

526 2949 619 3002 ut,
676 2937 1010 3018 campanilia]
1053 2954 1180 2991 auro
1228 2946 1408 3006 parata
1441 2938 1571 3000 tria;
1615 2937 1805 2990 cloccze
1836 2935 2070 3006 [campa-

531 3029 664 3082 nulze
685 3045 772 3082 seu
821 3027 1192 3096 tintinnabula]
1228 3029 1438 3094 optimm
1476 3026 1772 3094 quindecim
1813 3040 1931 3078 cum
1982 3041 2069 3077 οτι-

529 3136 648 3173 rum
706 3118 926 3172 cirmtlis
972 3119 998 3156 ιι
1047 3117 1393 3183 quindecim;
1445 3115 1607 3168 skilhe
1658 3125 1766 3168 tres
1811 3114 2065 3182 imagines

522 3225 680 3261 a-ncrn
709 3222 822 3270 sex,
870 3208 1098 3259 eburnea
1152 3221 1286 3266 una;
1338 3205 1651 3258 candelabra
1705 3219 1832 3256 auro
1883 3212 2064 3270 parata

520 3301 656 3361 duo;
703 3298 834 3349 ostia
867 3311 995 3348 auro
1035 3304 1213 3363 parata
1257 3301 1477 3360 septem.
1518 3292 1735 3359 Insuper
1755 3291 2065 3344 donavimus

521 3389 590 3441 ihi
631 3387 784 3458 pallia
821 3387 1016 3454 optima
1061 3385 1387 3453 scpttt.'gitita
1423 3390 1574 3443 octo;
1626 3395 1821 3450 cappas
1873 3383 2066 3433 ducen-

521 3488 630 3538 tas;
687 3477 994 3528 dahnaticas
1048 3473 1228 3542 viginti
1259 3481 1485 3540 quatuor
1511 3473 1742 3534 sericas;
1793 3469 1938 3524 albas
1963 3470 2057 3522 Ro

520 3580 707 3618 manas
755 3579 874 3617 cum
917 3563 1123 3615 amictis
1157 3563 1267 3615 suis
1308 3576 1438 3614 auro
1489 3571 1705 3629 paratas
1748 3575 1871 3623 sex;
1919 3561 2066 3613 albas

518 3656 684 3707 lineas
710 3654 960 3706 ducentas
982 3653 1281 3720 sexaginta;
1317 3653 1521 3704 casulas
1547 3651 1610 3704 de
1640 3652 1797 3720 pallio
1827 3651 2060 3718 triginta.

521 3745 587 3793 de
619 3757 846 3810 purpura
872 3743 1073 3802 decem,
1132 3743 1195 3793 de
1217 3752 1565 3801 storacescx,
1622 3742 1683 3792 de,
1699 3742 1840 3807 pisce
1880 3755 2059 3800 unam,

522 3831 586 3882 de
648 3831 810 3898 platta
856 3831 1172 3896 quindecim,
1215 3829 1278 3882 de
1324 3831 1547 3883 cendato
1597 3829 1844 3897 quinque.
1891 3827 2065 3880 Stolas

524 3939 652 3974 auro
685 3930 898 3991 paratas
925 3923 1172 3990 quinque,
1233 3919 1447 3974 fanones
1496 3917 1836 3990 [manipulos]
1870 3919 1932 3971 de
1954 3917 2063 3986 pal-

521 4012 590 4062 lio
619 4026 746 4062 auro
779 4019 988 4077 paratos
1016 4011 1225 4070 decem;
1264 4010 1500 4062 eussinos
1530 4009 1593 4060 de
1626 4007 1784 4074 pallio
1807 4005 2059 4074 quinque,

521 4118 643 4170 saga
672 4105 734 4155 de
765 4102 918 4170 pallio
940 4101 1191 4168 quinque.
1318 4081 1327 4090 i

592 4197 660 4246 tle
685 4194 848 4254 libris,
906 4192 1241 4260 Evangelinm
1271 4207 1400 4244 auro
1444 4191 1693 4256 scriptum
1725 4205 1842 4241 cum
1876 4187 2063 4240 tabulis

521 4284 784 4352 argenteis
805 4297 935 4335 auro
971 4290 1024 4334 et
1053 4281 1310 4348 lapidibus
1353 4281 1595 4347 pretiosis
1647 4280 1867 4331 miriﬁce
1906 4293 2061 4344 para-

520 4389 629 4427 tum
681 4389 869 4436 unum;
903 4373 1042 4426 aliud
1072 4372 1410 4440 Evangelium
1432 4372 1722 4439 plcnarium
1751 4386 1930 4430 tutum.
1990 4369 2060 4418 De.

517 4465 637 4515 aliis
669 4463 814 4516 libris
844 4462 1102 4514 volumina
1124 4463 1365 4514 ducenta.

588 4554 804 4619 Insuper
837 4551 994 4603 etiam
1021 4552 1239 4619 plurima
1284 4563 1592 4605 ornamenta
1626 4555 1674 4605 in
1703 4551 2056 4610 l'ahrieatnris,

517 4652 569 4695 et
596 4641 818 4710 diversis
843 4639 1175 4701 utilitatibus,
1227 4627 1530 4707 inphnnbo,
1577 4643 1733 4702 vitro,
1776 4654 2056 4696 marmore.

516 4746 607 4785 seu
628 4738 817 4783 Cretera
842 4729 1187 4783 instrumenta
1215 4745 1330 4797 qua:
1358 4718 1566 4797 longum
1605 4730 1700 4782 fuit
1724 4744 2055 4790 enumerare,

517 4822 872 4888 prolixiusque
896 4820 1127 4870 scribere
1157 4839 1165 4869 :
1195 4836 1310 4887 qum,
1333 4831 1506 4872 tamen
1549 4831 1669 4873 tunc
1698 4821 1949 4888 temporis
1970 4836 2060 4888 ap-

516 4915 736 4982 pretiata
764 4920 883 4963 sunt.
925 4928 949 4962 a
981 4911 1219 4962 tidelibus
1249 4911 1340 4962 Dei
1375 4921 1429 4964 et
1464 4912 1626 4963 sancti
1663 4910 1912 4972 Richarii,
1969 4911 2058 4978 qui

515 5001 788 5052 vobiscum
822 5001 871 5050 in
897 4999 984 5050 Dei
1018 4999 1233 5051 servitio
1261 4999 1560 5071 laborantes
1586 5000 1921 5062 exstiterant,
1947 5000 2058 5054 haec

515 5088 688 5139 omnia
720 5088 889 5139 valere
919 5087 1149 5154 potuisse
1199 5086 1358 5140 libras
1386 5088 1681 5154 quindecim
1705 5090 1861 5142 millia
1894 5090 1970 5143 vel
1996 5104 2059 5143 eo

515 5180 756 5247 amplius.
873 5225 877 5229 .
1945 5193 1955 5198 ί

585 5271 674 5324 llis
701 5281 752 5321 ct
791 5271 928 5332 aliis,
959 5279 1116 5338 prout
1139 5272 1366 5325 donante
1395 5272 1615 5326 Domino
1638 5273 1914 5330 valuimus.
1952 5275 2058 5327 ele-

588 5396 607 5419 ='
654 5381 810 5434 ldest
837 5397 984 5448 pera.
1043 5380 1300 5433 sacculus.
1349 5379 1632 5434 Audoenus
1678 5383 1727 5436 in
1767 5383 1901 5436 libro
1931 5401 1944 5438 t
1974 5386 2039 5438 de

517 5453 631 5503 Vita
657 5450 821 5502 salicti
858 5450 1005 5515 liligii
1051 5465 1168 5517 cap.
1201 5450 1262 5500 IO
1300 5468 1309 5500 :
1349 5469 1364 5498 ‹
1402 5450 1655 5514 Quotiens
1700 5454 1934 5504 brachile.
1965 5469 2056 5505 au—

517 5536 680 5596 reum,
709 5533 932 5598 [iungam
949 5533 1156 5584 quoque
1176 5521 1643 5598 auro'gemmisque
1672 5531 1933 5590 comptam
1958 5523 2056 5574 sibi

518 5589 793 5654 subripuit,
825 5595 1027 5640 tantum
1051 5598 1104 5639 ut
1138 5588 1344 5640 miseris
1365 5600 1716 5644 succurreret.
1758 5609 1775 5640 ι

584 5660 608 5696 ιι
639 5657 881 5711 Armillas
918 5671 1293 5726 Catnpanarum
1335 5656 1546 5711 funibus
1567 5661 1852 5727 pendentes
1903 5671 2056 5715 vocat

2111 4747 2113 4749 ·
2161 4748 2298 4795 cam,

2176 1883 2401 1942 quatuor
2433 1883 2484 1926 et
2510 1873 2723 1942 triginta
2747 1875 2927 1941 pueris
2951 1875 3170 1938 habeat;
3209 1877 3406 1930 chorus
3422 1877 3601 1930 sancti
3623 1875 3713 1928 Ri-

2175 1962 2342 2014 eharii
2381 1971 2632 2015 centenos
2660 1966 2962 2025 monachos,
3011 1973 3223 2032 tresque
3255 1973 3306 2016 et
3345 1965 3564 2031 triginta
3597 1977 3721 2031 pue-

2175 2066 2263 2102 ros
2285 2049 2484 2119 jugiter
2534 2052 2755 2116 habeat;
2797 2054 2993 2106 chorus
3036 2053 3265 2120 psallens
3313 2062 3436 2106 ante
3487 2060 3722 2106 sanetam

2175 2138 2474 2205 passionem
2501 2147 2751 2193 centenos
2777 2141 3080 2200 monachos,
3113 2139 3320 2206 triginta
3339 2139 3515 2192 tribus
3546 2138 3722 2204 adjun-

2141 2209 2272 2277 \etis
2299 2226 2477 2293 pueris
2518 2227 2761 2280 similiter
2790 2228 3004 2282 haheat.
3069 2227 3140 2280 Ea
3180 2236 3358 2281 autem
3388 2228 3602 2281 ratione
3633 2228 3722 2294 ipsi

2173 2305 2321 2367 cbOri
2348 2323 2454 2368 tres
2495 2317 2546 2368 in
2581 2316 2774 2368 divinis
2828 2316 3066 2370 laudibus
3112 2318 3492 2384 personabunt,
3525 2326 3584 2368 ut
3613 2331 3718 2368 om-

2173 2417 2266 2456 nes
2302 2404 2460 2457 horas
2479 2405 2765 2458 canonicas
2815 2405 2866 2457 in
2917 2419 3195 2458 commune
3225 2405 3382 2456 simul
3407 2421 3601 2458 omnes
3638 2407 3718 2458 ιιι·-

2175 2499 2409 2544 cantent.
2463 2491 2664 2557 Quibus
2705 2495 2953 2546 decenter
2998 2494 3242 2562 expletis,
3304 2495 3720 2562 uniuscujusque

2171 2580 2315 2634 chori
2347 2595 2470 2649 pars
2528 2582 2680 2634 tertia
2721 2580 2996 2634 ecclesiam
3022 2590 3190 2644 exeat,
3245 2592 3296 2652 et
3329 2585 3609 2652 corporeis
3637 2603 3720 2637 ne—

2170 2671 2505 2724 cessitatibus
2533 2670 2612 2724 vel
2638 2670 2756 2723 aliis
2781 2671 3096 2724 utilitatibus
3125 2673 3190 2726 ad
3215 2681 3418 2740 tempus
3445 2674 3719 2731 inserviat.

2169 2768 2313 2812 certo
2344 2761 2597 2828 temporis
2619 2761 2789 2827 spatio
2819 2759 3200 2814 interveniente
3228 2761 3294 2814 ad
3322 2762 3516 2814 divinae
3548 2761 3716 2814 laniis

2171 2850 2346 2901 munia
2392 2849 2704 2902 celebranda
2733 2849 2904 2903 denuo
2950 2850 3247 2904 redeuntes.
3294 2850 3350 2903 In
3396 2866 3717 2919 unoquoque

2170 2939 2329 2992 etiam
2384 2939 2622 2991 cboroid
2661 2938 2860 3007 jugiter
2896 2941 3223 3000 observetur,
3273 2948 3332 2991 nt
3379 2940 3716 2993 sacerdotum

2171 3043 2231 3082 ac
2249 3028 2523 3081 levitarum
2540 3029 2964 3097 reliquorumque
2988 3045 3256 3084 sacrorum
3281 3032 3530 3084 ordinum
3550 3045 3721 3099 atqua-

2095 3085 2139 3146 c
2170 3117 2235 3171 lis
2268 3131 2518 3169 numerus
2549 3124 2804 3170 teneatur.
2857 3118 3144 3171 Cantorum
3175 3121 3523 3173 nihilominus
3565 3133 3621 3176 et
3643 3121 3712 3175 lc-

2165 3215 2368 3260 etorum
2419 3207 2605 3274 :nquali
2637 3223 2880 3261 mensura
2925 3209 3114 3262 divisio
3149 3211 3441 3270 ordinetur,
3482 3211 3710 3277 qualiter

2164 3297 2606 3350 eborusachoro
2663 3299 2885 3351 invicem
2943 3313 3044 3350 non
3099 3307 3364 3366 gravetur.
3431 3299 3573 3366 Quin
3621 3300 3717 3352 imo

2163 3401 2347 3438 omnes
2394 3387 2669 3438 unanimes
2705 3387 3022 3439 sacrificium
3078 3388 3246 3440 laudis
3292 3390 3519 3444 Domino
3551 3392 3715 3444 omni-

2163 3476 2362 3540 potenti
2390 3489 2488 3541 pro
2528 3474 2696 3527 salute
2741 3474 2956 3544 gloriosi
2995 3475 3201 3528 Domini
3225 3479 3327 3530 mei
3358 3479 3590 3548 Augusti
3619 3480 3714 3533 Ca—

2165 3561 2282 3625 roli,
2341 3576 2540 3630 proque
2587 3563 2730 3630 regni
2767 3563 2880 3632 ejus
2922 3565 3229 3625 stabilitate,
3275 3567 3529 3620 continua
3557 3569 3711 3621 devo-

2159 3652 2304 3703 tione
2333 3644 2532 3718 jugiter
2562 3645 2864 3706 exhibeant.
2922 3655 3216 3708 Matutinali
3276 3658 3474 3711 etenim
3505 3675 3602 3712 seu
3632 3675 3717 3710 ve-

2163 3744 2432 3809 spertinali
2489 3743 2660 3798 ollicio
2720 3756 3100 3808 consummato,
3152 3733 3284 3802 mox.
3325 3765 3516 3807 omnes
3570 3754 3713 3807 chori

2161 3833 2528 3885 ordinabiliter
2576 3849 2631 3887 se
2688 3846 2811 3888 ante
2853 3845 3088 3890 sanctam
3155 3840 3450 3906 passionem
3500 3859 3715 3912 congre-

2163 3930 2304 3988 gent,
2353 3922 2533 3976 decem
2574 3933 2778 3977 tantum
2801 3926 3093 3994 psalmistis
3122 3929 3408 3998 unicuique
3440 3933 3614 3986 choro
3634 3949 3712 3986 re-

2165 4013 2494 4066 manentilns
2524 4032 2534 4065 :
2571 4023 2624 4067 et
2651 4016 2726 4068 sic
2745 4031 2840 4084 per
2883 4026 3085 4084 portam
3117 4020 3282 4072 sancti
3325 4019 3612 4084 Gabriclis,
3657 4039 3714 4076 ac

2163 4113 2257 4164 per
2303 4101 2466 4153 salam
2494 4100 2688 4170 [Vulgo
2723 4103 2874 4164 salle,
2918 4104 3113 4175 aulam]
3155 4107 3330 4160 domui
3369 4111 3585 4165 abbatis
3609 4127 3714 4164 am-

2164 4193 2410 4248 lnlando.
2464 4196 2555 4258 per
2591 4191 2968 4244 occidentalem
3018 4191 3232 4246 claustri
3272 4196 3546 4267 regionem
3595 4214 3715 4253 can-

2165 4283 2323 4335 tando
2373 4282 2583 4333 veniant
2632 4281 2695 4333 ad
2748 4293 2984 4336 sanctam
3036 4279 3290 4336 Mariam:
3325 4286 3416 4339 ubi
3475 4287 3712 4341 oratione

2163 4386 2260 4439 pro
2288 4371 2540 4440 temporis
2568 4373 2770 4426 ratione
2790 4375 3048 4442 deposita,
3096 4375 3379 4429 remeando
3411 4377 3630 4430 veniant
3651 4377 3712 4428 ad

2165 4473 2402 4516 sanctum
2449 4463 2789 4518 Benedictum
2830 4466 2881 4517 in
2915 4466 3158 4520 orientali
3190 4473 3338 4534 parte
3391 4466 3620 4520 claustri
3645 4467 3713 4520 si-

2165 4563 2272 4604 tum
2302 4570 2316 4615 ;
2355 4555 2474 4606 inde
2523 4569 2615 4621 per
2642 4555 2834 4622 gradus
2875 4570 3091 4608 arcuum
3138 4556 3336 4607 intrent
3371 4555 3442 4607 ad
3472 4565 3708 4610 sanctum

2165 4643 2510 4706 Mauricinm;
2553 4644 2732 4710 sicque
2757 4645 3014 4698 intrantes
3061 4645 3229 4699 sancti
3263 4643 3504 4699 Richarii
3536 4644 3710 4699 basili-

2355 4735 2702 4789 rcstitnantnr
2731 4735 2839 4789 suis
2860 4737 3056 4790 choris.
3601 4731 3606 4733 ’

2233 4822 2357 4876 Illud
2381 4824 2538 4898 etiam
2561 4825 2830 4876 observari
2857 4825 3117 4892 praecipua
3172 4824 3456 4880 devotione
3498 4829 3712 4880 manda-

2160 4927 2294 4970 mus,
2332 4921 2387 4964 ut
2412 4911 2552 4964 nulla
2579 4911 2692 4965 dies
2714 4920 2992 4979 praetereat
3041 4914 3242 4982 absque
3283 4930 3566 4970 sacrarum
3592 4917 3714 4970 mis-

2159 5021 2337 5057 sarum
2391 5005 2781 5068 decantatione,
2827 5006 3072 5060 videlicet
3124 5008 3254 5060 utsi
3308 5023 3412 5060 non
3442 5009 3586 5077 plus,
3638 5010 3712 5064 vel

2160 5095 2370 5162 triginta
2397 5111 2424 5147 a
2478 5093 2729 5147 fratribus
2755 5093 3079 5147 diversorum
3105 5080 3386 5148 chororum
3426 5111 3526 5164 per
3549 5097 3714 5152 diver-

2159 5199 2216 5238 sa
2256 5185 2442 5238 altaria
2469 5186 2644 5238 missae
2666 5184 2903 5252 quotidie
2926 5193 3168 5254 agantur,
3196 5185 3438 5252 exceptis
3464 5185 3576 5239 illis
3593 5185 3714 5240 dua-

2159 5276 2256 5329 bus
2281 5275 2345 5328 de
2379 5284 2661 5337 conventu,
2707 5289 2825 5341 qua:
2866 5288 3020 5326 mane
3061 5283 3114 5326 et
3161 5274 3382 5328 meridie
3411 5273 3713 5329 solemnis-

2160 5388 2479 5509 .-\drev;t{ldus
2529 5389 2579 5440 in
2628 5387 2762 5439 libro
2810 5386 2880 5439 De
2911 5385 3179 5439 miraculis
3206 5385 3375 5438 sancti
3424 5385 3712 5452 BenediCti,

2160 5474 2274 5509 can.
2363 5478 2397 5508 ).

2158 5474 2274 5524 cap,
2312 5474 2397 5509 τυ.

2229 5523 2248 5563 ξ
2270 5527 2464 5580 Pueros
2484 5527 2689 5582 oblatos
2701 5528 2882 5580 eodem
2907 5524 3084 5578 habitu
3110 5523 3403 5592 iisdemque
3436 5525 3577 5579 cibis
3595 5537 3714 5580 usus

2161 5598 2318 5651 fuisse
2343 5606 2551 5650 constat
2589 5605 2698 5650 tum
2723 5612 2784 5650 ex
2819 5597 2917 5647 hoc
2940 5595 3072 5654 loco,
3107 5603 3214 5646 tum
3239 5609 3302 5645 ex
3330 5593 3470 5646 aliis.
