3886 6228
160 437 259 491 849

1557 428 1683 480 CAR
1696 426 1870 478 Μιιυί.

3196 411 3292 461 851i

148 547 274 600 sime
306 544 656 602 celebrantur,
708 543 758 593 in
787 541 974 609 quibus
993 538 1223 605 quotidie
1266 535 1515 599 memoria
1544 551 1663 587 san-
1690 550 1731 600 Α
1762 536 1852 602 qui
1902 533 1954 585 in
1980 531 2295 584 sublimitate
2316 536 2437 581 sunt
2480 526 2777 601 constituti,
2806 522 3061 575 Salvatori
3085 523 3187 573 Deo
3211 540 3296 573 ltu-

148 634 365 689 etissimi
404 648 550 701 papa:
595 632 829 693 Adriani,
884 639 937 683 et
977 628 1187 698 gloriosi
1213 628 1407 680 domini
1436 627 1537 679 mei
1562 626 1666 677 Au-

149 722 279 790 gusti
307 719 500 782 Caroli,
549 717 785 786 conjugis
806 725 860 769 et
886 716 1046 784 prolis
1070 716 1187 783 ejus
1234 722 1477 767 teneatur
1506 727 1519 763 :
1548 726 1671 778 qua-

154 812 271 863 liter
291 806 440 876 juxta
461 809 678 862 verbum
730 807 967 876 Apostoli
995 821 1089 874 pro
1111 805 1323 872 regibus
1347 812 1400 857 et
1428 804 1673 855 omnibus

1320 944 1467 951 ..ο-ι.
1482 944 1511 950 .-

160 950 407 963 ~————-—

1740 942 1744 945 .
1759 940 1778 945 __
1794 942 1801 943 κ
1816 942 1825 943 η
1857 941 1865 943 _
1882 940 1901 944 ,η
1928 931 2453 944 -......._.—_———.~—--w-_

1770 594 1879 675 stro
1920 618 2341 674 obsecrationum
2395 594 2485 667 vel.
2530 614 2823 667 orationum
2858 611 3059 679 gratias
3100 611 3297 678 jugilrr

1774 710 2147 778 persolvamus.

905 1038 1402 1111 STATUTA
1460 1034 1927 1135 numnam
2006 1027 2521 1100 RUBRICA.

1461 1181 1617 1243 (Apud
1638 1180 1834 1241 llabill.,
1860 1178 1996 1238 ibid.)

1552 1309 1886 1319 ———-—

307 1398 419 1464 Qua
441 1408 560 1449 vero
585 1395 855 1462 majestate
879 1408 939 1445 ac
962 1392 1256 1444 reverentia
1286 1390 1459 1442 divina
1484 1388 1675 1439 ibidem

151 1489 319 1543 officia
369 1485 774 1545 celebrarentur,
824 1496 918 1533 nos
963 1481 1114 1533 docet
1158 1494 1317 1531 unum
1364 1487 1416 1529 et
1457 1477 1676 1529 alterum

152 1578 436 1646 specimen,
480 1572 619 1639 quod
648 1571 747 1623 hoc
791 1570 904 1622 loco
939 1568 1185 1620 exhibere
1223 1566 1370 1631 juvat
1413 1579 1476 1617 ex
1516 1563 1679 1615 veteri

153 1666 355 1727 codice,
394 1662 518 1716 olim
568 1658 892 1721 Petavianae,
945 1667 1048 1709 tum
1099 1655 1447 1708 serenissima:
1488 1652 1680 1720 regina:

154 1752 375 1813 Sueciae,
402 1763 537 1801 nunc
563 1747 889 1799 bibliotheca:
915 1743 1297 1798 Oltobonianae.
1330 1742 1383 1793 In
1415 1756 1477 1793 co
1502 1740 1681 1792 codice

1773 1386 2162 1455 egrederentur.
2211 1387 2275 1438 Et
2313 1386 2731 1453 primo-quidem
2774 1401 2869 1454 per
2890 1396 3093 1453 portam
3138 1390 3305 1443 sancti

1777 1476 2043 1529 Michaelis
2082 1475 2400 1544 procedebat
2443 1477 2486 1529 is
2511 1478 2601 1543 qui
2629 1492 2720 1531 vas
2746 1491 2893 1545 aquze
2918 1478 3204 1532 benedictae
3230 1479 3307 1532 fo-

1779 1568 1950 1630 rebat,
1977 1568 2164 1621 deinde
2192 1576 2299 1620 tres
2326 1567 2413 1619 alii
2441 1568 2657 1637 totidem
2698 1569 2959 1621 thurihula
3006 1577 3268 1637 gestantes
3292 1588 3301 1618 :

1780 1666 1889 1707 tum
1936 1670 2121 1709 cruces
2161 1664 2382 1722 septem,
2410 1669 2540 1721 quas
2583 1656 2899 1721 sequebatur
2938 1672 3093 1724 capsa
3142 1657 3309 1723 major

1779 1745 2008 1798 basilica:
2036 1744 2203 1798 sancti
2228 1739 2536 1805 Salvatoris,
2564 1743 2731 1795 media
2760 1743 2893 1796 inter
2919 1752 3025 1796 tres
3047 1744 3167 1797 hinc
3188 1745 3308 1796 inde

155 1838 487 1906 Angilberlus
545 1832 706 1885 abbas
754 1832 1023 1884 ordinasse
1073 1831 1301 1893 dieitur.
1370 1834 1426 1878 ιιι
1486 1827 1537 1877 in
1600 1824 1680 1876 die
1711 1830 2096 1893 B'saccrdotes,
2146 1832 2234 1899 qui
2278 1834 2508 1885 minores
2546 1847 2733 1899 capsas
2769 1830 3060 1901 gestabant.
3124 1832 3306 1884 Postea

158 1924 487 1978 sanctissimo
510 1921 722 1973 Pascha:
753 1928 803 1971 et
852 1920 901 1970 in
930 1918 1208 1970 Nativitate
1245 1915 1449 1968 Domini
1495 1912 1683 1965 fratres

156 2020 206 2059 rt
226 2010 407 2064 exteri
434 2022 612 2060 omnes
636 2008 721 2073 qui
749 2008 799 2057 in
826 2006 1045 2059 ecclesia
1070 2003 1358 2056 Salvatoris
1383 2002 1447 2053 ad
1470 2001 1682 2052 missam

156 2094 552 2155 conveniebant,
584 2094 634 2145 in
662 2093 843 2145 eadem
875 2092 1093 2143 ecclesia
1120 2086 1539 2142 communionem
1567 2101 1683 2151 per—

158 2188 412 2249 ciperent.
450 2181 581 2232 Dum
618 2195 743 2232 vero
771 2178 960 2231 fratres
988 2187 1041 2231 et
1074 2178 1255 2244 reliqui
1291 2175 1469 2229 clerici
1506 2175 1570 2226 ab
1599 2174 1685 2225 illo

160 2274 449 2336 sacerdote,
478 2273 565 2341 qui
596 2273 702 2340 ipsa
732 2272 814 2348 die
842 2272 1054 2324 missam
1087 2276 1369 2331 cantasset,
1402 2267 1687 2320 communi-

160 2362 437 2421 cabantur,
466 2369 523 2411 ut
554 2358 642 2410 alii
672 2361 773 2411 duo
806 2359 1105 2411 sacerdotes
1139 2372 1257 2409 cum
1283 2355 1489 2408 duobus
1516 2354 1687 2407 diaco-

162 2449 241 2499 nis
264 2448 587 2514 totidemque
611 2446 967 2508 subdiaconis,
985 2460 1116 2498 unus
1150 2446 1311 2506 viros,
1343 2444 1475 2496 alter
1509 2444 1688 2495 mulie—

162 2554 247 2589 res
276 2535 469 2588 ibidem
496 2536 923 2597 communicaret,
950 2542 1006 2586 ut
1028 2533 1198 2586 clerus
1221 2540 1271 2585 et
1291 2533 1511 2600 populus
1535 2533 1688 2585 simul

159 2623 529 2675 communicati
554 2622 989 2684 benedictionem,
1016 2636 1075 2674 ac
1097 2620 1494 2688 completionem
1520 2621 1691 2671 missae

163 2707 322 2760 simul
347 2715 557 2775 possent
584 2708 763 2761 audire
791 2726 802 2759 ε
830 2723 931 2775 quo
955 2706 1108 2769 facto,
1139 2708 1240 2760 duo
1268 2707 1340 2759 illi
1370 2708 1686 2768 sacerdotes,

166 2811 303 2847 unus
328 2796 394 2847 ad
420 2811 577 2848 unum
618 2797 837 2860 ostium,
863 2798 999 2849 alter
1043 2796 1108 2849 ad
1137 2796 1378 2860 alterum,
1406 2809 1596 2864 pueros
1627 2813 1691 2850 ex

162 2885 527 2938 ambulatoriis
562 2900 653 2938 seu
676 2877 961 2953 porticibus
1002 2888 1357 2953 superioribus
1372 2888 1693 2941 descenden-

164 2982 243 3025 tes
279 2973 771 3036 communicabant;
821 2987 882 3026 ac
926 2974 1113 3027 deinde
1158 2982 1377 3042 uterque
1419 2988 1538 3046 cum
1584 2974 1693 3026 suis

164 3059 422 3111 ministris
450 3059 513 3110 ad
554 3067 841 3112 extremum
886 3066 1102 3121 stames,
1151 3058 1284 3113 forte
1328 3060 1528 3123 altaris,
1571 3075 1691 3128 gra-

1778 1920 2229 1986 subsequebantur
2284 1929 2499 1985 septeno
2544 1921 2737 1987 quique
2788 1935 3004 1973 numero
3061 1920 3263 1972 diaconi
3294 1961 3307 1979 .

1780 2005 2102 2065 subdiaconi,
2133 2004 2381 2073 acolythi,
2409 2006 2703 2067 exorcistm,
2732 2004 2954 2059 lectores
2979 2014 3030 2058 ct
3071 2007 3307 2068 ostiarii;

1781 2108 1841 2144 ac
1872 2093 2058 2145 deinde
2094 2092 2279 2159 reliqui
2320 2093 2558 2145 monachi
2588 2093 2786 2161 septeni
2812 2102 2864 2145 et
2894 2094 3118 2160 septeni,
3153 2108 3234 2153 ne,
3268 2095 3310 2146 si

1781 2182 1995 2233 biui.vel
2026 2184 2161 2235 terni
2193 2183 2548 2247 incessissrut,
2592 2183 2819 2235 milliarii
2861 2184 3085 2249 spatium
3131 2183 3312 2249 imple—

1778 2264 1995 2324 vissent.
2027 2270 2132 2323 Hos
2165 2286 2345 2323 omnes
2374 2271 2492 2334 dein
2544 2273 2994 2340 subsequebantur
3039 2274 3185 2340 pueri
3230 2290 3311 2324 sr—

1784 2368 1922 2424 plem
1952 2374 2069 2413 cum
2116 2358 2329 2411 totidem
2360 2357 2635 2411 ihnnmulis
2664 2372 2754 2413 seu
2792 2360 2959 2421 tmdis,
2986 2368 3037 2413 et
3080 2368 3195 2427 post
3223 2376 3312 2411 eos

1784 2447 1882 2499 viri
1913 2447 2113 2500 nobiles
2154 2448 2353 2513 septeni
2399 2456 2452 2501 et
2496 2448 2714 2514 septeni,
2761 2463 2787 2499 a
2812 2448 3089 2515 pmposito
3112 2458 3193 2500 vel
3227 2449 3315 2499 dco

1786 2549 1918 2586 cano
1946 2535 2099 2588 electi
2131 2554 2141 2587 :
2172 2536 2361 2602 quibus
2391 2536 2674 2590 nobiliores
2699 2534 2903 2588 feminae
2926 2536 3104 2588 eodem
3133 2536 3316 2589 ordino

1787 2619 2152 2674 succedebant.
2195 2622 2317 2689 Post
2360 2624 2455 2676 bos
2495 2636 2677 2676 omnes
2714 2623 3067 2690 procedebant
3116 2630 3313 2688 septem

1788 2723 1968 2761 cruces
2020 2706 2302 2761 forensium
2362 2709 2729 2770 ecclesiarum,
2783 2724 2914 2775 quas
2967 2710 3317 2774 sequebantur

1788 2796 1935 2861 pueri
1966 2804 2019 2847 et
2050 2796 2231 2863 puclla:
2271 2796 2512 2848 cantandi
2539 2796 2734 2862 peritm,
2766 2810 2881 2861 (ιιιει³
2906 2796 3195 2847 orationem
3222 2795 3319 2847 Do-

1793 2883 2060 2947 minicam,
2092 2884 2405 2950 symbolum,
2452 2883 2658 2949 aliaque
2702 2881 2891 2935 similia
2940 2881 3310 2940 concinebant,

1791 2970 1976 3023 deinde
1996 2971 2405 3024 bonorabiliores
2426 2970 2523 3022 viri
2544 2985 2604 3022 ac
2624 2969 2827 3021 femina.-
2848 2984 2909 3021 ex
2932 2968 3033 3021 illis
3052 2967 3316 3025 ecclesiis;

1792 3066 2029 3110 extremo
2052 3056 2165 3110 loco
2194 3058 2486 3124 promiscua
2515 3058 2663 3109 turba
2700 3056 3023 3109 infirmorum
3052 3070 3115 3108 ac
3139 3070 3319 3108 senum

164 3147 308 3208 dum,
332 3146 787 3198 communicabant
815 3160 926 3208 eos,
950 3147 1036 3213 qui
1063 3147 1126 3199 ad
1148 3147 1392 3214 praedicta
1414 3146 1526 3199 loca
1554 3161 1694 3200 com-
1721 3134 1764 3194 C
1796 3154 2008 3213 septeno
2040 3147 2141 3198 iitu
2168 3146 2343 3198 itidem
2370 3144 2587 3211 pedibus
2616 3144 2964 3196 incedentium
2996 3162 3005 3195 :
3032 3144 3117 3210 qui
3145 3152 3318 3195 autem

166 3234 485 3287 municaturi
531 3248 633 3286 non
679 3234 1051 3297 occurrissent,
1095 3234 1233 3302 quod
1282 3244 1341 3287 ut
1384 3235 1481 3287 rite
1525 3234 1692 3297 ﬁeret,

164 3321 303 3373 idem
353 3321 517 3372 abbas
562 3319 921 3383 ordinaverat,
964 3328 1023 3372 ut
1062 3321 1115 3373 in
1152 3321 1355 3375 duobus
1398 3321 1502 3375 illis
1547 3320 1695 3374 festis

164 3416 395 3473 quatuor
433 3402 751 3470 sacerdotes,
793 3408 1112 3474 totidemque
1146 3409 1351 3462 diaconi
1388 3423 1449 3462 ac
1484 3409 1697 3463 subdia-

164 3493 281 3544 coni
305 3493 564 3546 sacerdoti
585 3480 868 3546 solemnem
894 3493 1103 3546 missam
1126 3495 1409 3548 celebranti
1432 3495 1691 3548 adessent.

168 3581 288 3633 llmc
316 3582 383 3631 de
404 3581 572 3647 primo
603 3582 726 3633 ritu.

238 3667 391 3719 Alter
417 3675 497 3719 est
523 3667 587 3719 de
616 3665 897 3733 majoribus
922 3667 1137 3732 litauiis,
1164 3668 1231 3721 ad
1250 3682 1380 3737 quas
1416 3668 1700 3723 solemnius

167 3754 440 3807 faciendas
467 3769 650 3809 cruces
689 3764 742 3808 et
780 3757 1143 3825 processiones
1170 3757 1455 3809 \icinarum
1502 3765 1699 3824 septem

166 3841 513 3893 ecclesiarum
540 3841 603 3892 ad
632 3850 869 3894 sanctum
895 3829 1196 3895 Richarium
1241 3843 1521 3895 convenire
1547 3843 1703 3897 debe-

170 3931 319 3981 bant.
373 3928 504 3982 Cnm
534 3944 597 3983 eo
624 3930 903 3992 venissent,
934 3944 1115 3983 omnes
1147 3929 1300 3982 simul
1346 3932 1703 3986 consistebant

166 4017 230 4069 ad
276 4017 578 4083 paradisum
624 4017 733 4071 sive
786 4017 978 4071 atrium
1021 4016 1254 4071 ecclesia:
1300 4006 1477 4071 Coram
1523 4028 1703 4072 sancta

169 4104 481 4165 nativitate,
528 4111 681 4177 atque
728 4105 967 4157 oratione
1014 4104 1179 4167 facta,
1230 4105 1424 4158 ibidem
1468 4106 1706 4159 ordinate

168 4191 552 4255 persistebant,
576 4191 761 4245 divisis
780 4192 902 4244 hinc
940 4192 1058 4244 inde
1087 4192 1213 4244 viris
1254 4206 1283 4243 a
1324 4192 1704 4258 septentrione,

172 4276 389 4329 feminis
431 4292 461 4329 a
506 4276 745 4340 meridie,
789 4278 1173 4344 prtestolantes,
1200 4277 1323 4330 dum
1368 4276 1561 4332 fratres
1587 4293 1706 4332 cum

169 4364 377 4429 schola,
426 4365 480 4419 id
526 4374 605 4419 est
641 4367 837 4435 pueris,
882 4368 946 4419 de
996 4366 1215 4428 ecclesia
1265 4367 1432 4420 sancti
1477 4366 1708 4421 Richarii

1794 3248 1898 3300 pra:
1920 3233 2221 3286 infirmitate
2240 3248 2339 3286 non
2360 3241 2621 3301 poterant,
2635 3234 2917 3300 equitando
2938 3232 3321 3299 subsequeban-

1793 3334 1894 3375 tur.
1921 3321 2012 3374 His
2039 3322 2112 3374 ita
2140 3322 2414 3382 ordinatis,
2440 3322 2816 3388 procedebatur
2838 3336 2930 3388 per
2958 3322 3185 3373 medium
3208 3335 3316 3371 mo~

1794 3408 2029 3470 nasterii,
2053 3408 2172 3460 dein
2197 3422 2289 3475 per
2310 3408 2571 3475 publicam
2609 3408 2767 3471 viam,
2790 3417 2843 3459 et
2876 3422 2969 3473 per
2988 3414 3190 3472 portam
3218 3422 3323 3457 me-

1795 3495 2073 3558 ridiauam,
2100 3510 2303 3547 murum
2327 3495 2577 3563 gyrando,
2598 3497 2989 3549 revertebantur
3009 3511 3100 3562 per
3120 3505 3321 3562 portam

1795 3584 2271 3650 septentrionalem.
2301 3584 2356 3637 In
2382 3584 2465 3638 bis
2486 3599 2609 3638 vero
2628 3585 2913 3654 majoribus
2951 3585 3171 3648 litaniis,
3200 3595 3317 3651 post

1796 3673 2128 3739 antiphonas,
2151 3672 2403 3741 psalmos,
2439 3672 2646 3740 aliaque
2676 3673 2729 3726 id
2759 3688 2943 3741 genus,
2979 3672 3326 3734 cantabantur

1797 3761 1898 3812 tria
1937 3760 2194 3828 symboia,
2244 3760 2625 3826 apostolorum,
2672 3758 3322 3826 Constantinopolitanum.

1797 3854 1851 3898 et
1876 3846 2039 3899 sancti
2066 3846 2365 3909 Athanasii;
2393 3846 2578 3900 deinde
2603 3846 2771 3900 oratio
2798 3846 3102 3908 Dominica;
3132 3857 3195 3911 et
3211 3856 3329 3912 post

1800 3935 2033 3988 litaniam
2060 3935 2382 4003 generalem,
2418 3933 2610 3988 fratres
2654 3952 2773 3990 cum
2819 3935 2997 3989 schola
3042 3949 3323 4001 puerorum

1803 4023 2013 4073 litanias
2046 4022 2409 4085 concinebant,
2440 4023 2610 4088 primo
2630 4022 2903 4085 Gallicam,
2931 4022 3158 4075 secundo
3188 4019 3327 4072 itali-

1804 4124 1939 4171 cam,
1967 4111 2123 4164 tertio
2146 4110 2433 4164 Romanam
2452 4129 2471 4182 ⁴ε
2518 4113 2706 4179 quibus
2728 4122 2993 4180 postremo
3019 4110 3331 4166 succedebat

1806 4196 2065 4250 canticum
2100 4195 2167 4248 Te
2194 4196 2353 4271 Deum
2402 4197 2697 4261 laudamus,
2749 4206 2802 4252 et
2828 4206 3007 4265 postea
3052 4198 3209 4250 missa
3247 4210 3331 4249 sov-

1807 4284 1993 4339 lemnis
2019 4284 2082 4338 ad
2107 4292 2341 4337 sanctum
2370 4282 2714 4340 Salvatorem.

165 4522 1843 4535 ~—~—r——_———————————————————

1850 4523 2176 4532 *-
2292 4522 3315 4533 mnu-“-

1001 4627 1349 4704 SANCTI
1412 4629 1644 4705 ANGI
1662 4630 2011 4705 LBEBTI
2069 4631 2526 4707 CARMINA.

208 4989 538 5061 Δηςίιὺετιω
565 4987 717 5039 abbas
751 4986 816 5039 ad
852 4982 951 5038 SS.
982 4980 1278 5033 Richari'um
1303 4987 1347 5030 et
1372 4978 1603 5046 Elegium
1628 4993 1673 5031 α,

543 5092 697 5153 (Antid
721 5091 929 5140 Froben.
948 5100 1058 5149 Opp.
1080 5088 1133 5135 B.
1158 5087 1384 5145 Alcnini.)

174 5196 436 5251 Servulus
462 5208 584 5249 ecce
611 5202 750 5255 tuus,
788 5188 1061 5244 Richarius
1096 5187 1283 5255 inclyte
1308 5194 1515 5254 pastor,

247 5283 377 5337 "me
408 5281 503 5333 tibi
530 5278 821 5338 construxit
841 5274 1057 5345 parvula
1089 5282 1243 5338 tecta,
1268 5273 1442 5326 Pater.

241 5447 266 5472 ιι
302 5432 361 5485 ιιι
388 5421 1261 5499 editioncAQuercetaniQLXXVII;
1305 5429 1478 5499 exstat
1499 5435 1702 5499 quoque

173 5502 376 5554 editum
418 5512 446 5548 a
469 5487 762 5548 Mahiiionio
782 5495 895 5547 Act.
922 5492 1017 5544 SS.
1042 5507 1159 5545 saec.
1188 5505 1258 5550 Iv,
1279 5497 1414 5555 part.
1441 5487 1487 5549 i,
1511 5489 1563 5541 in
1585 5488 1701 5539 Vita

175 5569 231 5620 S.
256 5564 671 5630 Angilberti,7p.
716 5561 839 5630 101.Δ
893 5559 1225 5630 Angilbertus
1262 5558 1314 5609 in
1354 5563 1466 5630 arte
1502 5556 1702 5630 poetica

175 5570 577 5623 S.An~ilberti,
622 5578 671 5630 p.
716 5570 828 5614 wl.
893 5570 1225 5625 Angilbertus
1262 5572 1314 5609 tn
1354 5570 1466 5607 arte
1538 5570 1702 5607 oeuca

174 5633 317 5689 haud
344 5605 551 5697 ἳλοεροδ
586 5629 700 5694 fuit,
724 5638 780 5683 ut
820 5628 1055 5683 fortassis
1096 5634 1367 5695 propterea
1410 5623 1473 5675 ab
1493 5570 1711 5676 chuiro

1740 4878 1781 4933 D
1810 4875 2026 4944 Semper
2069 4876 2284 4929 honoris
2324 4872 2437 4943 μ’..
2481 4869 2732 4941 bonorus]
2780 4886 2871 4925 ero
2912 4883 3098 4939 magno
3126 4873 3334 4939 pietatis

3040 4956 3261 5025 [amore.

1882 5052 2107 5104 Devotus
2135 5065 2257 5105 vere
2281 5050 2449 5104 cultor
2482 5051 2674 5117 ubique
2702 5050 2773 5100 tui
2804 5046 2929 5114 [Αι.,
2964 5041 3125 5109 tuus].

1809 5140 1881 5192 Tu
1908 5140 2053 5207 prior
2089 5142 2141 5193 in
2170 5140 2421 5209 gremium
2448 5136 2626 5191 mundi
2655 5136 2719 5188 de
2748 5133 2991 5188 ﬂuctibus
3016 5130 3209 5182 almum

1876 5230 2039 5281 Dante
2080 5237 2224 5281 tuum
2248 5226 2460 5281 Christo
2486 5240 2568 5279 me
2596 5226 2843 5278 miserum
2874 5218 3087 5271 tuleras.

1807 5433 1994 5473 nomen
2016 5416 2224 5471 Homeri
2261 5414 2509 5470 meruerit
2539 5429 2550 5462 ;
2581 5414 2737 5480 igitur
2768 5410 2903 5480 nulla
2935 5409 3067 5462 ratio
3106 5410 3329 5480 suppetit

1806 5489 1871 5539 ob
1899 5501 2054 5553 quam
2074 5486 2172 5539 hoc.
2190 5499 2397 5540 carmen
2426 5482 2591 5535 eidem
2608 5478 2722 5535 non
2748 5478 3036 5531 ascribatur
3055 5478 3138 5544 qui
3167 5478 3214 5529 in
3234 5478 3329 5529 illo

1809 5556 2051 5622 loquitur.
