3886 6228
610 357 699 407 851
1355 358 1407 409 S.
1449 357 1843 411 ANGILBERTI
1879 356 2153 410 ABBATIS
2191 357 2645 439 CliN'l'ULL‘NSlS
2682 360 2996 412 CARMINA.
3448 434 3455 439 Δ
3662 352 3767 405 852

610 462 828 513 Nutristi
856 470 907 513 et
936 470 1163 515 teucrum
1195 480 1214 502 ει
1249 478 1399 516 sacro
1426 466 1488 518 de
1514 465 1648 517 lacte
1671 464 1850 517 salutis
2144 468 2185 521 Λ
2215 462 2342 514 Nam
2371 473 2620 531 quantum
2646 468 2822 519 tardas
2841 466 3079 519 studuisti
3108 468 3307 537 tingere
3335 478 3536 522 moras,

676 550 748 604 Os
771 550 949 620 fragile
976 554 1248 607 instituens
1271 554 1508 607 cantibus
1534 555 1773 623 egregiis.
2283 549 2544 605 SOlllCllllS
2574 554 2741 620 patrio
2770 554 2927 606 corde
2964 554 3160 606 nitebat
3189 566 3356 605 amor.

610 637 681 689 Te
715 648 1027 707 quapropter
1050 655 1169 693 amo
1198 642 1335 704 totis,
1364 640 1519 695 Pater
1548 643 1763 708 optime,
1792 641 1939 695 votis.
2216 640 2441 708 Longius
2467 652 2519 695 et
2543 653 2791 709 quantum
2818 644 3054 697 diludunt
3078 645 3260 709 gaudia
3288 651 3553 703 mentem,

678 727 937 796 Exoptans
962 737 1020 781 ut
1044 745 1127 783 me
1158 739 1213 783 tu
1240 746 1443 798 quoque
1474 745 1680 797 semper
1708 745 1869 781 ames.
2282 727 2489 783 Fortius
2522 731 2753 783 absentis
2778 730 2939 798 prolis
2954 732 3139 798 imago
3164 730 3355 797 places.

609 812 804 868 Perfice
824 816 961 883 quod
993 818 1055 870 de
1084 832 1165 870 me
1187 818 1386 886 cmpisti
1418 826 1589 869 mente
1614 816 1851 895 benigpa,
2215 817 2321 869 lloc
2349 832 2629 885 germanus
2667 820 2775 884 agit
2801 819 3035 879 Carolus,
3066 819 3344 885 prmsentia
3371 818 3539 885 patris

676 900 843 967 Atque
874 911 1016 955 tuum
1044 901 1291 959 famulum
1320 904 1479 957 redde
1510 913 1599 955 tuo
1623 903 1857 955 Domino.
2279 904 2523 972 Carpitur
2551 907 2747 973 egregii
2781 906 2957 959 fratris
2984 922 3159 959 amore
3185 907 3284 957 sui.

609 986 683 1038 Tu
720 1002 924 1055 quoque
958 990 1206 1042 virtutum
1245 990 1446 1043 meritis
1482 990 1627 1053 mihi,
1658 998 1835 1043 sancte
1870 998 2115 1041 sacerdos
2213 990 2461 1054 Moratnr,
2490 1009 2775 1062 causasque
2804 996 3031 1047 morandi
3064 1010 3118 1047 se
3142 996 3430 1061 perimatur

674 1075 897 1143 Elegius,
929 1079 1167 1145 precibus
1189 1079 1437 1131 auxiliare
1472 1080 1591 1131 tuis.
2031 1105 2035 1109 -
2278 1078 2503 1133 Callibns
2528 1082 2797 1150 ambiguas
2822 1082 3154 1149 dillicilesque
3179 1084 3309 1133 vias.

611 1163 686 1215 Tu
720 1166 871 1218 modo
896 1182 1079 1236 magna
1105 1177 1251 1234 potes
1278 1169 1474 1222 cmlesti
1510 1170 1560 1221 in
1590 1170 1715 1221 sede
1744 1183 1837 1236 per
1862 1167 2026 1229 illum,
2211 1166 2442 1234 Suspirie
2469 1179 2707 1238 surgunt,
2734 1172 3022 1237 missosque
3053 1172 3280 1223 incassat
3300 1178 3509 1227 euntes.

677 1252 749 1305 Te
772 1254 904 1307 bona
931 1256 1016 1321 qui
1048 1257 1098 1308 in
1127 1258 1278 1309 terris
1305 1257 1525 1324 plurima
1552 1269 1702 1322 posse
1730 1256 1888 1330 dedit.
2277 1254 2559 1322 Segnitiem
2584 1264 2772 1323 putans
2793 1258 3039 1324 quidquid
3056 1258 3236 1309 abesse
3263 1266 3455 1323 potest.

606 1340 648 1394 Ο
675 1340 854 1396 Patres
883 1344 1065 1407 sancti,
1096 1360 1127 1397 ο
1152 1345 1441 1398 clarissima
1470 1345 1661 1399 lumina
1691 1345 1889 1407 mundi,
2210 1341 2372 1405 Quem
2400 1342 2722 1407 Chlodowib,
2758 1346 2994 1411 quamvis
3027 1347 3206 1398 eodem
3255 1354 3495 1396 teneatur
3546 1357 3768 1395 amore.

674 1426 804 1496 Spes
829 1432 948 1483 vita:
983 1439 1034 1484 et
1063 1433 1243 1491 veniae,
1272 1447 1362 1485 vos
1389 1432 1511 1485 mihi
1541 1422 1683 1486 certa
1710 1432 1869 1494 salus,
2280 1428 2509 1494 Solatur,
2537 1430 2714 1484 fratris
2738 1432 2915 1485 mitius
2940 1440 3055 1485 acta
3083 1432 3271 1484 ferens.

604 1514 737 1570 Ante
756 1518 916 1585 pedes
941 1528 1139 1573 vestros
1167 1520 1408 1589 lacrymis
1431 1518 1670 1588 perfusus
1694 1520 1887 1572 amaris
2210 1516 2393 1580 Parce,
2422 1518 2606 1585 inquit,
2634 1534 2897 1587 germane.
2932 1520 3032 1571 tuis
3057 1518 3247 1570 desiste
3276 1516 3509 1583 quereri.

672 1604 766 1657 Hie
785 1606 982 1673 jaeiens
1011 1606 1220 1677 [jaceo],
1253 1608 1372 1660 vit-.2
1402 1607 1619 1660 crimina
1648 1608 1833 1675 plango
1863 1619 2009 1659 mete.
2274 1606 2528 1662 Adveniet
2554 1616 2748 1669 noster,
2776 1608 2949 1669 credo,
2983 1607 3173 1660 sodalis
3200 1621 3366 1658 amor.

607 1690 803 1759 Smpius
827 1702 879 1747 et
903 1693 1097 1749 feriens
1121 1695 1335 1747 nimium
1371 1710 1455 1747 rea
1484 1703 1693 1761 pectora
1722 1694 1926 1763 pugnis,
2211 1691 2443 1758 Namque
2468 1706 2565 1760 ego
2592 1693 2861 1759 prmsentis
2890 1708 3129 1759 caperem
3158 1693 3277 1745 dum
3306 1692 3526 1759 praemia
3558 1692 3771 1748 noctis,

671 1780 736 1831 Et
761 1790 970 1847 peccata
1003 1782 1088 1851 pio
1119 1782 1367 1835 confiteor
1391 1783 1625 1835 Domino.
2149 1765 2187 1820 Β
2280 1780 2505 1832 Adstetit
2530 1780 2724 1848 egregii
2754 1779 2930 1832 fratris
2959 1781 3129 1847 imago
3159 1780 3278 1831 mei.

606 1868 708 1921 Vos
735 1870 860 1921 mihi
886 1885 1021 1923 mine
1048 1872 1240 1935 misero
1269 1872 1420 1925 mites
1446 1878 1611 1925 estote
1639 1871 1851 1924 Patroni
1880 1889 1890 1921 .
2212 1868 2393 1934 Meque
2418 1884 2511 1936 per
2539 1869 2807 1935 amplexus
2835 1878 2887 1920 et
2912 1868 3133 1935 plurima
3161 1867 3345 1934 gaudia
3386 1867 3533 1918 lusit.

669 1956 983 2013 Crimmibus
1008 1961 1210 2013 veniam
1238 1961 1456 2029 poscite,
1483 1976 1677 2026 qnzeso,
1706 1952 1854 2022 meis,
2281 1940 2423 2007 Dix‘it
2450 1956 2736 2009 abscedens
2767 1973 2777 2005 :
2810 1955 3067 2023 Prospera
3097 1962 3282 2006 cuncta
3313 1968 3462 2020 gero.

605 2045 785 2116 Magna
814 2063 931 2101 reor
953 2050 1102 2102 vobis
1129 2058 1289 2102 restat
1320 2051 1451 2111 laus,
1477 2042 1657 2116 gloria,
1686 2060 1885 2101 merces
1911 2067 1922 2098 :
2212 2042 2274 2094 Et
2303 2041 2407 2095 cito
2434 2043 2718 2109 prmchan's
2752 2044 3019 2094 obtutibus
3044 2042 3220 2093 adfore
3247 2042 3439 2093 vestris

675 2133 921 2189 Servulus
948 2145 1005 2189 ut
1030 2146 1203 2189 vester
1232 2138 1282 2189 in
1315 2151 1440 2189 nece
1470 2152 1567 2189 non
1597 2146 1796 2203 pereat,
2279 2130 2357 2183 Me
2385 2132 2537 2193 scito,
2566 2139 2621 2183 et
2639 2128 2825 2182 Carolo
2851 2130 2960 2181 ι]ωο
2990 2127 3124 2180 refer
3153 2140 3269 2180 acta
3298 2142 3439 2179 meo.

572 2280 579 2285 _
606 2223 836 2289 Quisque
864 2224 1000 2291 legat
1024 2224 1243 2285 titulum,
1275 2224 1433 2285 ιῐὶωι,
1458 2238 1659 2291 precor,
1689 2223 2020 2291 Angilhcno;
2210 2217 2339 2269 Nam
2368 2232 2469 2269 non
2496 2215 2821 2282 complentur
2848 2214 3133 2267 crescentis
3160 2228 3353 2266 cornua
3379 2213 3519 2265 lunze

673 2310 917 2377 Pauperis
939 2327 1000 2364 ac
1023 2311 1219 2374 miseri,
1243 2310 1469 2374 Christe,
1500 2319 1759 2363 memento
1790 2311 1885 2372 tui,
2278 2306 2443 2370 Quam
2474 2306 2572 2358 sibi
2606 2314 2657 2357 te
2682 2304 2822 2358 socio
2848 2305 3023 2358 oscula
3054 2304 3155 2359 lida
3182 2304 3334 2356 dabo.

606 2397 687 2451 Sit
711 2399 981 2452 benedicta
1008 2400 1191 2453 domus
1217 2400 1330 2452 hare
1356 2413 1450 2465 per
1476 2407 1544 2460 te,
1571 2397 1795 2459 Christe,
1820 2410 2111 2463 precamur,
2209 2394 2323 2447 Jam
2354 2396 2581 2447 donante
2604 2393 2711 2447 Deo
2740 2409 2841 2447 non
2871 2394 3073 2447 somnia
3100 2394 3378 2457 cernimus
3411 2393 3581 2455 ultro,

674 2488 741 2541 Ut
768 2489 979 2541 veniant
1003 2488 1167 2540 servis
1190 2487 1281 2540 hic
1302 2495 1389 2539 tua
1410 2487 1541 2539 dona
1569 2488 1689 2538 tuis.
2278 2482 2457 2534 Somni
2486 2482 2577 2535 sed
2601 2481 2802 2534 fructus
2824 2482 3162 2549 Angilbertus
3190 2496 3303 2548 ego.

1328 2602 1388 2655 ll.
2210 2568 2339 2621 Nam
2368 2576 2419 2620 te
2448 2568 2746 2637 Lingonicis
2770 2568 3057 2635 amplector
3082 2570 3249 2622 vietor
3275 2570 3326 2620 in
3351 2569 3500 2620 arvis

606 2690 819 2741 Carmen
860 2692 1151 2759 inscriptum
1175 2694 1374 2745 deintus
1411 2695 1566 2745 turris
1599 2695 1760 2745 sancti
1790 2690 2031 2742 Richardi
2063 2692 2114 2741 in
2213 2746 2253 2759 η,
2283 2658 2588 2759 V'x‘pflssus
2614 2657 2789 2759 ve‘rbfs
2816 2672 3038 2711 m'sccre
3064 2658 3221 2759 vim”
3246 2672 3371 2759 Pn‘s'

1039 2758 1325 2813 ςεηιαιεηεί
1353 2762 1675 2813 monasterio,
2213 2746 2286 2798 Te
2311 2746 2512 2813 patrius
2539 2746 2764 2798 vexabat
2792 2760 2959 2807 amor,
2988 2760 3072 2798 me
3100 2753 3264 2798 torret
3286 2752 3541 2813 uterque,

604 2844 1234 2927 Omnipotensobominus,
1262 2848 1347 2914 qui
1384 2847 1520 2899 celsa
1553 2847 1635 2899 vel
1668 2848 1771 2900 ima
1803 2849 2079 2915 gubernas,

1874 2849 2079 2905 bemas,
2277 2834 2444 2901 Ipsius
2470 2833 2727 2896 assiduus,
2762 2847 2899 2886 nunc
2934 2841 3053 2886 tuus
3080 2832 3215 2886 altus
3244 2846 3408 2885 amor.

672 2920 1170 3001 Maiestate'potens,
1200 2949 1425 3003 semper,
1455 2935 1647 3003 ubique
1671 2936 1825 2989 Deus.

2212 2923 2519 2987 Exspectate
2544 2921 2648 2981 diu,
2682 2922 2907 2988 spatium
2935 2922 2999 2973 da
3025 2934 3201 2987 quaeso
3228 2920 3496 2987 precanti,

608 3022 823 3089 Respice
847 3022 909 3075 de
941 3022 1091 3084 solio,
1134 3030 1428 3075 sanctorum
1470 3022 1655 3088 gloria,
1684 3037 1905 3082 summo,
2142 3060 2183 3119 C
2284 3008 2351 3061 Ul
2373 3009 2554 3075 βαυοίε
2579 3008 2754 3061 verbis
2778 3006 3001 3074 PlurimiI
3026 3006 3190 3060 Verba
3215 3007 3371 3119 Ῑετῗεο

688 3112 699 3119 .
792 3112 842 3119 α--
1126 3113 1136 3119 .
1214 3111 1249 3119 “
1350 3112 1362 3119 .
1548 3111 1563 3119 ι
1630 3110 1650 3119 Α
1769 3110 1800 3119 ι.
2168 3098 2185 3117 Α
2218 3100 2297 3119 0:-
2323 3097 2440 3119 (LI:—
2496 3097 2672 3119 ..ΑΙῘι--ι.
2702 3105 2930 3119 ΜΑηί-ριισιι
2964 3111 3216 3119 -Α-ιΑ-αηκμ
3249 3098 3304 3119 ΑΙ..
3334 3112 3371 3119 Α.

675 3112 1036 3178 Auximumque
1066 3113 1187 3174 ιυίε,
1213 3111 1323 3163 [ζει
1349 3112 1504 3173 bone,
1533 3111 1597 3165 da
1626 3110 1851 3163 famuli5_
2143 3096 2185 3119 “
2218 3100 2300 3151 Sis
2322 3097 2465 3161 felix,
2494 3097 2676 3150 solitus
2701 3105 2933 3149 nostrum
2964 3111 3218 3149 renovare
3243 3096 3503 3150 dolorem.

607 3199 929 3265 Principibus
961 3212 1161 3264 pacem,
1196 3196 1442 3261 subjectis
1470 3198 1600 3250 adde
1628 3196 1847 3249 salutem
1875 3235 1886 3245 .
2282 3186 2414 3237 Nam
2442 3185 2545 3237 cito
2564 3185 2843 3237 discedens
2869 3184 3077 3237 vulnera
3102 3196 3280 3237 nostra
3307 3199 3499 3237 novas.

674 3286 847 3338 Hostis
869 3286 1000 3353 pelle
1024 3287 1209 3347 minas,
1232 3270 1291 3337 et
1319 3284 1428 3337 féra
1459 3286 1589 3339 bella
1614 3299 1793 3353 preme
2118 3316 2119 3319 η
2216 3274 2294 3325 δίε
2323 3281 2491 3325 tecum
2520 3272 2607 3339 (Ιιιί
2634 3281 2817 3359 εψδεω
2850 3272 2979 3339 Γοῧίι
3005 3273 3250 3339 Ρωῖεθιδίι
3284 3272 3365 3324 νει
3401 3272 3535 3332 ima.

608 3370 726 3423 ll;ec
752 3386 955 3437 quoque
985 3386 1097 3437 qum
1126 3371 1283 3423 statui
1311 3369 1555 3438 fulgentia
1582 3370 1808 3422 culmina
1838 3370 2012 3436 templi
2283 3363 2447 3415 Ducat
2473 3362 2780 3414 incolumem
2809 3375 2899 3429 per
2924 3362 3076 3424 vada,
3102 3377 3296 3429 perque
3319 3362 3482 3413 viam.

672 3456 999 3523 Angilbertus
1024 3474 1141 3524 ego,
1166 3459 1268 3509 sint
1296 3459 1387 3509 tibi
1417 3468 1562 3524 grata
1585 3456 1709 3510 Deo.
2216 3453 2281 3505 Ut
2311 3462 2360 3504 te
2385 3451 2633 3519 suscipiat
2658 3452 2886 3519 grcmius
2914 3451 3205 3503 venerande
3235 3450 3497 3516 parentis,

608 3544 837 3609 Augusto
864 3552 917 3595 ct
945 3544 1148 3605 Carolo,
1177 3544 1323 3610 cujus
1346 3545 1536 3597 virtute
1561 3545 1759 3612 peregi,
2283 3540 2479 3593 Christi
2506 3539 2751 3592 defensus
2780 3540 3003 3607 tegmine
3029 3554 3187 3591 sanus
3212 3554 3320 3591 eas.

675 3633 909 3686 Concede
936 3634 1135 3700 imperii
1163 3634 1347 3702 gaudia
1374 3636 1556 3702 magna
1584 3634 1676 3686 tui.
2216 3630 2272 3683 Si
2299 3644 2390 3682 vos
2416 3628 2722 3695 conjunetos
2750 3626 2982 3680 defensio
3011 3628 3129 3679 diva
3156 3641 3249 3694 per
3274 3642 3441 3678 annos

613 3720 856 3785 Quisquis
882 3729 934 3770 ct
958 3720 1041 3771 hic
1068 3734 1298 3772 summas
1326 3720 1565 3786 precibus
1590 3719 1873 3787 pulsaverit
1902 3735 2071 3780 aures,
2280 3718 2528 3785 Protegat
2559 3733 2588 3769 a
2624 3702 2825 3769 cunctis
2853 3731 3065 3768 munere
3092 3725 3263 3767 macte
3291 3715 3464 3767 malis.

682 3807 925 3859 Effectum
955 3807 1151 3859 tribuas
1173 3821 1378 3873 semper
1406 3807 1600 3859 habere
1626 3806 1777 3858 Deus.
2218 3808 2260 3858 Ο
2295 3822 2390 3859 cur
2417 3820 2518 3858 non
2545 3806 2710 3859 merui
2738 3804 2875 3873 regis
2902 3812 3024 3857 tunc
3048 3819 3264 3858 cernere
3290 3804 3488 3864 vultus,

1322 3912 1404 3964 [[1,
2284 3893 2415 3945 Cum
2441 3902 2491 3945 te
2520 3892 2866 3960 complectens
2894 3892 3073 3944 oscula
3100 3906 3229 3959 pura
3259 3892 3423 3943 daret.

713 3999 926 4051 Cum,“
954 4001 1005 4052 5,,
1034 4002 1311 4054 υαυίηιεηιο
1344 3999 1563 4053 “dum,
1596 4003 1756 4053 mum
1778 4000 2020 4054 Richard,
2219 3982 2346 4032 Cum
2371 3979 2587 4032 Carolus
2612 3980 2796 4031 sitiens
2834 3988 2885 4032 et
2907 3978 3180 4031 Chludvvih
3210 3979 3397 4030 anxius
3426 3979 3600 4031 heros

1228 4068 1494 4136 depictum.
1760 4136 1761 4144 χ
2286 4068 2575 4134 Ancipitem
2606 4068 2764 4119 risum
2796 4067 2881 4119 vix
2912 4066 3009 4119 sibi
3037 4067 3193 4119 corda
3219 4074 3414 4134 tegunt.

615 4155 724 4208 lloc
746 4165 1095 4221 pavimentum
1124 4155 1335 4208 humilis
1363 4155 1525 4207 abbas
1551 4170 1861 4222 componere
1890 4157 1985 4209 feel
2218 4154 2353 4216 Quid
2382 4142 2762 4206 Chrodthrddis
2796 4162 2935 4222 agat,
2973 4152 3095 4219 quid
3126 4152 3279 4206 Berta
3303 4159 3357 4206 et
3383 4154 3527 4221 regia
3560 4153 3669 4205 fari

684 4230 1009 4308 Angilbertus
1037 4258 1151 4309 ego,
1179 4242 1364 4295 ductus
1386 4256 1561 4294 amore
1586 4242 1674 4294 Dei
1700 4261 1709 4291 ε
2290 4243 2608 4309 Exspectans
2632 4242 2838 4308 poterit,
2868 4243 3053 4309 gaudia
3085 4250 3226 4294 tanta
3255 4241 3469 4295 ferens?

620 4330 682 4381 [ι
711 4330 833 4399 ωυιί
864 4338 978 4395 post
1004 4330 1199 4382 obitum
1230 4338 1459 4382 sanctam
1490 4330 1681 4382 donare
1707 4331 1929 4397 quietem
2150 4350 2196 4406 υ
2222 4330 2352 4394 Quid
2397 4330 2487 4382 Gis
2516 4329 2627 4398 [F.,
2661 4330 2825 4398 Gisia]
2852 4338 2903 4380 et
2932 4329 3201 4381 Teodrada
3238 4330 3391 4385 simul
3431 4345 3554 4381 eum
3608 4333 3766 4397 prole

684 4417 930 4481 Dignetur
953 4416 1211 4477 Christus,
1236 4417 1340 4468 vita
1374 4417 1613 4482 salusque
1650 4430 1781 4467 mea.
3319 4413 3647 4484 [retractant
3672 4458 3685 4475 ,

1321 4503 1403 4555 lV'.
2288 4507 2485 4559 Caetera
2510 4504 2671 4571 regali
2697 4518 2824 4570 quas
2850 4514 2969 4556 tuus
2987 4506 3094 4571 agit
3115 4519 3279 4556 amor.

1056 4590 1270 4643 Carmen
1298 4592 1363 4643 ad
1388 4592 1678 4658 Pippinum.
1791 4656 1797 4661 ,
2221 4594 2352 4659 Quid
2373 4593 2515 4646 Gisia
2533 4593 2727 4661 egregii
2752 4607 2936 4659 sponsa
2962 4592 3281 4658 prmpulcbra
3310 4591 3569 4643 Tonantis

848 4690 936 4747 (lix
968 4690 1439 4749 Ducbesnio,Script.
1466 4702 1625 4737 rerum
1651 4689 1883 4748 Fraueic.)
2289 4673 2742 4745 Quid’Luitgardis
2768 4692 2929 4730 ovans
2958 4677 3116 4743 Regis
3144 4691 3319 4732 amore
3340 4676 3469 4728 luat.
3500 4670 3510 4676 ’

617 4771 833 4837 Jamque
866 4772 988 4823 ades
1008 4770 1259 4838 llisperiis
1281 4768 1527 4836 Pippinus
1558 4778 1729 4824 rector
1761 4769 1825 4821 ab
1858 4770 1983 4831 oris,
2223 4769 2355 4832 Quid
2394 4766 2715 4820 llildibaldus
2754 4766 3052 4834 prmcellcns
3091 4768 3271 4819 ordine
3306 4766 3441 4818 vatis
3466 4804 3482 4829 ,

691 4858 755 4911 Ut
785 4857 1013 4911 Cumules
1040 4856 1207 4908 Caroli
1232 4856 1414 4922 gaudia
1449 4870 1633 4921 magna
1658 4857 1840 4923 patris.
1962 4892 1970 4901 .
2290 4857 2486 4922 Quidve
2512 4855 2685 4916 duces,
2714 4854 2947 4915 comites,
2976 4854 3099 4920 quid
3129 4866 3271 4921 puer,
3300 4861 3458 4921 atque
3483 4868 3669 4907 senes.

623 4947 749 4998 Nam
776 4946 915 4997 velut
942 4943 1056 4995 Eois
1081 4943 1345 5011 consurgit
1372 4942 1598 4995 Phcebus
1625 4944 1688 4994 ab
1727 4945 1903 5005 astris,
2224 4945 2448 4995 Cunctos
2468 4942 2601 4993 altus
2620 4955 2766 4991 amor
2792 4940 3012 4993 sacratis
3036 4940 3232 5007 legibus
3252 4940 3359 4992 urit
3380 4978 3393 5001 ,

690 5032 941 5085 Gentibus
968 5030 1205 5083 Oceiduis
1243 5032 1319 5083 sic
1346 5031 1504 5083 decus
1533 5030 1642 5097 ipse
1669 5031 1819 5083 nites.
2293 5030 2529 5082 \‘ultibus
2558 5036 2607 5079 ct
2633 5028 2821 5079 vestris
2847 5027 3042 5081 lumina
3071 5028 3172 5079 fixa
3213 5034 3412 5079 tenent.

622 5123 927 5187 Exspectate
958 5120 1042 5172 diu
1071 5119 1251 5173 saltem
1280 5133 1415 5171 nunc
1443 5119 1620 5172 adfore
1648 5121 1870 5187 gaudent
2228 5119 2345 5170 llatc
2371 5124 2610 5169 maneant
2635 5115 2765 5181 patri
2789 5123 2839 5165 ct
2865 5114 3124 5179 germanis
3147 5113 3335 5180 gaudia
3361 5112 3547 5179 pacis,

690 5208 901 5274 Alpibus
935 5222 964 5259 e
998 5206 1177 5274 gelidis
1214 5215 1263 5259 te
1290 5216 1438 5274 pater
1466 5216 1615 5273 atque
1643 5222 1818 5273 genus.
2300 5205 2417 5256 llaec
2446 5214 2685 5253 mamant
2712 5202 2925 5253 Francis
2953 5199 3081 5252 festa
3112 5202 3263 5251 beata
3290 5200 3467 5253 bonis.

624 5295 857 5362 l‘rincipe
889 5308 1007 5347 eum
1043 5302 1185 5345 tanto
1213 5294 1372 5361 plebs,
1404 5295 1595 5357 clerus,
1624 5310 1733 5357 ara,
1767 5295 2025 5353 sacerdos,
2234 5296 2337 5345 Hoc
2370 5295 2538 5343 lii-inet
2562 5292 2796 5343 Christus
2824 5305 3035 5358 regnum
3065 5289 3354 5341 dominator
3375 5291 3442 5343 ab
3466 5284 3670 5353 astris,

691 5379 948 5433 Adventus
968 5381 1123 5433 vestri
1150 5381 1334 5446 gaudia
1362 5396 1546 5449 magna
1572 5388 1787 5433 metunt.
2304 5382 2366 5433 I't
2392 5381 2559 5448 vigeat
2585 5379 2745 5447 prolis
2771 5378 2958 5444 polleat
2985 5378 3092 5445 ipse
3125 5386 3293 5445 pater.

696 5525 715 5549 η
759 5511 1016 5563 Teucrum.
1085 5513 1227 5577 Quod
1270 5530 1368 5565 non
1414 5514 1793 5577 intelligendum
1834 5524 1910 5566 est
1953 5515 2125 5565 habitu
2231 5512 2473 5564 doctrinm
2511 5508 2736 5561 rmlestis
2773 5511 3022 5577 principio
3063 5510 3275 5562 fovenda
3316 5519 3418 5573 est,
3458 5513 3542 5564 uti
3575 5512 3769 5568 Paulus

632 5581 759 5633 ratio
796 5582 991 5645 atatis,
1031 5583 1121 5633 sed
1163 5582 1274 5633 vitae
1316 5582 1626 5649 spirituum,
1665 5597 1776 5649 que
1818 5592 1963 5634 Sarro
2007 5583 2132 5633 luCiC
2232 5579 2509 5633 Corinthiis
2550 5577 2789 5643 impiitnr.
2835 5578 2963 5630 Man.
3354 5590 3366 5596 ‘

1012 5660 1021 5679 |
