3886 6228
460 340 563 396 855

1462 336 1771 387 LEIDRADI
1812 330 2277 385 LL'GDL’NENSIS
2315 328 2606 381 EPISCOPI

3535 321 3632 378 8.56

462 454 521 499 ut
549 447 717 513 magis
743 446 962 512 quisque
981 459 1044 496 ex
1066 458 1126 495 ea
1152 443 1419 495 erudiatur
1438 456 1595 507 quam
1612 437 1986 493 confundatur;
2023 435 2066 490 Α
2092 435 2355 491 latitantes,
2384 444 2428 485 et
2455 435 2639 485 sterilis
2670 450 2769 484 tum
2790 443 2859 484 est
2896 434 2946 483 in
2974 434 3063 484 eis.
3104 433 3333 485 Miebeas
3372 434 3436 483 de
3466 436 3630 499 gratia

463 531 613 599 cujus
650 530 873 585 eruditio
905 531 970 584 ad
1004 530 1263 585 sermonis
1306 530 1383 582 sui
1426 531 1744 581 consortium
1779 534 1996 579 cunctos

464 618 748 672 clementer
782 618 989 681 invitat,
1035 615 1221 683 injuste
1264 615 1460 669 nullum
1504 616 1750 667 deterret.
1798 612 1997 665 Vestra-

464 720 590 776 ergo
614 704 1048 761 constantissimae
1074 704 1338 777 modestia:
1376 702 1496 754 freti
1530 701 1725 761 favore,
1753 700 1803 750 in
1835 714 1997 764 quan-

467 807 577 850 tum
617 796 877 863 attingere
913 794 979 846 de
1021 793 1103 845 his
1140 792 1294 845 rebus
1320 804 1624 857 possumus;
1665 787 1785 839 licet
1811 800 1993 853 parum

464 887 619 954 digne
636 883 897 952 possimus
915 882 1119 943 dicere;
1142 880 1450 947 exponimus
1470 878 1605 944 quol
1627 877 1775 928 nobis
1792 878 1994 943 jttssum

464 974 627 1039 fuisse
651 990 681 1028 a
707 974 856 1027 vobis
877 971 1220 1032 advertimus,
1250 969 1472 1027 maxime
1498 967 1672 1018 verbis
1696 974 1997 1017 sanctorum

464 1064 680 1117 Patrum
704 1077 769 1115 ex
798 1060 1021 1115 diversis
1046 1058 1310 1127 opusculis
1335 1056 1571 1123 sumptis.
1602 1055 1669 1107 Et
1694 1053 1997 1120 priusquam

466 1151 539 1202 ad
562 1159 751 1203 cratera
777 1132 1064 1209 veniam-us,
1090 1147 1212 1199 libet
1238 1160 1398 1214 pauca
1428 1146 1489 1196 de
1513 1143 1596 1195 his
1622 1157 1737 1217 quzc
1763 1143 1829 1193 ab
1849 1156 1998 1193 exor-

466 1237 552 1289 dio
578 1235 755 1288 mundi
791 1236 855 1288 ad
882 1234 1167 1302 potentiam
1206 1234 1445 1297 baptismi
1485 1230 1796 1297 pertinentia
1831 1228 2000 1295 praeti-

465 1332 645 1391 gurata
674 1331 825 1385 sunt,
854 1336 1049 1389 ponere
1069 1361 1083 1384 ,
1113 1330 1164 1373 et
1193 1320 1482 1371 nativitatis
1509 1320 1774 1377 secundae,
1810 1318 1913 1369 imo
1950 1318 1998 1367 in

466 1411 674 1465 Christo
700 1411 903 1478 primae,
930 1410 1165 1478 digerere
1201 1417 1548 1469 sacramenta,
1578 1422 1638 1459 ac
1670 1408 1914 1472 deinceps
1938 1405 2002 1457 de

466 1498 673 1550 caeteris
721 1499 878 1550 rebus
927 1504 1151 1549 tractare
1200 1510 1213 1547 :
1263 1495 1487 1547 maxime
1528 1494 1651 1559 quia
1699 1494 1871 1544 dicitis
1911 1507 2002 1544 vos

465 1586 599 1640 velle
640 1601 955 1655 cognoscere
996 1586 1222 1654 qualiter
1261 1586 1541 1637 doceamus
1584 1589 1636 1634 et
1678 1582 2002 1634 instruamus

468 1660 669 1743 plebem
696 1684 749 1727 et
776 1673 1093 1728 sacerdotes.

970 1760 1191 1826 CAPUT
1225 1760 1503 1815 PRlMUM.

706 1848 777 1900 De
803 1848 1258 1916 signiﬁcationibus
1283 1850 1415 1899 sacri
1446 1848 1777 1915 baptismatis.

542 1935 702 2000 igitur
746 1934 889 1986 rudis
926 1933 1151 1987 mundus
1171 1973 1185 1996 ,
1216 1934 1433 1988 necdum
1464 1932 1573 1987 Sole
1602 1934 1845 1985 rutilante
1865 1972 1876 1991 ,
1915 1947 2009 1983 nec

472 2022 701 2089 pallente
730 2022 880 2084 luna,
916 2036 1013 2073 nec
1051 2022 1205 2073 astris
1237 2022 1580 2082 micantibus,
1615 2022 2008 2087 incompositam

474 2117 529 2161 et
552 2106 861 2159 iuvisibilem
896 2106 1168 2165 materiam
1197 2107 1502 2173 abyssorum
1540 2105 1929 2173 magnitudine,
1961 2114 2013 2179 et

476 2192 801 2246 deformibus
829 2192 1059 2245 tenebris
1096 2194 1437 2259 Opprimebat.
1472 2192 1624 2246 Solus
1666 2193 1884 2261 Spiritus
1922 2192 2012 2243 Dci
2058 2222 2065 2231 ρ

478 2282 530 2335 in
559 2282 753 2350 auriga:
790 2281 1000 2335 modum
1026 2298 1177 2349 super
1205 2299 1363 2351 aquas
1392 2282 1667 2349 ferebatur,
1708 2292 1761 2334 et
1798 2296 2016 2333 nascen-

478 2380 582 2423 tem
624 2370 872 2423 mundum
902 2371 953 2422 in
999 2369 1164 2438 ﬁgura
1210 2371 1452 2439 baptismi
1499 2370 1842 2437 parturicbat.
1880 2371 2017 2423 Inter

480 2458 671 2511 omium
696 2464 750 2511 et
786 2466 979 2511 terram
1019 2458 1249 2509 medium
1287 2460 1575 2511 exstruitur
1610 2457 2012 2519 ﬁrmamentum,

478 2549 535 2596 et
558 2542 708 2610 juxta
750 2541 992 2595 Hebraici
1019 2544 1277 2595 sermonis
1304 2543 1688 2613 etymologiam,
1721 2544 1933 2605 cmlum,
1969 2544 2020 2595 id

480 2638 565 2684 est
603 2626 859 2691 Samaim,
891 2644 954 2683 ex
1001 2631 1151 2698 aquis
1188 2632 1404 2684 sortitur
1432 2632 1758 2693 vocabulum,
1789 2639 1837 2682 et
1875 2646 2021 2698 aqua:

482 2732 598 2785 quae
619 2733 771 2786 super
796 2717 945 2770 culos
981 2727 1098 2771 sunt
1134 2720 1185 2771 in
1232 2718 1413 2773 laudes
1452 2719 1659 2772 Domini
1694 2726 2018 2785 separantur.

484 2805 633 2861 Unde
660 2814 708 2859 c'
736 2806 788 2858 in
818 2806 1058 2860 Ezechiel
1079 2806 1381 2874 crystallum
1411 2820 1569 2874 super
1587 2806 1856 2859 cherubim
1884 2806 2023 2859 vide-

485 2901 573 2947 tur
599 2902 906 2957 extensum,
942 2894 993 2947 id
1031 2904 1111 2948 est
1147 2903 1430 2962 compacta:
1469 2903 1522 2948 et
1553 2895 1820 2949 densiores
1856 2910 2020 2961 aqum.

394 2988 399 2993 ’
484 2983 721 3037 Primum
748 2982 813 3035 de
846 2982 1001 3050 aquis
1030 2983 1168 3050 quod
1200 2983 1342 3035 vivat
1374 2984 1658 3049 egreditur,
1686 2992 1739 3036 et
1773 2991 2027 3051 pennatos

2098 524 2339 588 laptismi
2386 521 2701 576 vaticinatur
2746 540 2756 573 :
2805 523 3127 575 Miserebitur
3162 522 3350 581 nostri,
3384 522 3633 590 demerget

2094 610 2381 678 iniquitates
2422 621 2619 663 nostras
2642 651 2655 672 ,
2694 620 2741 663 et
2783 612 3013 677 projiciet
3046 611 3098 663 in
3134 609 3450 677 profundunt
3478 612 3637 662 maris

2095 698 2266 747 omnia
2291 708 2494 764 peccata
2521 708 2693 749 nostra
2733 697 2910 764 (Miclt.
2950 713 3051 758 vII,
3102 699 3203 765 19).
3237 698 3482 751 Ezechiel
3519 699 3630 750 ait:

2098 784 2294 837 Tollam
2323 803 2404 837 ros
2440 788 2621 853 quippe
2658 787 2719 838 de
2748 788 3005 853 gentibus,
3037 797 3081 838 el
3112 788 3425 855 congregabo
3462 805 3547 840 ros
3574 784 3639 838 de

2097 876 2340 926 universis
2378 878 2550 937 terris,
2587 887 2630 928 et
2674 878 2931 943 c/Inndant
2972 894 3122 944 super
3157 895 3237 929 ros
3276 895 3463 946 aquam
3493 896 3612 929 mun

2096 960 2236 1019 dum,
2265 972 2311 1013 et
2338 963 2703 1014 mundabimini
2730 964 2791 1015 ab
2821 964 3051 1015 omnibus
3087 966 3439 1032 iniquitatibus
3465 969 3642 1016 rostris

2098 1046 2307 1114 (Ezeclt.
2350 1065 2527 1112 xxxvt,
2556 1050 2623 1101 24
2643 1089 2656 1110 ,
2682 1049 2790 1117 ‘25).
2822 1050 2936 1116 Ipse
2967 1050 3207 1102 Salvator
3234 1059 3351 1117 post
3379 1049 3644 1117 baptisma

2098 1146 2149 1187 et
2176 1138 2527 1191 sanctificatas
2555 1152 2650 1191 suo
2676 1138 2888 1190 lavacro
2914 1153 3078 1205 aquas
3104 1138 3348 1192 Jordanis
3365 1178 3380 1200 ,
3411 1140 3645 1207 primum

2098 1226 2303 1291 signum
2331 1239 2393 1289 ex
2420 1226 2571 1291 aquis
2601 1224 2756 1288 facit;
2785 1235 2839 1278 et
2864 1226 2952 1292 qui
2993 1225 3060 1277 ab
3089 1227 3241 1294 aquis
3266 1236 3498 1292 coeperat
3530 1226 3648 1278 tini-

2102 1311 2173 1361 vit
2202 1300 2251 1361 in
2278 1298 2444 1377 aquis.
2471 1310 2630 1365 Latus
2656 1314 2949 1378 percutitur
2974 1312 3177 1375 lancea,
3203 1324 3257 1364 ct
3280 1314 3530 1381 baptismi
3560 1329 3653 1380 pa-

2102 1397 2229 1449 riter
2241 1406 2398 1465 atque
2415 1398 2650 1466 martyrii
2672 1408 3000 1452 sacramenta
3015 1399 3321 1453 funduntur.
3337 1402 3463 1455 Post
3481 1417 3657 1454 resuro

2104 1486 2386 1538 rectionem
2417 1502 2564 1539 suam
2587 1487 3048 1556 mittittliscipulos
3077 1491 3126 1542 in
3155 1492 3405 1542 utnndum
3434 1492 3658 1543 univer-

2102 1587 2236 1635 sum,
2272 1582 2323 1626 et
2349 1574 2477 1627 dicit
2498 1576 2575 1628 eis
2608 1590 2620 1627 :
2649 1575 2748 1638 Ite,
2771 1576 2943 1628 docete
2972 1594 3142 1630 omnes
3170 1589 3356 1644 gentes,
3383 1579 3656 1645 baptizan-

2104 1672 2173 1714 tes
2195 1680 2275 1714 eos
2302 1665 2582 1727 innomine
2604 1662 2800 1726 Patris,
2824 1676 2869 1717 et
2895 1664 3038 1728 Filii,
3063 1676 3107 1718 et
3132 1666 3354 1733 Spiritus
3377 1668 3565 1717 sancti.
3596 1668 3662 1719 Et

2041 1739 2081 1795 Β
2110 1751 2297 1804 iterum
2345 1766 2357 1801 :
2402 1750 2501 1813 Qui
2536 1754 2805 1805 crediderit
2845 1764 2891 1805 et
2937 1754 3220 1820 baptizatus
3259 1752 3445 1817 fuerit,
3483 1752 3664 1805 saltus

2108 1842 2219 1891 erit.
2248 1832 2249 1837 ¹
3164 1870 3193 1897 κ

2178 1929 2251 1981 Ex
2290 1928 2377 1983 illo
2410 1944 2535 1998 ergo
2567 1941 2798 1999 tempore
2828 1940 3100 1999 cmperunt
3128 1932 3349 1999 apostoli
3381 1932 3579 1983 docere
3610 1939 3667 1981 et

2094 2016 2410 2084 ‘baptizare;
2434 2026 2614 2087 gentes
2645 2029 2817 2071 autem
2856 2020 3072 2072 credere
3108 2028 3159 2072 et
3194 2018 3471 2086 baptizari.
3520 2018 3668 2084 Erga

2108 2106 2196 2171 qui
2220 2105 2565 2171 baptizandus
2588 2114 2700 2168 est,
2732 2107 2876 2173 prius
2919 2106 3137 2158 docetur
3164 2114 3221 2158 ut
3260 2106 3466 2167 credat,
3500 2107 3549 2157 id
3582 2114 3697 2156 estt

2112 2194 2400 2244 instruatur
2428 2192 2528 2244 fide
2558 2206 2571 2243 :
2602 2191 2700 2245 hoc
2722 2200 2803 2245 cst
2825 2192 2965 2244 enim
2988 2192 3421 2244 catechumcnum
3448 2206 3585 2251 esse,
3615 2192 3671 2243 id

2112 2287 2195 2330 est
2242 2277 2573 2331 instructum.
2616 2274 2957 2333 Cateclti'zare
3001 2287 3083 2331 est
3118 2279 3398 2332 instruere.
3440 2278 3530 2331 Sic
3570 2278 3669 2330 filii

2114 2364 2272 2417 lsracl
2301 2373 2580 2433 antequam
2605 2367 2670 2418 ad
2696 2379 2841 2419 mare
2864 2366 3101 2418 Rubrum
3123 2367 3385 2430 venirent,
3416 2366 3672 2419 instructi

2116 2461 2238 2505 sunt
2266 2466 2294 2503 a
2324 2451 2497 2520 Moyse
2530 2444 2595 2504 de
2621 2452 2740 2519 agni
2777 2451 3129 2505 immolatione
3158 2460 3209 2504 et
3244 2451 3357 2518 eius
3386 2453 3670 2519 sanguine.

2121 2540 2267 2592 Unde
2292 2547 2374 2591 est
2400 2546 2457 2589 ut
2484 2538 2527 2590 is
2547 2577 2560 2599 ,
2586 2537 2667 2591 cui
2697 2554 2787 2605 per
2814 2539 3169 2602 sacerdotem,
3199 2540 3347 2607 quasi
3384 2554 3479 2606 per
3521 2538 3672 2607 Moyo

2119 2641 2249 2689 sem,
2292 2626 2427 2679 Deus
2457 2626 2682 2694 primum
2728 2627 2973 2694 loquitur,
3021 2628 3457 2692 catechumenus,
3495 2630 3545 2682 id
3586 2639 3674 2681 est

2122 2716 2359 2779 audiens,
2396 2716 2710 2769 nominetur.
2742 2715 2872 2769 Nam
2900 2719 3441 2780 catechumenum,et
3466 2720 3673 2772 instru-

2121 2814 2261 2858 ctum
2283 2790 2336 2859 et
2364 2805 2660 2859 audientem
2686 2805 2865 2858 dicunt
2893 2805 3248 2877 interpretari.
3282 2786 3677 2860 Exorcizantui‘

2124 2893 2375 2960 primum,
2406 2892 2594 2945 deinde
2621 2892 2780 2945 salem
2808 2893 3070 2961 accipiunt
3100 2875 3154 2945 et
3188 2902 3471 2962 unguntur.
3503 2894 3677 2947 Exor-

2126 2982 2298 3034 cizare
2335 2981 2519 3035 Grmce
2543 2981 2756 3045 dicitur,
2784 2981 2967 3034 Latine
2995 2990 3167 3035 autem
3204 2981 3447 3049 adjurare
3476 2984 3557 3035 vel
3592 2984 3677 3037 in-

489 3067 669 3123 fideles
693 3068 757 3122 de
781 3076 922 3122 terra
949 3068 1015 3121 ad
1041 3070 1231 3141 omium
1258 3069 1411 3122 levat.
1439 3069 1749 3123 Fabricatur
1774 3071 1950 3134 homo,
1975 3080 2028 3124 et
2053 3051 2098 3109 (ἶ
2127 3084 2362 3136 crepare.
2400 3069 2503 3127 Per
2534 3078 2805 3136 peccatum
2835 3069 2973 3122 enim
3009 3069 3060 3122 in
3091 3068 3262 3136 ptimo
3298 3071 3510 3123 homine
3536 3071 3678 3140 lapsi

490 3156 628 3209 inter
671 3170 859 3209 manus
912 3155 1004 3208 Dei
1052 3172 1305 3224 aquarum
1358 3166 1684 3211 sacramenta
1730 3168 2023 3211 versantur.

491 3244 765 3297 Plantatur
793 3245 1068 3312 paradisus
1114 3246 1166 3298 in
1204 3245 1347 3299 Eden
1368 3286 1383 3310 ,
1424 3254 1477 3299 et
1506 3263 1639 3300 unus
1671 3247 1787 3301 fons
1826 3247 1877 3300 in
1902 3263 2028 3315 qua-

496 3342 616 3385 tuor
645 3333 897 3401 principia
924 3332 1199 3398 dividitur,
1226 3337 1314 3403 qui
1353 3349 1534 3403 postea
1560 3337 1846 3390 secundum
1876 3337 2029 3390 visio-

494 3424 615 3471 nem
660 3418 952 3475 Ezechielis
998 3422 1266 3490 prophetat:
1303 3425 1577 3491 egrediens
1621 3425 1684 3477 de
1732 3426 1941 3492 templo,
1978 3434 2030 3477 et

498 3515 681 3559 contra
711 3508 835 3561 solis
862 3517 1036 3562 ortum
1068 3511 1291 3575 vadens,
1328 3528 1538 3566 amaras
1570 3528 1731 3581 aquas
1772 3523 2032 3584 mortuas-

500 3611 601 3664 que
628 3596 872 3650 vivificat.
902 3597 1093 3653 Peccat
1118 3601 1369 3664 mundus,
1400 3610 1452 3656 et
1480 3604 1590 3655 sine
1617 3617 1869 3670 aquarum
1899 3603 2030 3656 dilu-

502 3686 587 3738 vio
612 3701 712 3738 non
740 3694 989 3756 purgatur
1012 3706 1025 3739 :
1052 3688 1330 3755 statimque
1348 3690 1588 3744 columba
1615 3691 1840 3757 Spiritus
1865 3692 2033 3743 sancti

500 3775 718 3842 expulso
744 3774 865 3827 alite
903 3777 1198 3839 teterrima,
1226 3777 1295 3829 ita
1325 3778 1387 3829 ad
1420 3778 1555 3840 Noe,
1588 3780 1735 3845 quasi
1780 3780 1843 3831 ad
1879 3780 2035 3831 Chri-

503 3858 641 3918 stum
673 3866 723 3918 in
750 3865 1028 3919 Iordanem
1055 3866 1277 3930 devolat,
1303 3875 1354 3919 et
1373 3882 1520 3919 ramo
1545 3866 1843 3921 refectionis
1872 3882 1932 3920 ac
1959 3867 2035 3919 lu-

505 3954 663 4006 minis
688 3968 870 4020 pacem
895 3955 1037 4007 orbis
1065 3954 1357 4008 annuntiat.
1403 3956 1607 4009 Pharao
1645 3973 1763 4010 cum
1798 3957 2034 4010 exercitu

503 4054 597 4091 suo
620 4038 809 4092 nolens
826 4040 1069 4106 populum
1099 4040 1305 4096 Domini
1322 4042 1467 4094 exire
1491 4044 1552 4095 de
1576 4037 1819 4111 IEgypto,
1843 4044 1894 4097 in
1917 4051 2036 4114 typo

503 4126 835 4194 baptismatis
859 4125 1170 4191 suffocatur;
1199 4135 1251 4181 et
1271 4126 1321 4179 in
1343 4128 1558 4194 psalmis
1585 4130 1649 4183 de
1678 4130 2037 4185 interiectione

502 4214 642 4267 illius
672 4214 920 4267 scribitur
948 4230 961 4266 :
996 4213 1070 4267 Tu
1100 4216 1412 4283 conﬁrmasti
1447 4218 1497 4268 in
1538 4210 1718 4271 uirtute
1754 4228 1844 4271 tua
1877 4235 2035 4281 mare,

504 4304 783 4355 contrivisti
805 4301 1276 4370 capita-draconum
1293 4306 1344 4357 in
1364 4308 1508 4373 aquis
1527 4304 1693 4372 (Psal.
1721 4322 1904 4370 LXXIII,
1931 4308 2036 4375 i3).

508 4391 657 4445 Unde
680 4399 731 4443 et
759 4390 923 4459 reguli
945 4398 999 4443 et
1035 4391 1333 4458 scorpiones
1361 4393 1560 4443 arentia
1590 4408 1806 4460 qumque
1832 4403 2037 4447 sectan-

509 4491 637 4533 tur:
673 4481 724 4533 in
765 4494 857 4532 ara
901 4468 1133 4532 mutatur
1177 4466 1561 4532 sacramentum
1604 4480 1804 4553 crucis,
1848 4490 1903 4531 et
1943 4496 2038 4533 Lxx

510 4569 695 4635 palmre
735 4568 1086 4633 apostolon
1122 4567 1406 4621 dulcoratis
1448 4567 1575 4633 legis
1612 4566 1898 4635 gurgitibus
1922 4568 2042 4619 irri-

511 4665 717 4723 gantur.
746 4655 1009 4708 Abraham
1036 4663 1090 4708 et
1111 4655 1253 4712 Isaac
1284 4661 1468 4723 puteos
1490 4654 2045 4725 ~fodiunt'Lrepugnant

509 4743 773 4812 allopbyli,
800 4754 853 4798 et
878 4746 1150 4800 Bersabese
1178 4746 1361 4799 civitas
1390 4744 1691 4813 juramenti,
1726 4761 2046 4814 regnumque

512 4832 808 4885 Salomonis
838 4848 1023 4885 nomen
1052 4836 1211 4886 sumit
1239 4850 1268 4887 a
1295 4834 1541 4888 fontibus.
1578 4834 1813 4889 Rebecca
1850 4834 2045 4887 inveni-

514 4931 599 4971 tur
622 4919 685 4971 ad
715 4927 959 4988 puteum.
992 4919 1185 4973 Rachel
1211 4929 1422 4988 propter
1449 4936 1610 4989 aquas
1640 4922 2048 4991 supplantatoris

515 5006 695 5059 osculo
731 5006 1029 5080 salutatur,
1076 5007 1275 5075 Moyses
1320 5008 1453 5061 tilias
1509 5010 1791 5063 sacerdotis
1841 5010 2045 5065 Madian

515 5101 695 5160 aperto
720 5104 878 5161 puteo
903 5097 969 5147 ab
1008 5094 1195 5161 injuria
1226 5097 1471 5152 vindicat.
1512 5097 1622 5149 νοω
1660 5097 1864 5152 Domini
1899 5118 2050 5169 super

516 5198 698 5251 aquas.
716 5182 957 5236 Dominus
978 5199 1129 5251 super
1142 5199 1299 5253 aquas
1320 5184 1523 5237 multas.
1542 5184 1788 5239 Dominus
1801 5185 2047 5240 diluvium

516 5269 799 5322 inhabitare
838 5269 979 5336 facit.
1022 5271 1205 5325 Dentes
1240 5273 1348 5341 ejus
1390 5275 1520 5325 sicut
1557 5289 1679 5342 grex
1722 5273 2049 5328 detonsarum

521 5356 715 5418 ovium,
745 5373 858 5426 qute
896 5359 1229 5413 ascenderunt
1261 5361 1323 5412 de
1357 5359 1573 5421 lavacro,
1615 5377 1785 5413 omnes
1816 5362 2047 5429 gemellos

590 5493 614 5518 ⁸
653 5484 784 5541 Hinc
812 5496 953 5557 patet
978 5488 1103 5557 quid
1132 5488 1201 5542 sit
1223 5489 1409 5542 collata
1437 5487 1712 5542 exorcistis
1730 5497 1960 5557 potestas
1997 5490 2046 5542 in

518 5566 702 5608 eorum
738 5555 1059 5610 ordinatione
1094 5558 1390 5624 imponendi
1422 5571 1605 5611 manus
1637 5555 1793 5624 super
1829 5572 2047 5625 energu-

2129 3172 2307 3208 smnus
2327 3198 2339 3220 ,
2368 3169 2420 3209 et
2448 3158 2499 3209 in
2530 3159 2713 3211 mortis
2742 3157 3099 3211 bmreditatem
3129 3174 3311 3212 omnes
3339 3160 3674 3215 devenimus.

2130 3244 2328 3311 lmpleti
2357 3260 2536 3297 sumus
2563 3246 2836 3298 timoribus
2860 3253 2913 3298 et
2935 3247 3205 3300 erroribus
3234 3248 3420 3301 merito
3443 3252 3674 3316 peccati,

2131 3350 2247 3387 cum
2290 3349 2393 3401 quo
2433 3335 2717 3388 nascimur.
2754 3333 2872 3388 Ideo
2912 3342 2965 3387 et
2998 3335 3201 3403 parvuli
3235 3337 3581 3392 exsulilantur
3621 3352 3680 3394 et

2130 3424 2512 3497 exorcizantur,
2547 3433 2617 3476 ut
2640 3423 2862 3491 pellatur
2888 3424 3054 3503 ab
3078 3425 3273 3480 diaboli
3308 3434 3543 3495 potestas
3572 3429 3681 3480 iui-

2133 3514 2295 3577 mica,-
2315 3527 2430 3579 qua:
2453 3513 2655 3591 decepit
2680 3513 2972 3575 hominem,
3004 3525 3063 3567 ut
3085 3515 3378 3583 possideret
3403 3516 3677 3571 homines.

2134 3599 2245 3649 Non
2273 3606 2397 3666 ergo
2424 3598 2513 3650 Dei
2541 3608 2783 3653 creatura
2812 3601 2863 3653 in
2893 3601 3180 3659 infantibus
3205 3603 3557 3669 exorcizatur,
3586 3608 3678 3661 vel

2131 3688 2432 3741 exsulnatur
2464 3706 2476 3739 :
2506 3688 2598 3741 sed
2623 3688 2723 3751 ille,
2750 3690 2846 3744 sub
2872 3706 2977 3758 quo
2996 3706 3179 3745 omnes
3196 3704 3314 3746 cum
3334 3702 3554 3760 peccato
3578 3710 3680 3747 na-

2134 3786 2367 3831 scuntur.
2399 3778 2490 3831 Est
2510 3778 2650 3831 enim
2678 3779 2921 3847 princeps
2945 3790 3299 3847 peccatorum.
3332 3781 3681 3834 Exo‘rcismus

2134 3874 2306 3918 autem
2330 3872 2410 3918 est
2436 3879 2610 3917 sermo
2638 3866 3007 3932 ittcrcpationis
3039 3874 3093 3919 et
3119 3865 3459 3933 adjuntiouis
3482 3876 3680 3921 contra

2138 3951 2459 4003 immundum
2483 3951 2722 4017 spiritum
2744 3965 2839 4017 pro
2862 3962 2884 3989 ο
2906 3949 3270 4020 cncrgumcnis
3290 3954 3399 4005 sive
3421 3954 3683 4006 catechu-

2137 4044 2303 4096 Inenis
2334 4038 2517 4105 factus,
2542 4057 2637 4109 per
2656 4056 2811 4109 quem
2836 4041 2899 4095 ab
2920 4040 3019 4094 illis
3038 4040 3571 4110 diaboli‘nequissima
3591 4042 3681 4096 vis

2135 4140 2189 4184 et
2231 4132 2519 4184 inveterata
2557 4129 2784 4191 malitia,
2828 4128 2905 4183 vel
2943 4128 3136 4181 violata
3181 4128 3409 4183 incursio
3452 4128 3678 4197 expulsa

2140 4219 2363 4287 fugatur.
2395 4219 2505 4273 Hoc
2542 4220 2680 4272 enim
2718 4218 3028 4285 significavit
3063 4217 3321 4270 luuaticus
3358 4216 3475 4280 ille,
3513 4231 3679 4284 quem

2143 4307 2427 4373 increpavit
2452 4308 2700 4360 Dominus
2720 4304 2892 4367 Jesus,
2913 4311 2965 4355 et
2986 4297 3201 4357 exiit'ab
3222 4304 3310 4356 illo
3333 4304 3676 4359 daemonium.

2143 4382 2377 4447 Potestas
2396 4407 2522 4463 ergo
2548 4394 2735 4447 diaboli
2760 4392 3090 4445 exorcizatur
3112 4401 3166 4446 et
3187 4391 3477 4445 instituatur
3499 4392 3554 4446 in
3573 4393 3679 4455 eis.

2141 4492 2196 4535 ut
2218 4484 2264 4536 ei
2304 4484 2629 4545 renuntient;
2674 4492 2827 4550 atque
2864 4483 3028 4550 erepti
3065 4496 3096 4535 ι
3132 4488 3389 4551 potestate
3426 4484 3681 4537 tenebra-

2141 4586 2256 4623 rum
2275 4610 2289 4633 ,
2318 4571 2371 4623 in
2400 4584 2613 4635 regnum
2641 4569 2843 4622 Domini
2874 4570 2952 4622 sui
2980 4583 3074 4635 per
3100 4577 3481 4621 sacramentum
3501 4569 3683 4637 bapti-

2142 4660 2323 4710 smatis
2351 4655 2753 4710 transferantur.
3504 4722 3507 4725 _

2211 4748 2298 4802 Sal
2345 4755 2520 4801 autem
2555 4747 2606 4800 in
2645 4746 2935 4801 ministerio
2979 4746 3373 4800 catechumenis
3410 4744 3615 4817 dandus
3646 4764 3684 4801 a

2143 4836 2384 4890 Patribus
2412 4836 2527 4888 ideo
2552 4840 2633 4888 cst
2658 4834 2946 4894 institutus,
2978 4841 3035 4885 ut
3057 4833 3170 4901 ejus
3199 4842 3353 4903 gustu
3374 4832 3687 4888 condimen-

2145 4932 2254 4975 tum
2279 4921 2549 4991 sapientitc
2578 4920 2896 4989 percipiant,
2928 4934 3096 4987 neque
3132 4921 3390 4988 desipiant
3422 4934 3453 4972 a
3487 4933 3687 4989 sapore

2144 5010 2367 5072 Christi;
2400 5024 2463 5061 ne
2490 5008 2594 5061 sint
2622 5007 2747 5059 fatui
2766 5046 2779 5069 ,
2808 5016 2861 5060 et
2889 5016 3030 5061 retro
3059 5008 3357 5075 respiciant,
3382 5008 3518 5061 sicut
3544 5021 3705 5062 uxor

2146 5096 2260 5157 Lot,
2286 5111 2399 5163 qua:
2426 5109 2573 5147 versa
2616 5101 2698 5146 est
2741 5093 2791 5146 in
2830 5102 3057 5146 statuam
3098 5086 3253 5157 salis;
3290 5099 3351 5146 ut
3378 5090 3494 5161 ejus
3526 5093 3689 5163 signo

2144 5184 2483 5237 condirentur
2508 5182 2561 5234 bi
2593 5183 2681 5250 qui
2708 5196 2802 5251 per
2824 5180 2977 5237 iidem
3007 5180 3199 5235 mundo
3227 5189 3280 5234 et
3310 5181 3520 5235 actibus
3542 5176 3693 5236 desi-

2147 5270 2406 5338 deriisque
2430 5270 2543 5335 ejus
2566 5268 2893 5331 renuntiant;
2920 5276 2981 5321 ut
3000 5266 3302 5323 ali'ectiones
3321 5268 3559 5337 pristina
3577 5285 3691 5326 nou
3738 5264 3743 5265 ί

2150 5361 2503 5420 recordentur,
2534 5373 2702 5426 neque
2729 5361 2794 5410 ad
2823 5357 2997 5419 stoculi
3024 5356 3298 5413 illecebras
3328 5365 3690 5412 revertantur.

2148 5504 2345 5543 menos.
2374 5488 2563 5542 Confer
2593 5488 2871 5557 Berardum
2903 5489 2953 5543 in
2982 5488 3146 5544 Cann.
3178 5489 3233 5544 Η
3258 5529 3272 5555 ,
3304 5489 3396 5557 i5,
3422 5448 3527 5555 3D;
3556 5490 3691 5545 dial-

2147 5558 2233 5621 es,
2257 5563 2394 5627 pan.
2427 5573 2463 5623 ι,
2490 5572 2535 5610 c.
2570 5556 2650 5620 t5,
2681 5556 2706 5627 §
2736 5557 2785 5609 ι.
