3886 6228
188 372 293 430 85‘1

1196 375 1387 428 LIBER
1428 375 1513 427 DE
1553 374 2005 459 SACRASIENTO
2045 377 2393 434 DAPTISML'
2460 324 2475 341 ι

3266 375 3367 430 858

192 487 339 541 Unde
364 485 493 555 legis
517 485 821 538 mandatum
849 492 959 547 est,
984 492 1046 537 ut
1068 499 1222 536 omne
1263 483 1580 537 sacriﬁcium
1608 482 1733 536 salis
1758 482 1805 539 Α
1831 492 1877 534 et
1911 500 2039 551 para
2073 502 2245 538 aurem
2272 498 2414 539 tuam
2451 484 2609 539 verbis
2643 484 2930 554 prudentia:
2971 480 3155 552 (Eccli.
3196 499 3254 546 tt,
3290 483 3367 537 2i.

186 574 480 640 atljeetione
505 574 825 633 condirctur,
855 572 1060 625 dicente
1090 573 1383 640 legislatore
1414 591 1426 623 :
1454 571 1563 625 Nec
1586 572 1732 640 aufe-

188 678 267 715 res
296 662 372 713 sal
400 661 602 727 [uideris
631 659 695 712 de
728 658 980 727 sacri/icio
1010 659 1235 711 Domini.
1272 657 1492 727 Propter
1516 659 1654 726 quod
1679 666 1733 712 ct

185 748 441 801 Dominus
470 747 519 799 in
547 746 828 815 Evangelio
856 748 930 800 ait
958 765 968 799 :
1004 745 1181 799 Omnis
1210 748 1409 800 victima
1437 746 1543 800 sale
1580 747 1731 800 salie-

184 844 289 887 tur.
324 835 390 887 Et
420 836 469 887 in
496 834 601 887 alio
630 835 743 887 loco
776 852 788 885 :
817 832 1009 886 Habete
1036 835 1089 885 in
1116 834 1254 887 vobis
1277 832 1455 896 salem,
1482 844 1527 886 et
1554 850 1730 903 pacem

140 978 146 987 ,
182 922 363 976 habete
403 926 535 976 inter
575 940 678 977 vos.
724 922 1013 977 :Estiniant
1050 938 1277 991 namque
1312 925 1552 992 quidam,
1592 928 1729 993 quod

182 1012 347 1065 etiam
378 1013 515 1078 apud
544 1011 795 1079 quosdam
829 1011 1099 1077 gentilium
1127 1013 1343 1081 antiqua
1369 1021 1484 1067 erat
1509 1029 1729 1069 consue-

183 1101 311 1152 tudo
329 1140 343 1162 ,
370 1111 429 1153 ut
454 1101 541 1168 qui
574 1099 871 1153 ﬁdelitatem
899 1101 1110 1169 regibus
1133 1103 1537 1168 promittebant,
1564 1105 1726 1158 salem

182 1187 484 1254 adjuratum
504 1186 584 1239 vel
611 1195 973 1239 consecratum
999 1186 1049 1239 in
1071 1189 1402 1254 pnesentiam
1424 1190 1727 1243 earumdem

182 1290 368 1342 regum
394 1275 583 1342 quibus
612 1273 765 1327 ﬁdem
788 1275 1182 1342 promittebant,
1204 1278 1557 1331 comederent.
1581 1278 1728 1331 Unde

183 1364 233 1414 in
272 1362 405 1415 libro
432 1362 614 1415 Esdra:
640 1364 891 1429 scriptum
921 1372 1003 1415 cst
1034 1363 1173 1431 quod
1203 1364 1465 1433 principes
1497 1365 1728 1419 Samari—

180 1461 426 1505 tanorum
457 1453 563 1520 regi
595 1452 874 1505 Persarum
892 1492 904 1513 ,
934 1467 1053 1506 eum
1079 1454 1143 1505 de
1164 1456 1499 1508 accusatione
1524 1456 1729 1509 Jlldll‘O-

180 1558 300 1594 rum
328 1542 640 1603 scriberent,
668 1542 894 1594 dixerint
923 1556 937 1593 :
968 1541 1216 1595 Memores
1238 1560 1414 1597 sumus
1441 1544 1564 1598 salis
1592 1545 1725 1613 quod

178 1632 232 1683 in
259 1632 453 1699 palatio
478 1631 783 1683 comedimus
812 1628 860 1700 (1
894 1630 1047 1682 Esdr.
1080 1648 1150 1694 tv,
1179 1632 1285 1702 Μ).

250 1719 434 1771 Difl‘ert
462 1735 586 1771 sane
614 1720 749 1772 inter
775 1731 797 1758 ο
829 1721 1235 1774 catechumenos
1269 1733 1323 1774 et
1346 1730 1720 1790 competentes.

178 1807 555 1862 Catecltumeni
588 1809 763 1876 itaque
787 1816 939 1871 sunt,
975 1809 1064 1875 qui
1093 1809 1321 1875 primum
1348 1810 1411 1863 de
1436 1811 1724 1877 gentilitate

179 1897 416 1956 veniunt,
453 1906 506 1948 et
538 1896 787 1948 habentes
812 1895 1131 1948 voluntatem
1158 1895 1403 1949 credendi
1434 1898 1486 1949 in
1515 1896 1724 1950 Christo

178 1987 403 2037 audiunt
436 1986 651 2037 verbum
680 1983 829 2047 ﬁdei,
858 1984 948 2036 sed
981 1984 1209 2036 nondum
1237 1984 1565 2051 appellantur
1597 1984 1724 2037 ﬁde-

179 2075 273 2124 lt'S.
303 2073 670 2137 Competcntes
690 2080 865 2123 autem
892 2079 1028 2133 sunt,
1054 2072 1141 2139 qui
1156 2071 1267 2137 jam
1289 2080 1406 2138 post
1432 2073 1723 2125 doctrinam

178 2162 321 2222 ﬁdei,
355 2169 469 2228 post
496 2161 869 2213 continentiam
896 2161 1041 2222 vitre,
1075 2161 1295 2228 gratiam
1335 2160 1527 2214 Christi
1556 2163 1724 2228 perci-

176 2266 302 2318 pere
334 2250 597 2303 festinant.
630 2248 853 2317 ideoque
895 2249 1221 2325 appellantur
1255 2259 1639 2317 competentes,
1671 2250 1723 2302 id

175 2348 257 2391 est
285 2341 508 2407 gratiam
536 2337 732 2391 Christi
761 2347 1016 2404 petentes.
1043 2337 1119 2390 Illi
1157 2347 1340 2405 petunt
1363 2349 1415 2391 et
1439 2334 1719 2407 accipiunt,
1760 2362 1767 2369 '

176 2428 573 2481 catcchizantur
598 2434 654 2478 et
682 2426 1012 2479 instruuntur
1044 2426 1386 2479 instructione
1424 2442 1723 2479 sacramen-

178 2530 355 2569 torum
383 2534 395 2567 :
431 2516 543 2568 istis
563 2506 791 2567 salutare
819 2513 1112 2581 symbolum
1140 2514 1385 2576 traditur,
1414 2516 1559 2581 quasi
1582 2531 1724 2568 cotu-

176 2605 518 2658 mouitorinm
554 2604 702 2677 ﬁdei,
745 2612 798 2657 ct
830 2614 1024 2657 sanctzn
1062 2602 1406 2657 confessionis
1450 2605 1717 2667 indicium,

175 2713 281 2762 quo
312 2696 552 2751 instructi
584 2704 885 2765 agnoscant,
914 2696 1093 2764 quales
1107 2695 1215 2764 jam
1239 2697 1301 2749 ad
1330 2698 1549 2765 gratiam
1574 2697 1724 2749 Chri-

177 2786 241 2839 sti
268 2785 519 2837 exhibere
549 2799 605 2837 se
632 2783 875 2837 debeant.
909 2783 1030 2836 llazc
1068 2792 1172 2836 tota
1213 2785 1375 2847 actio,
1413 2800 1529 2851 qua:
1569 2798 1725 2851 super

177 2873 571 2927 catccbumenis
596 2880 648 2927 et
672 2872 1086 2940 competentibus
1115 2872 1428 2935 celebratur,
1455 2887 1483 2923 a
1509 2873 1724 2940 quihus-

178 2962 301 3014 dam
329 2962 640 3014 scrutinium
670 2962 989 3023 nominatur,
1028 2977 1129 3015 nou
1159 2962 1225 3013 ob
1266 2961 1435 3024 aliud,
1482 2973 1536 3014 ut
1576 2956 1727 3028 putai

177 3066 317 3111 mus,
349 3050 450 3102 nisi
474 3066 503 3102 a
531 3053 841 3113 scrutando,
866 3051 1015 3115 juxta
1044 3051 1482 3105 illudPsaltnisue
1514 3071 1523 3103 :
1559 3052 1718 3105 Scru-

177 3145 293 3186 tans
320 3134 475 3186 corda
507 3144 553 3187 et
593 3152 731 3188 renes
774 3136 927 3188 Deus.
968 3137 1044 3188 Eo
1080 3137 1219 3203 quod
1256 3138 1325 3189 ibi
1362 3146 1723 3191 scrutarentur

177 3225 340 3277 corda
366 3224 693 3278 credentium
721 3233 773 3279 et
799 3214 1144 3278 dubitantium
1187 3241 1215 3277 a
1254 3226 1633 3289 sacerdotibus,
1665 3234 1724 3278 ut

178 3310 530 3379 intelligerent
559 3314 675 3379 quis
706 3314 770 3365 ad
796 3314 1111 3381 baptismum
1138 3312 1249 3378 jam
1289 3314 1386 3366 rite
1420 3314 1721 3367 admittere-

179 3409 283 3461 tur,
316 3401 405 3466 qui
434 3401 606 3452 adhuc
628 3400 943 3453 differretur.
976 3401 1131 3454 Juxta
1158 3404 1258 3455 hoc
1290 3409 1341 3455 et
1389 3403 1638 3455 Dominus
1670 3403 1720 3454 in

177 3486 464 3555 Evangelia
493 3489 565 3540 ait
595 3504 607 3539 :
638 3486 948 3540 Scrutumini
973 3488 1283 3544 Scripturus.

789 3596 1009 3651 CAPUT
1044 3598 1103 3651 ιῐ.

179 3682 420 3755 De_tactu
452 3684 655 3755 narium
690 3694 736 3736 et
765 3688 968 3755 aurium
996 3700 1013 3734 :
1040 3686 1100 3738 ob
1124 3702 1276 3755 quam
1309 3704 1514 3741 causam
1545 3706 1720 3741 secun-

244 3750 371 3802 dum
402 3751 723 3807 traditionem
746 3750 1221 3806 ecclesiasticant'ab
1251 3756 1481 3809 omnibus
1509 3757 1723 3808 catholi-

245 3819 319 3871 cis
348 3816 538 3871 C/m'sti
559 3820 904 3873 sacerdotibus
933 3822 1044 3887 ﬁat.

245 3908 499 3961 lntroitus
524 3908 644 3961 ﬁdei
663 3916 716 3962 et
735 3910 893 3965 totius
912 3921 1103 3965 sancta:
1123 3912 1371 3967 doctrina:
1394 3914 1457 3965 ad
1487 3913 1721 3967 animum

174 4009 271 4063 per
294 4010 454 4049 aures
481 3996 789 4059 admittitur,
825 4006 879 4051 et
918 3998 981 4052 de
1011 3998 1193 4052 auditu
1228 4000 1525 4054 intellectus
1548 4000 1717 4054 exori-

178 4098 282 4137 tur.
324 4084 502 4150 Neque
530 4085 670 4137 enim
702 4076 874 4154 potest
902 4086 1090 4154 aliquis
1125 4087 1242 4139 ﬁdei
1277 4096 1606 4142 sacramenta
1632 4102 1718 4142 co-

176 4170 452 4236 gnoscere,
490 4172 590 4225 nisi
619 4172 797 4225 audiat
822 4158 1214 4239 priedicantem,
1246 4173 1541 4229 afﬁrmante
1568 4176 1721 4230 beato

174 4258 429 4327 Apostolo
456 4261 544 4326 qui
571 4259 700 4313 dicit
726 4277 739 4312 :
770 4258 927 4314 Fides
965 4278 1029 4314 ea:
1063 4262 1279 4327 auditu;
1308 4263 1514 4316 auditus
1550 4274 1721 4317 autem

174 4364 263 4416 per
286 4347 494 4400 verbum
525 4347 641 4401 Dei.
682 4348 843 4401 Recte
870 4365 994 4419 ergo
1017 4351 1130 4419 ejus
1168 4365 1352 4404 sensus
1375 4365 1569 4416 organa
1597 4365 1718 4403 san-

1830 573 1967 641 Ergo
2007 574 2352 630 sanctiﬁcatio
2380 576 2585 629 aurium
2620 574 2900 644 signiﬁcat,
2931 584 2989 625 ut
3010 586 3194 625 omnes
3219 581 3371 625 extra

1829 659 2157 728 disciplinam
2195 677 2493 725 sermones,
2520 662 2672 731 quasi
2708 661 2959 717 doctrina:
2994 659 3189 713 Christi
3224 657 3370 712 oblo-

1827 759 2065 816 quentcs,
2094 761 2404 807 aversentur
2433 752 2609 807 ﬁdeles
2640 768 2703 807 ac
2726 751 2947 819 fugiant,
2976 763 3137 818 seque
3167 749 3231 801 ad
3258 746 3369 801 sola

1828 835 1922 889 Dei
1945 840 2105 891 verba
2131 840 2389 893 audienda
2415 847 2725 894 convertant
2753 858 2765 892 :
2798 837 3182 907 quia-auditum
3213 850 3365 890 suum

1826 925 2021 981 Christi
2034 928 2257 997 eloquiis
2273 926 2669 984 consecrarunt.
2686 930 2850 983 Nares
2865 944 3070 998 quoque
3090 927 3278 980 similis
3292 935 3367 979 ta-

1828 1025 1913 1072 ctu
1926 1018 2341 1082 sanctiﬁcantur,
2358 1028 2414 1072 ut
2434 1020 2487 1072 hi
2505 1021 2594 1087 qui
2608 1021 2673 1073 ad
2694 1018 3230 1090 baptismumveniunt
3244 1057 3257 1079 ,
3273 1018 3366 1070 atl-

1828 1116 2142 1161 moneantur
2155 1109 2284 1161 tanti
2300 1110 2531 1178 mystcrii
2554 1118 2939 1163 sacramentum
2961 1122 3125 1176 usque
3146 1108 3211 1161 ad
3229 1123 3369 1160 mor-

1830 1204 1932 1250 tem
1960 1198 2265 1252 inviolatum
2291 1207 2447 1267 atque
2471 1200 2730 1269 integrum
2755 1198 3018 1252 custodire
3035 1217 3045 1250 :
3062 1206 3119 1251 ut
3137 1198 3368 1266 quandiu

1828 1284 2071 1351 spiritum
2096 1285 2218 1337 vita:
2245 1286 2398 1353 hujus
2424 1287 2639 1340 naribus
2664 1286 2771 1339 suis
2792 1286 3092 1349 attrahunt,
3120 1301 3148 1336 a
3172 1284 3369 1336 Christi

1830 1370 2034 1423 Domini
2062 1372 2224 1424 nostri
2250 1372 2453 1425 cultura
2479 1382 2533 1425 ct
2556 1373 2769 1427 servitio
2794 1388 2897 1425 non
2925 1372 3189 1425 recedant.
3224 1369 3370 1424 Unde

1828 1468 1879 1511 et
1902 1448 1999 1512 Job
2026 1460 2109 1513 vir
2129 1468 2342 1514 sanctus
2360 1461 2592 1528 loquitur
2622 1480 2633 1513 :
2662 1462 2833 1514 Donec
2856 1470 3077 1530 superest
3101 1459 3290 1511 Italt'tus
3315 1460 3371 1526 in

1827 1562 1923 1608 nte,
1953 1555 1999 1599 et
2023 1548 2239 1614 spiritus.
2258 1546 2352 1600 Dei
2378 1547 2429 1599 in
2459 1546 2666 1600 naribus
2696 1547 2839 1609 meis,
2866 1562 2966 1598 non
2987 1545 3255 1613 loquentur
3285 1543 3367 1596 la-

1827 1630 1909 1681 bia
1939 1646 2051 1683 mea
2074 1631 2409 1699 iniquitatem,
2433 1648 2521 1684 nec
2547 1631 2723 1699 lingua
2750 1648 2861 1684 mea
2894 1630 3125 1699 loquetur
3153 1631 3365 1684 utenda-

1828 1720 1981 1773 cium.
2015 1718 2118 1773 Sed
2154 1720 2326 1773 adhuc
2352 1721 2594 1773 subtilior
2622 1720 2917 1774 intellectus
2947 1721 2998 1772 in
3038 1720 3136 1772 hac
3162 1721 3367 1771 narium

1753 1788 1798 1844 Β
1828 1806 2244 1859 sanctiﬁcatione
2280 1808 2539 1873 signatur.
2583 1808 2669 1860 llle
2698 1808 2839 1861 enim
2877 1816 3048 1861 tactus
3082 1807 3146 1860 ad
3181 1807 3369 1859 odora-

1823 1905 1931 1947 tum
1960 1896 2136 1949 ﬁdeles
2165 1904 2419 1964 provocat
2444 1896 2735 1963 spiritalem
2755 1934 2770 1957 ,
2796 1903 2853 1948 ut
2882 1910 2983 1946 non
3008 1897 3247 1961 corporis
3273 1896 3364 1948 sed

1824 1986 2014 2038 mentis
2047 1986 2287 2038 sensibus
2313 1982 2579 2037 Christum
2602 1982 2950 2037 inmstimabili
2972 1983 3227 2035 suavitate
3249 1998 3368 2035 seu-

1821 2076 1921 2127 tire
1950 2075 2172 2143 possint,
2203 2084 2257 2128 et
2277 2076 2451 2129 dicere
2474 2075 2525 2128 ei
2559 2092 2572 2127 :
2602 2072 2723 2127 Post
2751 2084 2797 2125 te
2820 2075 2879 2126 itt’
2910 2073 3113 2125 odorem
3140 2088 3363 2139 unguen—

1820 2172 1989 2214 torum
2029 2172 2233 2215 tuorum
2274 2178 2534 2215 curremus
2574 2161 2744 2232 (Cant.
2787 2178 2823 2221 l,
2866 2161 2938 2230 5).
2977 2160 3123 2214 llunc
3148 2161 3363 2214 odorem

1821 2251 2154 2304 commendat
2191 2249 2472 2319 Apostolus
2508 2250 2841 2313 Christianis,
2870 2266 2987 2303 cum
3021 2250 3148 2303 dicit
3195 2267 3207 2303 τ
3257 2249 3366 2302 Deo

1820 2349 1989 2391 autem
2016 2342 2209 2408 gratias
2227 2380 2241 2402 ,
2266 2341 2351 2408 qui
2381 2340 2657 2407 triumphat
2692 2355 2783 2391 nos
2818 2341 2870 2390 in
2905 2338 3106 2390 Christo
3133 2338 3258 2391 Jestt
3276 2379 3291 2400 ,
3320 2348 3367 2390 et

1820 2427 2026 2479 odorem
2062 2428 2257 2480 notitia:
2290 2443 2399 2480 sua:
2426 2428 2715 2494 manifestat
2748 2442 2838 2494 per
2866 2442 2955 2478 nos
2989 2427 3040 2476 in
3070 2426 3206 2477 omni
3233 2424 3361 2487 loco,

1818 2518 1939 2584 quia
1962 2515 2151 2569 Christi
2177 2516 2334 2569 bonus
2362 2516 2490 2568 odor
2512 2531 2687 2568 sumus
2710 2514 2834 2566 Deo.
2859 2513 3061 2567 Debent
3085 2528 3209 2582 ergo
3241 2511 3365 2565 ﬁde-

1822 2604 1895 2657 les
1914 2605 1984 2657 ita
2003 2608 2196 2666 vivere,
2221 2610 2279 2656 ut
2303 2604 2643 2665 suavissimus
2669 2604 2734 2657 ad
2756 2603 2919 2657 Deum
2940 2602 3071 2656 odor
3090 2617 3153 2654 ex
3181 2615 3365 2654 eorum

1820 2692 1939 2744 vita:
1965 2692 2245 2745 sanctitate
2268 2692 2603 2745 conscendat.

1893 2779 2363 2848 Unguntur'etiam
2407 2796 2545 2834 nunc
2587 2780 2951 2834 catcchumeni
2989 2780 3038 2832 itt
3070 2782 3284 2847 pectore
3313 2788 3366 2833 et

1820 2871 1956 2924 inter
1979 2872 2219 2940 scapulas
2240 2871 2357 2924 oleo
2381 2871 2699 2934 exercitato,
2731 2886 2849 2925 cum
2879 2870 3248 2923 abrenuntiant
3273 2869 3366 2922 Sa-

1822 2965 1955 3009 tanae
1981 2966 2035 3010 et
2061 2958 2306 3026 operibus
2334 2972 2397 3009 ac
2423 2958 2626 3025 pompis
2652 2958 2784 3027 ejus.
2812 2957 2961 3023 Quod
2991 2957 3107 3010 ideo
3137 2956 3248 3008 ﬁeri
3278 2971 3363 3008 ar-

1818 3044 2097 3107 bitramur,
2125 3053 2182 3097 ttt
2208 3044 2559 3098 habitaculum
2588 3046 2761 3104 cordis
2790 3054 2910 3097 ante
2944 3052 2995 3096 ct
3023 3052 3164 3096 retro
3192 3044 3366 3112 signe-

1824 3140 1927 3194 tur,
1967 3147 2072 3200 quo
2114 3133 2260 3201 signo
2294 3132 2532 3187 diabolus
2558 3141 2743 3186 auctor
2767 3115 3003 3201 perﬁdia:
3031 3130 3273 3199 pellatur,
3312 3140 3368 3181 et

1795 3220 2060 3275 'Christus
2086 3222 2302 3290 largitor
2329 3222 2445 3275 ﬁdei
2473 3230 2525 3276 et
2555 3221 2831 3275 charitatis
2859 3220 3195 3289 ingrediatur.
3230 3216 3364 3270 Nam

1821 3322 1913 3362 cor
1938 3309 2164 3363 hominis
2189 3319 2272 3362 est
2301 3308 2454 3362 sedes
2482 3309 2680 3361 erroris
2706 3314 2757 3360 et
2785 3306 3027 3359 vitiorum
3051 3319 3171 3357 eum
3197 3320 3226 3356 a
3254 3304 3366 3361 dia-.-

1821 3398 1941 3452 holo
1975 3399 2272 3467 possidetur
2309 3413 2323 3452 :
2367 3408 2421 3452 ct
2449 3400 2618 3468 ipsum
2649 3398 2875 3452 efﬁcitur
2911 3398 3267 3451 habitaculum
3306 3398 3365 3449 li-

1820 3490 1924 3553 dei,
1957 3490 2067 3559 spei
2101 3497 2154 3543 et
2194 3491 2469 3544 charitatis
2492 3505 2619 3544 cum
2658 3505 2688 3543 a
2728 3490 2938 3544 Christo
2972 3489 3270 3543 defenditur
3311 3497 3365 3542 et

1822 3578 2130 3633 illustratur.
2156 3579 2304 3635 Sicut
2324 3581 2463 3634 enim
2500 3581 2750 3649 scriptum
2771 3588 2855 3634 est
2876 3598 2888 3632 :
2919 3576 2991 3633 De
3009 3579 3160 3632 corde
3179 3588 3363 3633 exeunt

1820 3667 2147 3735 cogitationes
2168 3662 2340 3731 malai,
2362 3666 2632 3730 adulteria,
2659 3667 3042 3735 fornicationes,
3066 3664 3359 3719 homicidia.

1820 3752 1885 3805 Et
1913 3770 1925 3805 :
1955 3752 2143 3822 Diliges
2169 3754 2444 3807 Dominum
2465 3753 2628 3805 Deum
2650 3762 2793 3807 tuum
2812 3768 2874 3805 ea:
2902 3761 3004 3805 tota
3026 3752 3195 3805 corde.
3223 3753 3363 3807 Bene

1819 3856 1945 3912 ergo
1969 3842 2023 3895 in
2040 3843 2507 3911 gabrcnuntiatione
2529 3842 2721 3897 diaboli
2747 3851 3009 3911 unguntur
3034 3842 3194 3895 corda
3220 3850 3362 3895 catc-

1818 3931 2193 3984 chumenorum
2212 3970 2227 3993 ,
2256 3938 2315 3983 ut
2340 3931 2550 3984 recedat
2575 3931 2640 3983 ab
2665 3930 2743 3983 eis
2768 3945 2885 3983 cum
2918 3930 3162 3984 omnibus
3188 3930 3361 3998 Operi-

1818 4016 1914 4069 bus
1938 4024 1991 4071 et
2021 4008 2223 4086 pompis
2248 4018 2379 4086 ejus.

2350 4116 2368 4127 "
2413 4105 2633 4161 CAPUT
2670 4105 2751 4160 Ill.

1818 4193 1894 4247 De
1926 4194 2362 4248 abrenuntiatione
2396 4194 2607 4248 Satanae
2638 4206 2658 4243 :
2694 4192 2771 4245 vel
2795 4208 2911 4261 qua!
2935 4193 3038 4245 sint
3063 4208 3214 4260 opera
3242 4209 3354 4260 εμα

2436 4270 2485 4313 et
2507 4277 2719 4329 pompae.

1887 4350 2285 4403 Abrenuntiatio
2310 4358 2391 4404 est
2425 4351 2684 4405 abdicatio
2711 4359 2766 4403 et
2793 4349 3099 4417 rcpudiatio.
3142 4350 3207 4403 Et
3234 4366 3354 4404 eum

174 4407 497 4497 etiﬁcantur,
542 4436 655 4487 sine
696 4450 799 4502 quo
843 4407 972 4489 ﬁdes
1017 4407 1079 4489 aii
1119 4437 1349 4489 animum
1397 4407 1498 4490 non
1545 4444 1718 4505 potest
1745 4407 1793 4465 υ
1817 4438 2079 4509 dicimus-
2112 4438 2453 4493 Abrenuntias
2488 4438 2738 4492 Satana'?
2773 4407 2896 4505 quid
2930 4438 3069 4490 aliud
3108 4439 3350 4500 dicimus,

175 4525 473 4593 pervenire.
505 4523 785 4578 Sciendum
808 4534 979 4579 tamen
1005 4527 1143 4593 quod
1171 4526 1233 4579 de
1260 4527 1358 4579 hac
1384 4542 1439 4579 re
1472 4526 1522 4579 itt
1548 4527 1718 4580 diver-

175 4616 247 4666 sis
286 4613 589 4681 regionibus
624 4613 861 4667 diversus
906 4621 1143 4667 teneatur
1174 4630 1317 4667 usus.
1357 4615 1457 4667 Alii
1494 4626 1719 4683 namque

174 4702 292 4755 oleo
318 4709 501 4755 sancto
524 4708 743 4768 tangunt
736 4701 1254 4776 lcatechumenorum
1280 4716 1433 4752 aures
1452 4710 1506 4753 ct
1527 4717 1712 4765 nares;

175 4790 263 4842 alii
292 4805 421 4843 vero
452 4798 635 4858 sputo;
665 4789 753 4843 alii
780 4789 974 4856 absque
1004 4797 1157 4857 sputo
1179 4796 1233 4843 et
1265 4788 1408 4851 oleo;
1440 4788 1525 4841 alii
1554 4790 1713 4841 etiam

175 4893 237 4932 os
272 4885 497 4945 tangunt
536 4879 671 4938 oleo,
716 4878 781 4931 ad
825 4878 1119 4945 exemplum
1162 4878 1509 4931 Dominicum.
1566 4876 1711 4931 Unde

176 4966 432 5034 scriptum
467 4974 547 5018 est
578 4966 630 5017 in
659 4964 938 5032 Evangelia
964 4966 1028 5019 de
1070 4966 1229 5019 surdo
1266 4974 1320 5019 et
1357 4976 1499 5018 muto
1528 4982 1539 5015 :
1570 4963 1709 5017 Misit

177 5054 366 5125 digitos
398 5072 519 5110 suos
555 5058 609 5109 in
649 5055 906 5107 auriculas
942 5056 1073 5123 ejus.
1114 5056 1217 5110 Sed
1259 5058 1367 5110 sive
1403 5065 1544 5109 tactu
1592 5056 1712 5119 olei,

178 5144 287 5197 sive
313 5142 489 5207 aliter,
528 5144 644 5197 ideo
680 5141 1073 5196 sanctiﬁcantur
1100 5157 1284 5205 aures,
1314 5151 1371 5195 ut
1409 5142 1610 5195 venturi
1649 5142 1715 5195 ad

179 5231 496 5298 baptismum
523 5231 589 5285 ab
620 5231 764 5284 omni
798 5231 937 5284 malo
975 5240 1026 5282 et
1056 5230 1193 5298 turpi
1221 5232 1381 5285 verbo
1406 5247 1559 5285 aures
1593 5247 1715 5285 suas

181 5317 480 5388 impollutus
504 5318 818 5382 custodiant,
843 5319 977 5372 sicut
1000 5318 1251 5386 scriptum
1272 5327 1351 5372 est
1382 5336 1395 5371 :
1425 5317 1541 5388 Sepi
1564 5335 1712 5371 aures

180 5423 300 5459 snas
342 5406 526 5475 spinis,
573 5415 619 5457 et
650 5405 754 5457 noli
788 5407 967 5458 audire
1005 5407 1228 5475 linguam
1268 5423 1479 5476 nequam
1525 5405 1707 5474 (Eccli.

182 5509 369 5558 utrm,
397 5495 505 5563 28).
539 5495 602 5548 Et
628 5510 807 5548 rursus
842 5513 853 5546 :
890 5495 968 5546 Da
998 5497 1051 5546 in
1079 5495 1396 5562 disciplinam
1433 5512 1518 5548 cor
1544 5505 1705 5556 tuum,

244 5613 271 5643 ι
302 5600 494 5655 Confer
520 5599 664 5655 Jesse
693 5601 931 5659 Ambian.
964 5602 1257 5670 epistolam.

1814 4528 1936 4592 nisi,
1965 4528 2189 4581 Resistis
2223 4529 2465 4583 diabolo?
2493 4528 2631 4582 sicut
2663 4526 2944 4593 Apostolus
2970 4527 3043 4579 ait
3073 4543 3086 4579 :
3118 4525 3352 4579 Resistite

1813 4617 2015 4669 diabolo
2060 4626 2107 4669 et
2145 4617 2303 4686 fugiet
2345 4633 2377 4668 a
2427 4615 2589 4677 vobis,
2640 4624 2699 4668 ut
2742 4622 3025 4683 sequatur;
3070 4615 3354 4682 Appropin-

1812 4714 1963 4773 quate
1992 4704 2096 4757 Deo
2116 4743 2130 4768 ,
2162 4714 2208 4756 et
2243 4703 2665 4773 appropinquabit
2693 4703 2849 4757 vobis.
2876 4701 3243 4756 Resistendum
3271 4712 3353 4753 est

1816 4798 1991 4845 autem
2011 4790 2236 4852 diabolo,
2260 4790 2550 4857 spernenda
2575 4796 2696 4843 sunt
2714 4803 2871 4856 opera
2896 4786 3028 4854 ejus,
3050 4786 3352 4841 abdicanda:

1817 4894 2037 4948 pompm,
2066 4888 2124 4931 ut
2147 4895 2250 4932 non
2278 4880 2509 4934 inveniat
2549 4877 2686 4932 unde
2720 4878 3014 4932 dominetur
3053 4876 3224 4939 nobis,
3260 4878 3351 4929 sed

1816 4970 2123 5028 excludatur
2150 4969 2212 5022 de
2237 4969 2483 5023 c'ordibus
2508 4967 3023 5028 catechumenorum,
3053 4973 3111 5018 ut
3134 4965 3350 5018 munde-

1816 5065 1902 5110 tur
1928 5058 2114 5109 domus
2139 5057 2500 5117 conscientiae;
2531 5054 2813 5109 mundetur
2839 5062 3011 5107 autem
3038 5052 3257 5113 domus,
3293 5060 3350 5103 ut

1812 5145 2054 5199 Christus
2094 5146 2347 5199 introieris
2384 5158 2531 5206 eam,
2569 5143 2812 5197 mundam
2857 5137 3104 5205 invent'at.
3147 5140 3202 5193 lit
3246 5128 3346 5192 hac

1812 5233 2133 5301 professione
2156 5230 2645 5291 abrenuntiationis,
2670 5244 2771 5282 non
2794 5230 3094 5283 hominibus
3119 5226 3211 5281 sed
3237 5226 3345 5280 Deo

1809 5330 1863 5374 et
1892 5320 2090 5388 angelis
2123 5319 2235 5385 ejus
2260 5316 2715 5373 conscribentibus
2749 5315 2941 5370 dicitur
2967 5328 2981 5365 :
3008 5313 3340 5367 Abrenttntto.

1808 5408 2291 5462 Abrenuntiandum
2321 5414 2401 5459 est
2440 5420 2545 5459 non
2585 5404 2751 5458 solum
2788 5403 3028 5466 vocibus,
3061 5403 3151 5456 sed
3180 5401 3337 5454 etiam

1809 5495 2057 5551 moribus.
2090 5509 2193 5547 non
2223 5488 2423 5546 tantum
2451 5505 2579 5545 sono
2604 5488 2815 5558 linguzc,
2849 5487 2936 5540 sed
2962 5498 3013 5540 et
3042 5495 3161 5539 actu
3194 5488 3338 5542 vitae.
