  <div class='ocr_page' id='page_1' title='image "/cluster/home/n/w/nwhite01/storage/ocr_20150623/99/uva.x000827057/435.png"; bbox 0 0 3922 6222; ppageno 0'>
   <div class='ocr_carea' id='block_1_1' title="bbox 573 380 673 433">
    <p class='ocr_par' dir='ltr' id='par_1_1' title="bbox 573 380 673 433">
     <span class='ocr_line' id='line_1_1' title="bbox 573 380 673 433; baseline 0 0"><span class='ocrx_word' id='word_1_1' title='bbox 573 380 673 433; x_wconf 80' lang='lat'><strong>859</strong></span> 
     </span>
    </p>
   </div>
   <div class='ocr_carea' id='block_1_2' title="bbox 1564 354 2699 420">
    <p class='ocr_par' dir='ltr' id='par_1_2' title="bbox 1564 354 2699 420">
     <span class='ocr_line' id='line_1_2' title="bbox 1564 354 2699 420; baseline -0.015 1"><span class='ocrx_word' id='word_1_2' title='bbox 1564 365 1869 420; x_wconf 72' lang='lat' dir='ltr'><strong>LElDliADI</strong></span> <span class='ocrx_word' id='word_1_3' title='bbox 1910 359 2372 415; x_wconf 58' lang='lat' dir='ltr'><strong>LUGDUNENSIS</strong></span> <span class='ocrx_word' id='word_1_4' title='bbox 2410 354 2699 409; x_wconf 68' lang='lat' dir='ltr'><strong>hll‘lSCUPl</strong></span> 
     </span>
    </p>
   </div>
   <div class='ocr_carea' id='block_1_3' title="bbox 3618 356 3719 409">
    <p class='ocr_par' dir='ltr' id='par_1_3' title="bbox 3618 356 3719 409">
     <span class='ocr_line' id='line_1_3' title="bbox 3618 356 3719 409; baseline -0.01 0"><span class='ocrx_word' id='word_1_5' title='bbox 3618 356 3719 409; x_wconf 72' lang='lat' dir='ltr'><strong>86C</strong></span> 
     </span>
    </p>
   </div>
   <div class='ocr_carea' id='block_1_4' title="bbox 572 467 3731 555">
    <p class='ocr_par' dir='ltr' id='par_1_4' title="bbox 572 467 3731 555">
     <span class='ocr_line' id='line_1_4' title="bbox 572 467 3731 555; baseline -0.007 -13"><span class='ocrx_word' id='word_1_6' title='bbox 572 489 851 555; x_wconf 86' lang='lat' dir='ltr'><strong>Postquam</strong></span> <span class='ocrx_word' id='word_1_7' title='bbox 876 494 1048 538; x_wconf 88' lang='lat' dir='ltr'><strong>autem</strong></span> <span class='ocrx_word' id='word_1_8' title='bbox 1078 485 1234 537; x_wconf 87' lang='lat' dir='ltr'><strong>homo</strong></span> <span class='ocrx_word' id='word_1_9' title='bbox 1264 478 1607 535; x_wconf 81' lang='lat' dir='ltr'><strong>renuntianda</strong></span> <span class='ocrx_word' id='word_1_10' title='bbox 1641 477 1847 531; x_wconf 82' lang='lat' dir='ltr'><strong>diabolo</strong></span> <span class='ocrx_word' id='word_1_11' title='bbox 1875 474 2096 527; x_wconf 75' lang='lat' dir='ltr'><strong>exclusit</strong></span> <span class='ocrx_word' id='word_1_12' title='bbox 2123 483 2166 533; x_wconf 69' lang='grc' dir='ltr'><strong>Α</strong></span> <span class='ocrx_word' id='word_1_13' title='bbox 2192 485 2351 522; x_wconf 91' lang='lat' dir='ltr'><strong>unum</strong></span> <span class='ocrx_word' id='word_1_14' title='bbox 2378 470 2537 522; x_wconf 88' lang='lat' dir='ltr'><strong>Deum</strong></span> <span class='ocrx_word' id='word_1_15' title='bbox 2567 467 2897 555; x_wconf 61' lang='lat' dir='ltr'><strong>invisibile-ar,</strong></span> <span class='ocrx_word' id='word_1_16' title='bbox 2927 468 3078 555; x_wconf 90' lang='lat' dir='ltr'><strong>unius</strong></span> <span class='ocrx_word' id='word_1_17' title='bbox 3104 468 3347 555; x_wconf 73' lang='lat' dir='ltr'><strong>essentia:</strong></span> <span class='ocrx_word' id='word_1_18' title='bbox 3374 476 3429 520; x_wconf 92' lang='lat' dir='ltr'><strong>et</strong></span> <span class='ocrx_word' id='word_1_19' title='bbox 3456 472 3731 534; x_wconf 73' lang='lat' dir='ltr'><strong>potestath</strong></span> 
     </span>
    </p>
   </div>
   <div class='ocr_carea' id='block_1_5' title="bbox 572 568 2097 645">
    <p class='ocr_par' dir='ltr' id='par_1_5' title="bbox 572 568 2097 645">
     <span class='ocr_line' id='line_1_5' title="bbox 572 568 2097 645; baseline -0.01 -13"><span class='ocrx_word' id='word_1_20' title='bbox 572 580 852 645; x_wconf 86' lang='lat' dir='ltr'><strong>pessimum</strong></span> <span class='ocrx_word' id='word_1_21' title='bbox 881 575 1173 628; x_wconf 88' lang='lat' dir='ltr'><strong>invasorem</strong></span> <span class='ocrx_word' id='word_1_22' title='bbox 1193 612 1207 632; x_wconf 93' lang='lat'><strong>,</strong></span> <span class='ocrx_word' id='word_1_23' title='bbox 1232 571 1527 624; x_wconf 86' lang='lat' dir='ltr'><strong>introducat</strong></span> <span class='ocrx_word' id='word_1_24' title='bbox 1551 568 1803 635; x_wconf 89' lang='lat' dir='ltr'><strong>optimum</strong></span> <span class='ocrx_word' id='word_1_25' title='bbox 1829 578 2097 631; x_wconf 75' lang='lat' dir='ltr'><strong>possesso-</strong></span> 
     </span>
    </p>
   </div>
   <div class='ocr_carea' id='block_1_6' title="bbox 573 680 703 717">
    <p class='ocr_par' dir='ltr' id='par_1_6' title="bbox 573 680 703 717">
     <span class='ocr_line' id='line_1_6' title="bbox 573 680 703 717; baseline -0.008 -1"><span class='ocrx_word' id='word_1_26' title='bbox 573 680 703 717; x_wconf 86' lang='lat' dir='ltr'><strong>rem.</strong></span> 
     </span>
    </p>
   </div>
   <div class='ocr_carea' id='block_1_7' title="bbox 647 738 2097 812">
    <p class='ocr_par' dir='ltr' id='par_1_7' title="bbox 647 738 2097 812">
     <span class='ocr_line' id='line_1_7' title="bbox 647 738 2097 812; baseline -0.008 -12"><span class='ocrx_word' id='word_1_27' title='bbox 647 749 1030 801; x_wconf 79' lang='lat' dir='ltr'><strong>Differt‘autem</strong></span> <span class='ocrx_word' id='word_1_28' title='bbox 1058 747 1193 799; x_wconf 92' lang='lat' dir='ltr'><strong>inter</strong></span> <span class='ocrx_word' id='word_1_29' title='bbox 1214 758 1374 812; x_wconf 75' lang='lat' dir='ltr'><strong>opera</strong></span> <span class='ocrx_word' id='word_1_30' title='bbox 1407 751 1459 797; x_wconf 91' lang='lat' dir='ltr'><strong>et</strong></span> <span class='ocrx_word' id='word_1_31' title='bbox 1499 756 1733 810; x_wconf 81' lang='lat' dir='ltr'><strong>pompas.</strong></span> <span class='ocrx_word' id='word_1_32' title='bbox 1765 739 1934 807; x_wconf 85' lang='lat' dir='ltr'><strong>Opera</strong></span> <span class='ocrx_word' id='word_1_33' title='bbox 1958 738 2097 791; x_wconf 88' lang='lat' dir='ltr'><strong>enim</strong></span> 
     </span>
    </p>
   </div>
   <div class='ocr_carea' id='block_1_8' title="bbox 573 827 2094 900">
    <p class='ocr_par' dir='ltr' id='par_1_8' title="bbox 573 827 2094 900">
     <span class='ocr_line' id='line_1_8' title="bbox 573 827 2094 900; baseline -0.007 -12"><span class='ocrx_word' id='word_1_34' title='bbox 573 836 763 888; x_wconf 88' lang='lat' dir='ltr'><strong>diaboli</strong></span> <span class='ocrx_word' id='word_1_35' title='bbox 808 843 929 888; x_wconf 90' lang='lat' dir='ltr'><strong>sunt</strong></span> <span class='ocrx_word' id='word_1_36' title='bbox 968 836 1099 886; x_wconf 92' lang='lat' dir='ltr'><strong>ritus</strong></span> <span class='ocrx_word' id='word_1_37' title='bbox 1130 832 1380 900; x_wconf 88' lang='lat' dir='ltr'><strong>profanus</strong></span> <span class='ocrx_word' id='word_1_38' title='bbox 1413 830 1502 897; x_wconf 93' lang='lat' dir='ltr'><strong>qui</strong></span> <span class='ocrx_word' id='word_1_39' title='bbox 1537 828 1686 882; x_wconf 80' lang='lat' dir='ltr'><strong>idolis</strong></span> <span class='ocrx_word' id='word_1_40' title='bbox 1721 827 2094 888; x_wconf 70' lang='lat' dir='ltr'><strong>exhibebatur;</strong></span> 
     </span>
    </p>
   </div>
   <div class='ocr_carea' id='block_1_9' title="bbox 574 919 2097 988">
    <p class='ocr_par' dir='ltr' id='par_1_9' title="bbox 574 919 2097 988">
     <span class='ocr_line' id='line_1_9' title="bbox 574 919 2097 988; baseline -0.005 -10"><span class='ocrx_word' id='word_1_41' title='bbox 574 926 758 978; x_wconf 89' lang='lat' dir='ltr'><strong>deinde</strong></span> <span class='ocrx_word' id='word_1_42' title='bbox 794 924 1163 985; x_wconf 81' lang='lat' dir='ltr'><strong>homicidium,</strong></span> <span class='ocrx_word' id='word_1_43' title='bbox 1200 922 1426 985; x_wconf 90' lang='lat' dir='ltr'><strong>furtum,</strong></span> <span class='ocrx_word' id='word_1_44' title='bbox 1462 922 1672 988; x_wconf 91' lang='lat' dir='ltr'><strong>rapina,</strong></span> <span class='ocrx_word' id='word_1_45' title='bbox 1703 919 1875 981; x_wconf 88' lang='lat' dir='ltr'><strong>fraus,</strong></span> <span class='ocrx_word' id='word_1_46' title='bbox 1919 919 2097 987; x_wconf 76' lang='lat' dir='ltr'><strong>periu-</strong></span> 
     </span>
    </p>
   </div>
   <div class='ocr_carea' id='block_1_10' title="bbox 575 998 2098 1077">
    <p class='ocr_par' dir='ltr' id='par_1_10' title="bbox 575 998 2098 1077">
     <span class='ocr_line' id='line_1_10' title="bbox 575 998 2098 1077; baseline -0.005 -12"><span class='ocrx_word' id='word_1_47' title='bbox 575 1015 710 1065; x_wconf 92' lang='lat' dir='ltr'><strong>rium</strong></span> <span class='ocrx_word' id='word_1_48' title='bbox 730 1053 743 1077; x_wconf 93' lang='lat'><strong>,</strong></span> <span class='ocrx_word' id='word_1_49' title='bbox 772 1012 1112 1073; x_wconf 89' lang='lat' dir='ltr'><strong>adulterium,</strong></span> <span class='ocrx_word' id='word_1_50' title='bbox 1138 1010 1422 1063; x_wconf 70' lang='lat' dir='ltr'><strong>i&#39;nimicitim</strong></span> <span class='ocrx_word' id='word_1_51' title='bbox 1438 1048 1452 1073; x_wconf 93' lang='lat'><strong>,</strong></span> <span class='ocrx_word' id='word_1_52' title='bbox 1476 1008 1776 1069; x_wconf 69' lang='lat' dir='ltr'><strong>dlscordiae,</strong></span> <span class='ocrx_word' id='word_1_53' title='bbox 1804 1007 1925 1068; x_wconf 75' lang='lat' dir='ltr'><strong>inn,</strong></span> <span class='ocrx_word' id='word_1_54' title='bbox 1950 998 2098 1067; x_wconf 63' lang='lat' dir='ltr'><strong>nm,</strong></span> 
     </span>
    </p>
   </div>
   <div class='ocr_carea' id='block_1_11' title="bbox 576 1086 2100 1164">
    <p class='ocr_par' dir='ltr' id='par_1_11' title="bbox 576 1086 2100 1164">
     <span class='ocr_line' id='line_1_11' title="bbox 576 1086 2100 1164; baseline -0.005 -13"><span class='ocrx_word' id='word_1_55' title='bbox 576 1100 946 1162; x_wconf 78' lang='lat' dir='ltr'><strong>dissensiones,</strong></span> <span class='ocrx_word' id='word_1_56' title='bbox 972 1086 1024 1151; x_wconf 91' lang='lat' dir='ltr'><strong>et</strong></span> <span class='ocrx_word' id='word_1_57' title='bbox 1049 1108 1235 1153; x_wconf 73' lang='lat' dir='ltr'><strong>canera</strong></span> <span class='ocrx_word' id='word_1_58' title='bbox 1264 1097 1575 1164; x_wconf 74' lang='lat' dir='ltr'><strong>huiusmodi.</strong></span> <span class='ocrx_word' id='word_1_59' title='bbox 1608 1094 1685 1147; x_wconf 84' lang='lat' dir='ltr'><strong>Ad</strong></span> <span class='ocrx_word' id='word_1_60' title='bbox 1712 1092 1952 1162; x_wconf 83' lang='lat' dir='ltr'><strong>pompam</strong></span> <span class='ocrx_word' id='word_1_61' title='bbox 1976 1106 2100 1145; x_wconf 90' lang='lat' dir='ltr'><strong>vero</strong></span> 
     </span>
    </p>
   </div>
   <div class='ocr_carea' id='block_1_12' title="bbox 578 1182 2103 1254">
    <p class='ocr_par' dir='ltr' id='par_1_12' title="bbox 578 1182 2103 1254">
     <span class='ocr_line' id='line_1_12' title="bbox 578 1182 2103 1254; baseline -0.004 -16"><span class='ocrx_word' id='word_1_62' title='bbox 578 1187 767 1239; x_wconf 90' lang='lat' dir='ltr'><strong>diaboli</strong></span> <span class='ocrx_word' id='word_1_63' title='bbox 797 1188 1056 1254; x_wconf 73' lang='lat' dir='ltr'><strong>pertinent</strong></span> <span class='ocrx_word' id='word_1_64' title='bbox 1081 1184 1375 1254; x_wconf 88' lang='lat' dir='ltr'><strong>spectacula</strong></span> <span class='ocrx_word' id='word_1_65' title='bbox 1394 1226 1406 1245; x_wconf 93' lang='lat'><strong>,</strong></span> <span class='ocrx_word' id='word_1_66' title='bbox 1438 1186 1617 1237; x_wconf 89' lang='lat' dir='ltr'><strong>insana</strong></span> <span class='ocrx_word' id='word_1_67' title='bbox 1652 1183 1868 1251; x_wconf 88' lang='lat' dir='ltr'><strong>gaudia,</strong></span> <span class='ocrx_word' id='word_1_68' title='bbox 1899 1182 2103 1233; x_wconf 90' lang='lat' dir='ltr'><strong>invere-</strong></span> 
     </span>
    </p>
   </div>
   <div class='ocr_carea' id='block_1_13' title="bbox 579 1271 2098 1343">
    <p class='ocr_par' dir='ltr' id='par_1_13' title="bbox 579 1271 2098 1343">
     <span class='ocr_line' id='line_1_13' title="bbox 579 1271 2098 1343; baseline -0.005 -17"><span class='ocrx_word' id='word_1_69' title='bbox 579 1273 777 1326; x_wconf 88' lang='lat' dir='ltr'><strong>cundus</strong></span> <span class='ocrx_word' id='word_1_70' title='bbox 815 1273 975 1339; x_wconf 78' lang='lat' dir='ltr'><strong>lepor,</strong></span> <span class='ocrx_word' id='word_1_71' title='bbox 1008 1274 1271 1340; x_wconf 58' lang='lat' dir='ltr'><strong>variaeque</strong></span> <span class='ocrx_word' id='word_1_72' title='bbox 1307 1280 1481 1343; x_wconf 82' lang='lat' dir='ltr'><strong>pestes</strong></span> <span class='ocrx_word' id='word_1_73' title='bbox 1520 1271 1791 1325; x_wconf 85' lang='lat' dir='ltr'><strong>lividorum</strong></span> <span class='ocrx_word' id='word_1_74' title='bbox 1835 1283 2098 1322; x_wconf 85' lang='lat' dir='ltr'><strong>sensuum.</strong></span> 
     </span>
    </p>
   </div>
   <div class='ocr_carea' id='block_1_14' title="bbox 581 1354 2104 1427">
    <p class='ocr_par' dir='ltr' id='par_1_14' title="bbox 581 1354 2104 1427">
     <span class='ocr_line' id='line_1_14' title="bbox 581 1354 2104 1427; baseline -0.005 -15"><span class='ocrx_word' id='word_1_75' title='bbox 581 1361 669 1413; x_wconf 85' lang='lat' dir='ltr'><strong>Sic</strong></span> <span class='ocrx_word' id='word_1_76' title='bbox 694 1361 830 1412; x_wconf 89' lang='lat' dir='ltr'><strong>enim</strong></span> <span class='ocrx_word' id='word_1_77' title='bbox 860 1361 1099 1427; x_wconf 87' lang='lat' dir='ltr'><strong>antiquos</strong></span> <span class='ocrx_word' id='word_1_78' title='bbox 1124 1359 1305 1412; x_wconf 86' lang='lat' dir='ltr'><strong>Patres</strong></span> <span class='ocrx_word' id='word_1_79' title='bbox 1337 1359 1577 1411; x_wconf 81' lang='lat' dir='ltr'><strong>novimus</strong></span> <span class='ocrx_word' id='word_1_80' title='bbox 1602 1358 1912 1425; x_wconf 63' lang='lat' dir='ltr'><strong>praedicasse</strong></span> <span class='ocrx_word' id='word_1_81' title='bbox 1940 1354 2104 1407; x_wconf 83' lang='lat' dir='ltr'><strong>ﬁdeli-</strong></span> 
     </span>
    </p>
   </div>
   <div class='ocr_carea' id='block_1_15' title="bbox 578 1443 2101 1513">
    <p class='ocr_par' dir='ltr' id='par_1_15' title="bbox 578 1443 2101 1513">
     <span class='ocr_line' id='line_1_15' title="bbox 578 1443 2101 1513; baseline -0.003 -15"><span class='ocrx_word' id='word_1_82' title='bbox 578 1448 676 1499; x_wconf 89' lang='lat' dir='ltr'><strong>bus</strong></span> <span class='ocrx_word' id='word_1_83' title='bbox 703 1446 767 1498; x_wconf 92' lang='lat' dir='ltr'><strong>de</strong></span> <span class='ocrx_word' id='word_1_84' title='bbox 788 1446 991 1513; x_wconf 89' lang='lat' dir='ltr'><strong>pompis</strong></span> <span class='ocrx_word' id='word_1_85' title='bbox 1018 1445 1209 1498; x_wconf 90' lang='lat' dir='ltr'><strong>diaboli</strong></span> <span class='ocrx_word' id='word_1_86' title='bbox 1239 1444 1496 1513; x_wconf 79' lang='lat' dir='ltr'><strong>fugiendis</strong></span> <span class='ocrx_word' id='word_1_87' title='bbox 1528 1462 1543 1496; x_wconf 90' lang='lat'><strong>:</strong></span> <span class='ocrx_word' id='word_1_88' title='bbox 1572 1462 1590 1492; x_wconf 85' lang='grc'><strong>‹</strong></span> <span class='ocrx_word' id='word_1_89' title='bbox 1622 1443 1869 1495; x_wconf 88' lang='lat' dir='ltr'><strong>Diabolus</strong></span> <span class='ocrx_word' id='word_1_90' title='bbox 1894 1449 2101 1510; x_wconf 89' lang='lat' dir='ltr'><strong>specta-</strong></span> 
     </span>
    </p>
   </div>
   <div class='ocr_carea' id='block_1_16' title="bbox 576 1530 2101 1598">
    <p class='ocr_par' dir='ltr' id='par_1_16' title="bbox 576 1530 2101 1598">
     <span class='ocr_line' id='line_1_16' title="bbox 576 1530 2101 1598; baseline -0.001 -14"><span class='ocrx_word' id='word_1_91' title='bbox 576 1531 809 1584; x_wconf 90' lang='lat' dir='ltr'><strong>culorum</strong></span> <span class='ocrx_word' id='word_1_92' title='bbox 834 1532 1108 1596; x_wconf 85' lang='lat' dir='ltr'><strong>insaniam,</strong></span> <span class='ocrx_word' id='word_1_93' title='bbox 1132 1533 1422 1585; x_wconf 90' lang='lat' dir='ltr'><strong>studiorum</strong></span> <span class='ocrx_word' id='word_1_94' title='bbox 1446 1546 1505 1585; x_wconf 91' lang='lat' dir='ltr'><strong>ac</strong></span> <span class='ocrx_word' id='word_1_95' title='bbox 1529 1532 1754 1598; x_wconf 89' lang='lat' dir='ltr'><strong>turpium</strong></span> <span class='ocrx_word' id='word_1_96' title='bbox 1783 1530 2101 1598; x_wconf 76' lang='lat' dir='ltr'><strong>voluptatum</strong></span> 
     </span>
    </p>
   </div>
   <div class='ocr_carea' id='block_1_17' title="bbox 579 1617 2106 1687">
    <p class='ocr_par' dir='ltr' id='par_1_17' title="bbox 579 1617 2106 1687">
     <span class='ocr_line' id='line_1_17' title="bbox 579 1617 2106 1687; baseline -0.001 -16"><span class='ocrx_word' id='word_1_97' title='bbox 579 1619 919 1687; x_wconf 88' lang='lat' dir='ltr'><strong>museipulam</strong></span> <span class='ocrx_word' id='word_1_98' title='bbox 944 1634 1108 1687; x_wconf 88' lang='lat' dir='ltr'><strong>quare</strong></span> <span class='ocrx_word' id='word_1_99' title='bbox 1131 1619 1410 1686; x_wconf 85' lang='lat' dir='ltr'><strong>proponit?</strong></span> <span class='ocrx_word' id='word_1_100' title='bbox 1435 1618 1535 1671; x_wconf 91' lang='lat' dir='ltr'><strong>nisi</strong></span> <span class='ocrx_word' id='word_1_101' title='bbox 1563 1626 1619 1670; x_wconf 93' lang='lat' dir='ltr'><strong>ut</strong></span> <span class='ocrx_word' id='word_1_102' title='bbox 1649 1618 1729 1671; x_wconf 91' lang='lat' dir='ltr'><strong>his</strong></span> <span class='ocrx_word' id='word_1_103' title='bbox 1752 1617 2106 1672; x_wconf 75' lang='lat' dir='ltr'><strong>delectationi-</strong></span> 
     </span>
    </p>
   </div>
   <div class='ocr_carea' id='block_1_18' title="bbox 578 1706 2104 1776">
    <p class='ocr_par' dir='ltr' id='par_1_18' title="bbox 578 1706 2104 1776">
     <span class='ocr_line' id='line_1_18' title="bbox 578 1706 2104 1776; baseline -0.001 -16"><span class='ocrx_word' id='word_1_104' title='bbox 578 1709 676 1760; x_wconf 90' lang='lat' dir='ltr'><strong>bus</strong></span> <span class='ocrx_word' id='word_1_105' title='bbox 703 1708 901 1775; x_wconf 86' lang='lat' dir='ltr'><strong>capiat,</strong></span> <span class='ocrx_word' id='word_1_106' title='bbox 939 1724 1070 1775; x_wconf 91' lang='lat' dir='ltr'><strong>quos</strong></span> <span class='ocrx_word' id='word_1_107' title='bbox 1095 1708 1360 1761; x_wconf 89' lang='lat' dir='ltr'><strong>amiserat.</strong></span> <span class='ocrx_word' id='word_1_108' title='bbox 1389 1708 1589 1776; x_wconf 85' lang='lat' dir='ltr'><strong>Fugite,</strong></span> <span class='ocrx_word' id='word_1_109' title='bbox 1616 1706 1957 1769; x_wconf 85' lang='lat' dir='ltr'><strong>dilectissimi,</strong></span> <span class='ocrx_word' id='word_1_110' title='bbox 1989 1720 2104 1773; x_wconf 81' lang='lat' dir='ltr'><strong>spe-</strong></span> 
     </span>
    </p>
   </div>
   <div class='ocr_carea' id='block_1_19' title="bbox 2194 554 3730 625">
    <p class='ocr_par' dir='ltr' id='par_1_19' title="bbox 2194 554 3730 625">
     <span class='ocr_line' id='line_1_19' title="bbox 2194 554 3730 625; baseline 0 -16"><span class='ocrx_word' id='word_1_111' title='bbox 2194 572 2256 609; x_wconf 89' lang='lat' dir='ltr'><strong>ac</strong></span> <span class='ocrx_word' id='word_1_112' title='bbox 2286 556 2713 625; x_wconf 84' lang='lat' dir='ltr'><strong>scmpitemitatis</strong></span> <span class='ocrx_word' id='word_1_113' title='bbox 2744 572 2755 605; x_wconf 91' lang='lat'><strong>:</strong></span> <span class='ocrx_word' id='word_1_114' title='bbox 2786 554 2857 605; x_wconf 90' lang='lat' dir='ltr'><strong>ita</strong></span> <span class='ocrx_word' id='word_1_115' title='bbox 2890 561 2965 616; x_wconf 93' lang='lat' dir='ltr'><strong>ut,</strong></span> <span class='ocrx_word' id='word_1_116' title='bbox 2995 554 3211 623; x_wconf 77' lang='lat' dir='ltr'><strong>singulis</strong></span> <span class='ocrx_word' id='word_1_117' title='bbox 3233 568 3583 621; x_wconf 85' lang='lat' dir='ltr'><strong>personarum</strong></span> <span class='ocrx_word' id='word_1_118' title='bbox 3607 571 3730 623; x_wconf 78' lang='lat' dir='ltr'><strong>pro—</strong></span> 
     </span>
    </p>
   </div>
   <div class='ocr_carea' id='block_1_20' title="bbox 2194 645 3730 717">
    <p class='ocr_par' dir='ltr' id='par_1_20' title="bbox 2194 645 3730 717">
     <span class='ocr_line' id='line_1_20' title="bbox 2194 645 3730 717; baseline -0.002 -17"><span class='ocrx_word' id='word_1_119' title='bbox 2194 650 2413 717; x_wconf 85' lang='lat' dir='ltr'><strong>prietate</strong></span> <span class='ocrx_word' id='word_1_120' title='bbox 2442 654 2679 710; x_wconf 90' lang='lat' dir='ltr'><strong>servata,</strong></span> <span class='ocrx_word' id='word_1_121' title='bbox 2709 660 2805 698; x_wconf 91' lang='lat' dir='ltr'><strong>nec</strong></span> <span class='ocrx_word' id='word_1_122' title='bbox 2838 645 3248 698; x_wconf 84' lang='lat' dir='ltr'><strong>substantialiter</strong></span> <span class='ocrx_word' id='word_1_123' title='bbox 3275 645 3508 698; x_wconf 80' lang='lat' dir='ltr'><strong>Trinitas</strong></span> <span class='ocrx_word' id='word_1_124' title='bbox 3544 646 3730 707; x_wconf 77' lang='lat' dir='ltr'><strong>dividi,</strong></span> 
     </span>
    </p>
   </div>
   <div class='ocr_carea' id='block_1_21' title="bbox 2144 733 3735 805">
    <p class='ocr_par' dir='ltr' id='par_1_21' title="bbox 2144 733 3735 805">
     <span class='ocr_line' id='line_1_21' title="bbox 2144 733 3735 805; baseline -0.001 -15"><span class='ocrx_word' id='word_1_125' title='bbox 2144 746 2157 758; x_wconf 87' lang='lat'><strong>&#39;</strong></span> <span class='ocrx_word' id='word_1_126' title='bbox 2194 752 2288 790; x_wconf 87' lang='lat' dir='ltr'><strong>nec</strong></span> <span class='ocrx_word' id='word_1_127' title='bbox 2334 736 2682 805; x_wconf 81' lang='lat' dir='ltr'><strong>personaliter</strong></span> <span class='ocrx_word' id='word_1_128' title='bbox 2716 736 2903 788; x_wconf 70' lang='lat' dir='ltr'><strong>delicat</strong></span> <span class='ocrx_word' id='word_1_129' title='bbox 2950 736 3162 787; x_wconf 88' lang='lat' dir='ltr'><strong>omnino</strong></span> <span class='ocrx_word' id='word_1_130' title='bbox 3207 733 3473 788; x_wconf 90' lang='lat' dir='ltr'><strong>confundi.</strong></span> <span class='ocrx_word' id='word_1_131' title='bbox 3516 736 3735 789; x_wconf 83' lang='lat' dir='ltr'><strong>Patrem</strong></span> 
     </span>
    </p>
   </div>
   <div class='ocr_carea' id='block_1_22' title="bbox 2194 824 3737 897">
    <p class='ocr_par' dir='ltr' id='par_1_22' title="bbox 2194 824 3737 897">
     <span class='ocr_line' id='line_1_22' title="bbox 2194 824 3737 897; baseline -0.004 -14"><span class='ocrx_word' id='word_1_132' title='bbox 2194 844 2399 897; x_wconf 88' lang='lat' dir='ltr'><strong>quoque</strong></span> <span class='ocrx_word' id='word_1_133' title='bbox 2425 827 2661 882; x_wconf 73' lang='lat' dir='ltr'><strong>confiteri</strong></span> <span class='ocrx_word' id='word_1_134' title='bbox 2690 826 3004 895; x_wconf 83' lang='lat' dir='ltr'><strong>ingenitum,</strong></span> <span class='ocrx_word' id='word_1_135' title='bbox 3040 824 3227 877; x_wconf 82' lang='lat' dir='ltr'><strong>Filium</strong></span> <span class='ocrx_word' id='word_1_136' title='bbox 3263 827 3494 894; x_wconf 84' lang='lat' dir='ltr'><strong>genitum</strong></span> <span class='ocrx_word' id='word_1_137' title='bbox 3514 865 3529 889; x_wconf 94' lang='lat'><strong>,</strong></span> <span class='ocrx_word' id='word_1_138' title='bbox 3562 826 3737 893; x_wconf 84' lang='lat' dir='ltr'><strong>Spiri-</strong></span> 
     </span>
    </p>
   </div>
   <div class='ocr_carea' id='block_1_23' title="bbox 2195 913 3735 981">
    <p class='ocr_par' dir='ltr' id='par_1_23' title="bbox 2195 913 3735 981">
     <span class='ocr_line' id='line_1_23' title="bbox 2195 913 3735 981; baseline -0.005 -11"><span class='ocrx_word' id='word_1_139' title='bbox 2195 927 2303 970; x_wconf 89' lang='lat' dir='ltr'><strong>tum</strong></span> <span class='ocrx_word' id='word_1_140' title='bbox 2334 925 2506 969; x_wconf 91' lang='lat' dir='ltr'><strong>autem</strong></span> <span class='ocrx_word' id='word_1_141' title='bbox 2529 922 2768 967; x_wconf 89' lang='lat' dir='ltr'><strong>sanctum</strong></span> <span class='ocrx_word' id='word_1_142' title='bbox 2797 928 2893 967; x_wconf 90' lang='lat' dir='ltr'><strong>nec</strong></span> <span class='ocrx_word' id='word_1_143' title='bbox 2919 913 3147 981; x_wconf 83' lang='lat' dir='ltr'><strong>genitum</strong></span> <span class='ocrx_word' id='word_1_144' title='bbox 3179 928 3275 966; x_wconf 89' lang='lat' dir='ltr'><strong>nec</strong></span> <span class='ocrx_word' id='word_1_145' title='bbox 3301 914 3608 981; x_wconf 83' lang='lat' dir='ltr'><strong>ingenitum,</strong></span> <span class='ocrx_word' id='word_1_146' title='bbox 3633 914 3735 966; x_wconf 77' lang='lat' dir='ltr'><strong>sed</strong></span> 
     </span>
    </p>
   </div>
   <div class='ocr_carea' id='block_1_24' title="bbox 2195 1001 3736 1071">
    <p class='ocr_par' dir='ltr' id='par_1_24' title="bbox 2195 1001 3736 1071">
     <span class='ocr_line' id='line_1_24' title="bbox 2195 1001 3736 1071; baseline -0.004 -13"><span class='ocrx_word' id='word_1_147' title='bbox 2195 1021 2256 1059; x_wconf 76' lang='lat' dir='ltr'><strong>ex</strong></span> <span class='ocrx_word' id='word_1_148' title='bbox 2289 1005 2441 1058; x_wconf 82' lang='lat' dir='ltr'><strong>Patre</strong></span> <span class='ocrx_word' id='word_1_149' title='bbox 2468 1012 2521 1057; x_wconf 89' lang='lat' dir='ltr'><strong>et</strong></span> <span class='ocrx_word' id='word_1_150' title='bbox 2554 1003 2684 1057; x_wconf 84' lang='lat' dir='ltr'><strong>Filio</strong></span> <span class='ocrx_word' id='word_1_151' title='bbox 2719 1004 3107 1071; x_wconf 88' lang='lat' dir='ltr'><strong>procedentem.</strong></span> <span class='ocrx_word' id='word_1_152' title='bbox 3148 1001 3331 1054; x_wconf 87' lang='lat' dir='ltr'><strong>Filium</strong></span> <span class='ocrx_word' id='word_1_153' title='bbox 3372 1016 3402 1053; x_wconf 89' lang='lat' dir='ltr'><strong>a</strong></span> <span class='ocrx_word' id='word_1_154' title='bbox 3443 1001 3602 1055; x_wconf 82' lang='lat' dir='ltr'><strong>Patre</strong></span> <span class='ocrx_word' id='word_1_155' title='bbox 3634 1016 3736 1053; x_wconf 87' lang='lat' dir='ltr'><strong>na-</strong></span> 
     </span>
    </p>
   </div>
   <div class='ocr_carea' id='block_1_25' title="bbox 2195 1092 3739 1162">
    <p class='ocr_par' dir='ltr' id='par_1_25' title="bbox 2195 1092 3739 1162">
     <span class='ocr_line' id='line_1_25' title="bbox 2195 1092 3739 1162; baseline -0.003 -14"><span class='ocrx_word' id='word_1_156' title='bbox 2195 1096 2388 1149; x_wconf 89' lang='lat' dir='ltr'><strong>scendo</strong></span> <span class='ocrx_word' id='word_1_157' title='bbox 2434 1094 2747 1162; x_wconf 87' lang='lat' dir='ltr'><strong>procedere,</strong></span> <span class='ocrx_word' id='word_1_158' title='bbox 2795 1092 3049 1160; x_wconf 90' lang='lat' dir='ltr'><strong>Spiritum</strong></span> <span class='ocrx_word' id='word_1_159' title='bbox 3094 1106 3219 1145; x_wconf 88' lang='lat' dir='ltr'><strong>vero</strong></span> <span class='ocrx_word' id='word_1_160' title='bbox 3262 1100 3499 1144; x_wconf 87' lang='lat' dir='ltr'><strong>sanctum</strong></span> <span class='ocrx_word' id='word_1_161' title='bbox 3550 1106 3739 1157; x_wconf 83' lang='lat' dir='ltr'><strong>proce-</strong></span> 
     </span>
    </p>
   </div>
   <div class='ocr_carea' id='block_1_26' title="bbox 2196 1178 3740 1248">
    <p class='ocr_par' dir='ltr' id='par_1_26' title="bbox 2196 1178 3740 1248">
     <span class='ocr_line' id='line_1_26' title="bbox 2196 1178 3740 1248; baseline -0.005 -11"><span class='ocrx_word' id='word_1_162' title='bbox 2196 1183 2366 1237; x_wconf 92' lang='lat' dir='ltr'><strong>dendo</strong></span> <span class='ocrx_word' id='word_1_163' title='bbox 2402 1197 2505 1235; x_wconf 91' lang='lat' dir='ltr'><strong>non</strong></span> <span class='ocrx_word' id='word_1_164' title='bbox 2536 1182 2700 1235; x_wconf 88' lang='lat' dir='ltr'><strong>nasci.</strong></span> <span class='ocrx_word' id='word_1_165' title='bbox 2736 1180 2909 1248; x_wconf 85' lang='lat' dir='ltr'><strong>Ipsum</strong></span> <span class='ocrx_word' id='word_1_166' title='bbox 2948 1195 3156 1247; x_wconf 88' lang='lat' dir='ltr'><strong>quoque</strong></span> <span class='ocrx_word' id='word_1_167' title='bbox 3202 1178 3386 1231; x_wconf 82' lang='lat' dir='ltr'><strong>Filium</strong></span> <span class='ocrx_word' id='word_1_168' title='bbox 3418 1193 3485 1231; x_wconf 75' lang='lat' dir='ltr'><strong>ex</strong></span> <span class='ocrx_word' id='word_1_169' title='bbox 3525 1178 3740 1245; x_wconf 77' lang='lat' dir='ltr'><strong>virgine</strong></span> 
     </span>
    </p>
   </div>
   <div class='ocr_carea' id='block_1_27' title="bbox 2198 1266 3739 1339">
    <p class='ocr_par' dir='ltr' id='par_1_27' title="bbox 2198 1266 3739 1339">
     <span class='ocr_line' id='line_1_27' title="bbox 2198 1266 3739 1339; baseline -0.005 -14"><span class='ocrx_word' id='word_1_170' title='bbox 2198 1273 2309 1325; x_wconf 88' lang='lat' dir='ltr'><strong>sine</strong></span> <span class='ocrx_word' id='word_1_171' title='bbox 2334 1278 2550 1339; x_wconf 89' lang='lat' dir='ltr'><strong>peccato</strong></span> <span class='ocrx_word' id='word_1_172' title='bbox 2568 1270 2835 1322; x_wconf 88' lang='lat' dir='ltr'><strong>hominem</strong></span> <span class='ocrx_word' id='word_1_173' title='bbox 2856 1268 3167 1335; x_wconf 89' lang='lat' dir='ltr'><strong>suscepisse,</strong></span> <span class='ocrx_word' id='word_1_174' title='bbox 3191 1276 3249 1319; x_wconf 90' lang='lat' dir='ltr'><strong>ut</strong></span> <span class='ocrx_word' id='word_1_175' title='bbox 3271 1283 3423 1335; x_wconf 87' lang='lat' dir='ltr'><strong>quem</strong></span> <span class='ocrx_word' id='word_1_176' title='bbox 3446 1266 3556 1320; x_wconf 88' lang='lat' dir='ltr'><strong>sola</strong></span> <span class='ocrx_word' id='word_1_177' title='bbox 3581 1268 3739 1319; x_wconf 86' lang='lat' dir='ltr'><strong>boni-</strong></span> 
     </span>
    </p>
   </div>
   <div class='ocr_carea' id='block_1_28' title="bbox 2198 1355 3738 1424">
    <p class='ocr_par' dir='ltr' id='par_1_28' title="bbox 2198 1355 3738 1424">
     <span class='ocr_line' id='line_1_28' title="bbox 2198 1355 3738 1424; baseline -0.004 -13"><span class='ocrx_word' id='word_1_178' title='bbox 2198 1367 2305 1411; x_wconf 87' lang='lat' dir='ltr'><strong>tate</strong></span> <span class='ocrx_word' id='word_1_179' title='bbox 2331 1365 2619 1421; x_wconf 86' lang='lat' dir='ltr'><strong>creaverat,</strong></span> <span class='ocrx_word' id='word_1_180' title='bbox 2644 1364 2829 1424; x_wconf 90' lang='lat' dir='ltr'><strong>sponte</strong></span> <span class='ocrx_word' id='word_1_181' title='bbox 2853 1356 3053 1423; x_wconf 85' lang='lat' dir='ltr'><strong>lapsum</strong></span> <span class='ocrx_word' id='word_1_182' title='bbox 3080 1355 3490 1407; x_wconf 86' lang='lat' dir='ltr'><strong>misericorditer</strong></span> <span class='ocrx_word' id='word_1_183' title='bbox 3513 1368 3738 1421; x_wconf 81' lang='lat' dir='ltr'><strong>repara-</strong></span> 
     </span>
    </p>
   </div>
   <div class='ocr_carea' id='block_1_29' title="bbox 2200 1443 3741 1509">
    <p class='ocr_par' dir='ltr' id='par_1_29' title="bbox 2200 1443 3741 1509">
     <span class='ocr_line' id='line_1_29' title="bbox 2200 1443 3741 1509; baseline -0.004 -10"><span class='ocrx_word' id='word_1_184' title='bbox 2200 1456 2299 1500; x_wconf 87' lang='lat' dir='ltr'><strong>ret.</strong></span> <span class='ocrx_word' id='word_1_185' title='bbox 2334 1445 2497 1509; x_wconf 85' lang='lat' dir='ltr'><strong>Quem</strong></span> <span class='ocrx_word' id='word_1_186' title='bbox 2520 1445 2778 1499; x_wconf 76' lang='lat' dir='ltr'><strong>veraciter</strong></span> <span class='ocrx_word' id='word_1_187' title='bbox 2805 1443 3110 1498; x_wconf 79' lang='lat' dir='ltr'><strong>crucitixum</strong></span> <span class='ocrx_word' id='word_1_188' title='bbox 3135 1482 3147 1505; x_wconf 96' lang='lat'><strong>,</strong></span> <span class='ocrx_word' id='word_1_189' title='bbox 3177 1452 3229 1495; x_wconf 89' lang='lat' dir='ltr'><strong>et</strong></span> <span class='ocrx_word' id='word_1_190' title='bbox 3258 1443 3409 1496; x_wconf 87' lang='lat' dir='ltr'><strong>tertia</strong></span> <span class='ocrx_word' id='word_1_191' title='bbox 3447 1445 3530 1496; x_wconf 87' lang='lat' dir='ltr'><strong>die</strong></span> <span class='ocrx_word' id='word_1_192' title='bbox 3557 1458 3741 1496; x_wconf 80' lang='lat' dir='ltr'><strong>resur-</strong></span> 
     </span>
    </p>
   </div>
   <div class='ocr_carea' id='block_1_30' title="bbox 2202 1532 3744 1601">
    <p class='ocr_par' dir='ltr' id='par_1_30' title="bbox 2202 1532 3744 1601">
     <span class='ocr_line' id='line_1_30' title="bbox 2202 1532 3744 1601; baseline -0.003 -13"><span class='ocrx_word' id='word_1_193' title='bbox 2202 1536 2425 1598; x_wconf 82' lang='lat' dir='ltr'><strong>rexisse,</strong></span> <span class='ocrx_word' id='word_1_194' title='bbox 2455 1543 2649 1588; x_wconf 86' lang='lat' dir='ltr'><strong>etcum</strong></span> <span class='ocrx_word' id='word_1_195' title='bbox 2677 1534 2861 1587; x_wconf 89' lang='lat' dir='ltr'><strong>eadem</strong></span> <span class='ocrx_word' id='word_1_196' title='bbox 2896 1534 3005 1601; x_wconf 90' lang='lat' dir='ltr'><strong>ipsa</strong></span> <span class='ocrx_word' id='word_1_197' title='bbox 3043 1547 3201 1585; x_wconf 88' lang='lat' dir='ltr'><strong>carne</strong></span> <span class='ocrx_word' id='word_1_198' title='bbox 3235 1532 3523 1601; x_wconf 78' lang='lat' dir='ltr'><strong>glorificata</strong></span> <span class='ocrx_word' id='word_1_199' title='bbox 3550 1548 3744 1586; x_wconf 83' lang='lat' dir='ltr'><strong>ascen-</strong></span> 
     </span>
    </p>
   </div>
   <div class='ocr_carea' id='block_1_31' title="bbox 2200 1620 3743 1687">
    <p class='ocr_par' dir='ltr' id='par_1_31' title="bbox 2200 1620 3743 1687">
     <span class='ocr_line' id='line_1_31' title="bbox 2200 1620 3743 1687; baseline -0.001 -11"><span class='ocrx_word' id='word_1_200' title='bbox 2200 1622 2339 1676; x_wconf 89' lang='lat' dir='ltr'><strong>disse</strong></span> <span class='ocrx_word' id='word_1_201' title='bbox 2364 1622 2427 1674; x_wconf 90' lang='lat' dir='ltr'><strong>ad</strong></span> <span class='ocrx_word' id='word_1_202' title='bbox 2452 1621 2641 1675; x_wconf 74' lang='lat' dir='ltr'><strong>omium</strong></span> <span class='ocrx_word' id='word_1_203' title='bbox 2666 1621 2945 1673; x_wconf 89' lang='lat' dir='ltr'><strong>credimus.</strong></span> <span class='ocrx_word' id='word_1_204' title='bbox 2982 1620 3037 1672; x_wconf 91' lang='lat' dir='ltr'><strong>[n</strong></span> <span class='ocrx_word' id='word_1_205' title='bbox 3066 1636 3167 1687; x_wconf 89' lang='lat' dir='ltr'><strong>qua</strong></span> <span class='ocrx_word' id='word_1_206' title='bbox 3205 1634 3363 1673; x_wconf 83' lang='lat' dir='ltr'><strong>came</strong></span> <span class='ocrx_word' id='word_1_207' title='bbox 3392 1621 3454 1673; x_wconf 84' lang='lat' dir='ltr'><strong>ad</strong></span> <span class='ocrx_word' id='word_1_208' title='bbox 3479 1620 3743 1686; x_wconf 88' lang='lat' dir='ltr'><strong>judicium</strong></span> 
     </span>
    </p>
   </div>
   <div class='ocr_carea' id='block_1_32' title="bbox 2202 1709 3744 1775">
    <p class='ocr_par' dir='ltr' id='par_1_32' title="bbox 2202 1709 3744 1775">
     <span class='ocr_line' id='line_1_32' title="bbox 2202 1709 3744 1775; baseline -0.001 -13"><span class='ocrx_word' id='word_1_209' title='bbox 2202 1712 2436 1763; x_wconf 85' lang='lat' dir='ltr'><strong>vivorum</strong></span> <span class='ocrx_word' id='word_1_210' title='bbox 2459 1718 2511 1762; x_wconf 88' lang='lat' dir='ltr'><strong>et</strong></span> <span class='ocrx_word' id='word_1_211' title='bbox 2530 1716 2854 1761; x_wconf 87' lang='lat' dir='ltr'><strong>mortuorum</strong></span> <span class='ocrx_word' id='word_1_212' title='bbox 2873 1715 3209 1775; x_wconf 80' lang='lat' dir='ltr'><strong>exspectatur</strong></span> <span class='ocrx_word' id='word_1_213' title='bbox 3226 1716 3498 1760; x_wconf 87' lang='lat' dir='ltr'><strong>venturus.</strong></span> <span class='ocrx_word' id='word_1_214' title='bbox 3513 1709 3580 1761; x_wconf 83' lang='lat' dir='ltr'><strong>Et</strong></span> <span class='ocrx_word' id='word_1_215' title='bbox 3597 1710 3744 1775; x_wconf 82' lang='lat' dir='ltr'><strong>quod</strong></span> 
     </span>
    </p>
   </div>
   <div class='ocr_carea' id='block_1_33' title="bbox 580 1792 3745 1864">
    <p class='ocr_par' dir='ltr' id='par_1_33' title="bbox 580 1792 3745 1864">
     <span class='ocr_line' id='line_1_33' title="bbox 580 1792 3745 1864; baseline 0.001 -18"><span class='ocrx_word' id='word_1_216' title='bbox 580 1794 778 1847; x_wconf 88' lang='lat' dir='ltr'><strong>ctacula</strong></span> <span class='ocrx_word' id='word_1_217' title='bbox 804 1833 817 1857; x_wconf 96' lang='lat'><strong>,</strong></span> <span class='ocrx_word' id='word_1_218' title='bbox 864 1794 1024 1863; x_wconf 80' lang='lat' dir='ltr'><strong>fugite</strong></span> <span class='ocrx_word' id='word_1_219' title='bbox 1058 1810 1245 1849; x_wconf 76' lang='lat' dir='ltr'><strong>caveas</strong></span> <span class='ocrx_word' id='word_1_220' title='bbox 1289 1795 1615 1863; x_wconf 90' lang='lat' dir='ltr'><strong>turpissimas</strong></span> <span class='ocrx_word' id='word_1_221' title='bbox 1653 1794 1875 1858; x_wconf 87' lang='lat' dir='ltr'><strong>diaboli,</strong></span> <span class='ocrx_word' id='word_1_222' title='bbox 1917 1810 1984 1847; x_wconf 89' lang='lat' dir='ltr'><strong>ne</strong></span> <span class='ocrx_word' id='word_1_223' title='bbox 2014 1808 2107 1846; x_wconf 87' lang='lat' dir='ltr'><strong>vos</strong></span> <span class='ocrx_word' id='word_1_224' title='bbox 2135 1795 2179 1851; x_wconf 82' lang='grc' dir='ltr'><strong>Β</strong></span> <span class='ocrx_word' id='word_1_225' title='bbox 2207 1799 2260 1851; x_wconf 87' lang='lat' dir='ltr'><strong>in</strong></span> <span class='ocrx_word' id='word_1_226' title='bbox 2284 1798 2457 1857; x_wconf 89' lang='lat' dir='ltr'><strong>divina</strong></span> <span class='ocrx_word' id='word_1_227' title='bbox 2484 1799 2815 1864; x_wconf 78' lang='lat' dir='ltr'><strong>humanaque</strong></span> <span class='ocrx_word' id='word_1_228' title='bbox 2837 1795 3125 1849; x_wconf 85' lang='lat' dir='ltr'><strong>substantia</strong></span> <span class='ocrx_word' id='word_1_229' title='bbox 3155 1810 3308 1846; x_wconf 87' lang='lat' dir='ltr'><strong>unam</strong></span> <span class='ocrx_word' id='word_1_230' title='bbox 3336 1792 3536 1848; x_wconf 79' lang='lat' dir='ltr'><strong>Christi</strong></span> <span class='ocrx_word' id='word_1_231' title='bbox 3562 1808 3745 1862; x_wconf 77' lang='lat' dir='ltr'><strong>gesta—</strong></span> 
     </span>
    </p>
   </div>
   <div class='ocr_carea' id='block_1_34' title="bbox 579 1880 2106 1953">
    <p class='ocr_par' dir='ltr' id='par_1_34' title="bbox 579 1880 2106 1953">
     <span class='ocr_line' id='line_1_34' title="bbox 579 1880 2106 1953; baseline 0.001 -23"><span class='ocrx_word' id='word_1_232' title='bbox 579 1880 783 1934; x_wconf 88' lang='lat' dir='ltr'><strong>viucula</strong></span> <span class='ocrx_word' id='word_1_233' title='bbox 811 1890 1019 1935; x_wconf 87' lang='lat' dir='ltr'><strong>teneant</strong></span> <span class='ocrx_word' id='word_1_234' title='bbox 1046 1883 1275 1953; x_wconf 86' lang='lat' dir='ltr'><strong>maligni.</strong></span> <span class='ocrx_word' id='word_1_235' title='bbox 1309 1883 1526 1935; x_wconf 83' lang='lat' dir='ltr'><strong>Amator</strong></span> <span class='ocrx_word' id='word_1_236' title='bbox 1553 1890 1633 1935; x_wconf 91' lang='lat' dir='ltr'><strong>est</strong></span> <span class='ocrx_word' id='word_1_237' title='bbox 1662 1883 1919 1949; x_wconf 86' lang='lat' dir='ltr'><strong>quispiam</strong></span> <span class='ocrx_word' id='word_1_238' title='bbox 1949 1881 2106 1934; x_wconf 84' lang='lat' dir='ltr'><strong>circi?</strong></span> 
     </span>
    </p>
   </div>
   <div class='ocr_carea' id='block_1_35' title="bbox 581 1970 2106 2041">
    <p class='ocr_par' dir='ltr' id='par_1_35' title="bbox 581 1970 2106 2041">
     <span class='ocr_line' id='line_1_35' title="bbox 581 1970 2106 2041; baseline 0.001 -19"><span class='ocrx_word' id='word_1_239' title='bbox 581 1970 715 2034; x_wconf 85' lang='lat' dir='ltr'><strong>Quid</strong></span> <span class='ocrx_word' id='word_1_240' title='bbox 742 1972 966 2026; x_wconf 85' lang='lat' dir='ltr'><strong>delectat</strong></span> <span class='ocrx_word' id='word_1_241' title='bbox 983 1973 1123 2025; x_wconf 91' lang='lat' dir='ltr'><strong>circo</strong></span> <span class='ocrx_word' id='word_1_242' title='bbox 1142 1974 1351 2041; x_wconf 76' lang='lat' dir='ltr'><strong>aurigas</strong></span> <span class='ocrx_word' id='word_1_243' title='bbox 1375 1973 1552 2027; x_wconf 84' lang='lat' dir='ltr'><strong>videre</strong></span> <span class='ocrx_word' id='word_1_244' title='bbox 1577 1973 1871 2025; x_wconf 85' lang='lat' dir='ltr'><strong>certantes?</strong></span> <span class='ocrx_word' id='word_1_245' title='bbox 1891 1971 2106 2040; x_wconf 90' lang='lat' dir='ltr'><strong>populos</strong></span> 
     </span>
    </p>
   </div>
   <div class='ocr_carea' id='block_1_36' title="bbox 580 2058 2106 2128">
    <p class='ocr_par' dir='ltr' id='par_1_36' title="bbox 580 2058 2106 2128">
     <span class='ocr_line' id='line_1_36' title="bbox 580 2058 2106 2128; baseline 0.001 -18"><span class='ocrx_word' id='word_1_246' title='bbox 580 2058 763 2111; x_wconf 88' lang='lat' dir='ltr'><strong>insana</strong></span> <span class='ocrx_word' id='word_1_247' title='bbox 789 2059 921 2111; x_wconf 91' lang='lat' dir='ltr'><strong>furia</strong></span> <span class='ocrx_word' id='word_1_248' title='bbox 951 2060 1293 2112; x_wconf 85' lang='lat' dir='ltr'><strong>anhelantes?</strong></span> <span class='ocrx_word' id='word_1_249' title='bbox 1321 2059 1603 2127; x_wconf 89' lang='lat' dir='ltr'><strong>quemlibet</strong></span> <span class='ocrx_word' id='word_1_250' title='bbox 1621 2059 1995 2128; x_wconf 76' lang='lat' dir='ltr'><strong>pnncedentem</strong></span> <span class='ocrx_word' id='word_1_251' title='bbox 2019 2060 2106 2111; x_wconf 89' lang='lat' dir='ltr'><strong>ad-</strong></span> 
     </span>
    </p>
   </div>
   <div class='ocr_carea' id='block_1_37' title="bbox 584 2146 2108 2217">
    <p class='ocr_par' dir='ltr' id='par_1_37' title="bbox 584 2146 2108 2217">
     <span class='ocr_line' id='line_1_37' title="bbox 584 2146 2108 2217; baseline 0 -19"><span class='ocrx_word' id='word_1_252' title='bbox 584 2148 803 2200; x_wconf 88' lang='lat' dir='ltr'><strong>versarii</strong></span> <span class='ocrx_word' id='word_1_253' title='bbox 831 2149 911 2200; x_wconf 90' lang='lat' dir='ltr'><strong>sui</strong></span> <span class='ocrx_word' id='word_1_254' title='bbox 937 2163 1124 2215; x_wconf 89' lang='lat' dir='ltr'><strong>equum</strong></span> <span class='ocrx_word' id='word_1_255' title='bbox 1153 2147 1508 2217; x_wconf 79' lang='lat' dir='ltr'><strong>frangentem?</strong></span> <span class='ocrx_word' id='word_1_256' title='bbox 1539 2147 1639 2200; x_wconf 83' lang='lat' dir='ltr'><strong>Ista</strong></span> <span class='ocrx_word' id='word_1_257' title='bbox 1668 2156 1749 2201; x_wconf 91' lang='lat' dir='ltr'><strong>est</strong></span> <span class='ocrx_word' id='word_1_258' title='bbox 1774 2148 1943 2201; x_wconf 90' lang='lat' dir='ltr'><strong>omnis</strong></span> <span class='ocrx_word' id='word_1_259' title='bbox 1970 2146 2108 2200; x_wconf 86' lang='lat' dir='ltr'><strong>dele-</strong></span> 
     </span>
    </p>
   </div>
   <div class='ocr_carea' id='block_1_38' title="bbox 582 2237 2105 2303">
    <p class='ocr_par' dir='ltr' id='par_1_38' title="bbox 582 2237 2105 2303">
     <span class='ocr_line' id='line_1_38' title="bbox 582 2237 2105 2303; baseline -0.001 -13"><span class='ocrx_word' id='word_1_260' title='bbox 582 2239 761 2299; x_wconf 89' lang='lat' dir='ltr'><strong>ctatio,</strong></span> <span class='ocrx_word' id='word_1_261' title='bbox 793 2237 1036 2291; x_wconf 89' lang='lat' dir='ltr'><strong>clamare.</strong></span> <span class='ocrx_word' id='word_1_262' title='bbox 1067 2238 1199 2303; x_wconf 87' lang='lat' dir='ltr'><strong>Quia</strong></span> <span class='ocrx_word' id='word_1_263' title='bbox 1222 2239 1349 2291; x_wconf 82' lang='lat' dir='ltr'><strong>vicit</strong></span> <span class='ocrx_word' id='word_1_264' title='bbox 1375 2240 1427 2291; x_wconf 92' lang='lat' dir='ltr'><strong>in</strong></span> <span class='ocrx_word' id='word_1_265' title='bbox 1454 2238 1688 2291; x_wconf 87' lang='lat' dir='ltr'><strong>theatris.</strong></span> <span class='ocrx_word' id='word_1_266' title='bbox 1714 2237 1884 2290; x_wconf 81' lang='lat' dir='ltr'><strong>Labes</strong></span> <span class='ocrx_word' id='word_1_267' title='bbox 1901 2251 2105 2290; x_wconf 90' lang='lat' dir='ltr'><strong>morum</strong></span> 
     </span>
    </p>
   </div>
   <div class='ocr_carea' id='block_1_39' title="bbox 582 2305 2110 2394">
    <p class='ocr_par' dir='ltr' id='par_1_39' title="bbox 582 2305 2110 2394">
     <span class='ocr_line' id='line_1_39' title="bbox 582 2305 2110 2394; baseline -0.002 -14"><span class='ocrx_word' id='word_1_268' title='bbox 582 2336 663 2380; x_wconf 87' lang='lat' dir='ltr'><strong>est</strong></span> <span class='ocrx_word' id='word_1_269' title='bbox 688 2328 888 2380; x_wconf 86' lang='lat' dir='ltr'><strong>discere</strong></span> <span class='ocrx_word' id='word_1_270' title='bbox 920 2328 1120 2394; x_wconf 89' lang='lat' dir='ltr'><strong>turpia,</strong></span> <span class='ocrx_word' id='word_1_271' title='bbox 1154 2326 1335 2379; x_wconf 88' lang='lat' dir='ltr'><strong>audire</strong></span> <span class='ocrx_word' id='word_1_272' title='bbox 1377 2326 1667 2379; x_wconf 89' lang='lat' dir='ltr'><strong>inhonesta.</strong></span> <span class='ocrx_word' id='word_1_273' title='bbox 1690 2305 1902 2379; x_wconf 58' lang='lat' dir='ltr'><strong>.Chorus</strong></span> <span class='ocrx_word' id='word_1_274' title='bbox 1938 2324 2024 2378; x_wconf 88' lang='lat' dir='ltr'><strong>ille</strong></span> <span class='ocrx_word' id='word_1_275' title='bbox 2056 2332 2110 2378; x_wconf 89' lang='lat' dir='ltr'><strong>et</strong></span> 
     </span>
    </p>
   </div>
   <div class='ocr_carea' id='block_1_40' title="bbox 584 2415 2108 2484">
    <p class='ocr_par' dir='ltr' id='par_1_40' title="bbox 584 2415 2108 2484">
     <span class='ocr_line' id='line_1_40' title="bbox 584 2415 2108 2484; baseline 0 -17"><span class='ocrx_word' id='word_1_276' title='bbox 584 2416 757 2467; x_wconf 91' lang='lat' dir='ltr'><strong>cantio</strong></span> <span class='ocrx_word' id='word_1_277' title='bbox 786 2416 1091 2483; x_wconf 87' lang='lat' dir='ltr'><strong>pantomimi</strong></span> <span class='ocrx_word' id='word_1_278' title='bbox 1132 2416 1281 2469; x_wconf 89' lang='lat' dir='ltr'><strong>illicit</strong></span> <span class='ocrx_word' id='word_1_279' title='bbox 1310 2415 1571 2480; x_wconf 90' lang='lat' dir='ltr'><strong>auditum,</strong></span> <span class='ocrx_word' id='word_1_280' title='bbox 1610 2415 1697 2470; x_wconf 88' lang='lat' dir='ltr'><strong>sed</strong></span> <span class='ocrx_word' id='word_1_281' title='bbox 1735 2423 1999 2484; x_wconf 76' lang='lat' dir='ltr'><strong>expugnat</strong></span> <span class='ocrx_word' id='word_1_282' title='bbox 2025 2429 2108 2467; x_wconf 88' lang='lat' dir='ltr'><strong>sa-</strong></span> 
     </span>
    </p>
   </div>
   <div class='ocr_carea' id='block_1_41' title="bbox 583 2502 2108 2570">
    <p class='ocr_par' dir='ltr' id='par_1_41' title="bbox 583 2502 2108 2570">
     <span class='ocr_line' id='line_1_41' title="bbox 583 2502 2108 2570; baseline -0.001 -15"><span class='ocrx_word' id='word_1_283' title='bbox 583 2520 708 2555; x_wconf 87' lang='lat' dir='ltr'><strong>nmn</strong></span> <span class='ocrx_word' id='word_1_284' title='bbox 738 2502 999 2555; x_wconf 80' lang='lat' dir='ltr'><strong>affectum.</strong></span> <span class='ocrx_word' id='word_1_285' title='bbox 1038 2522 1054 2553; x_wconf 75' lang='grc' dir='ltr'><strong><em>ι</em></strong></span> <span class='ocrx_word' id='word_1_286' title='bbox 1072 2504 1296 2570; x_wconf 81' lang='lat' dir='ltr'><strong>Pompa:</strong></span> <span class='ocrx_word' id='word_1_287' title='bbox 1322 2503 1512 2556; x_wconf 89' lang='lat' dir='ltr'><strong>diaboli</strong></span> <span class='ocrx_word' id='word_1_288' title='bbox 1535 2511 1655 2556; x_wconf 88' lang='lat' dir='ltr'><strong>sunt</strong></span> <span class='ocrx_word' id='word_1_289' title='bbox 1682 2517 1897 2569; x_wconf 69' lang='lat' dir='ltr'><strong>qumque</strong></span> <span class='ocrx_word' id='word_1_290' title='bbox 1930 2502 2108 2555; x_wconf 86' lang='lat' dir='ltr'><strong>illicita</strong></span> 
     </span>
    </p>
   </div>
   <div class='ocr_carea' id='block_1_42' title="bbox 582 2591 2105 2659">
    <p class='ocr_par' dir='ltr' id='par_1_42' title="bbox 582 2591 2105 2659">
     <span class='ocr_line' id='line_1_42' title="bbox 582 2591 2105 2659; baseline 0 -17"><span class='ocrx_word' id='word_1_291' title='bbox 582 2591 836 2643; x_wconf 82' lang='lat' dir='ltr'><strong>desideria</strong></span> <span class='ocrx_word' id='word_1_292' title='bbox 866 2605 979 2657; x_wconf 73' lang='lat' dir='ltr'><strong>qure</strong></span> <span class='ocrx_word' id='word_1_293' title='bbox 1022 2600 1265 2659; x_wconf 89' lang='lat' dir='ltr'><strong>turpant,</strong></span> <span class='ocrx_word' id='word_1_294' title='bbox 1295 2607 1399 2645; x_wconf 89' lang='lat' dir='ltr'><strong>non</strong></span> <span class='ocrx_word' id='word_1_295' title='bbox 1427 2607 1541 2659; x_wconf 78' lang='lat' dir='ltr'><strong>qua:</strong></span> <span class='ocrx_word' id='word_1_296' title='bbox 1569 2600 1823 2645; x_wconf 75' lang='lat' dir='ltr'><strong>exornant</strong></span> <span class='ocrx_word' id='word_1_297' title='bbox 1849 2591 2105 2655; x_wconf 88' lang='lat' dir='ltr'><strong>animam;</strong></span> 
     </span>
    </p>
   </div>
   <div class='ocr_carea' id='block_1_43' title="bbox 585 2677 2111 2741">
    <p class='ocr_par' dir='ltr' id='par_1_43' title="bbox 585 2677 2111 2741">
     <span class='ocr_line' id='line_1_43' title="bbox 585 2677 2111 2741; baseline 0 -13"><span class='ocrx_word' id='word_1_298' title='bbox 585 2686 641 2728; x_wconf 94' lang='lat' dir='ltr'><strong>ut</strong></span> <span class='ocrx_word' id='word_1_299' title='bbox 664 2684 785 2729; x_wconf 90' lang='lat' dir='ltr'><strong>sunt</strong></span> <span class='ocrx_word' id='word_1_300' title='bbox 810 2677 1065 2731; x_wconf 84' lang='lat' dir='ltr'><strong>desideria</strong></span> <span class='ocrx_word' id='word_1_301' title='bbox 1095 2679 1297 2739; x_wconf 82' lang='lat' dir='ltr'><strong>carnis,</strong></span> <span class='ocrx_word' id='word_1_302' title='bbox 1325 2679 1579 2732; x_wconf 85' lang='lat' dir='ltr'><strong>desideria</strong></span> <span class='ocrx_word' id='word_1_303' title='bbox 1618 2679 1916 2741; x_wconf 91' lang='lat' dir='ltr'><strong>oculorum,</strong></span> <span class='ocrx_word' id='word_1_304' title='bbox 1945 2677 2111 2729; x_wconf 89' lang='lat' dir='ltr'><strong>ambi-</strong></span> 
     </span>
    </p>
   </div>
   <div class='ocr_carea' id='block_1_44' title="bbox 583 2766 2108 2835">
    <p class='ocr_par' dir='ltr' id='par_1_44' title="bbox 583 2766 2108 2835">
     <span class='ocr_line' id='line_1_44' title="bbox 583 2766 2108 2835; baseline 0.003 -19"><span class='ocrx_word' id='word_1_305' title='bbox 583 2766 751 2817; x_wconf 88' lang='lat' dir='ltr'><strong>tiones</strong></span> <span class='ocrx_word' id='word_1_306' title='bbox 794 2766 985 2819; x_wconf 65' lang='lat' dir='ltr'><strong>sarculi.</strong></span> <span class='ocrx_word' id='word_1_307' title='bbox 1012 2767 1089 2819; x_wconf 83' lang='lat' dir='ltr'><strong>Ad</strong></span> <span class='ocrx_word' id='word_1_308' title='bbox 1125 2768 1593 2835; x_wconf 90' lang='lat' dir='ltr'><strong>concupiscentiam</strong></span> <span class='ocrx_word' id='word_1_309' title='bbox 1621 2768 1792 2820; x_wconf 87' lang='lat' dir='ltr'><strong>carnis</strong></span> <span class='ocrx_word' id='word_1_310' title='bbox 1827 2768 2108 2834; x_wconf 88' lang='lat' dir='ltr'><strong>pertinent,</strong></span> 
     </span>
    </p>
   </div>
   <div class='ocr_carea' id='block_1_45' title="bbox 584 2853 2106 2929">
    <p class='ocr_par' dir='ltr' id='par_1_45' title="bbox 584 2853 2106 2929">
     <span class='ocr_line' id='line_1_45' title="bbox 584 2853 2106 2929; baseline 0.002 -24"><span class='ocrx_word' id='word_1_311' title='bbox 584 2853 858 2916; x_wconf 68' lang='lat' dir='ltr'><strong>illecebrm,</strong></span> <span class='ocrx_word' id='word_1_312' title='bbox 887 2854 1207 2922; x_wconf 86' lang='lat' dir='ltr'><strong>voluptates;</strong></span> <span class='ocrx_word' id='word_1_313' title='bbox 1232 2855 1294 2908; x_wconf 87' lang='lat' dir='ltr'><strong>ad</strong></span> <span class='ocrx_word' id='word_1_314' title='bbox 1324 2857 1795 2929; x_wconf 85' lang='lat' dir='ltr'><strong>concupiscentiam</strong></span> <span class='ocrx_word' id='word_1_315' title='bbox 1816 2857 2106 2920; x_wconf 89' lang='lat' dir='ltr'><strong>oculorum,</strong></span> 
     </span>
    </p>
   </div>
   <div class='ocr_carea' id='block_1_46' title="bbox 587 2941 2111 3008">
    <p class='ocr_par' dir='ltr' id='par_1_46' title="bbox 587 2941 2111 3008">
     <span class='ocr_line' id='line_1_46' title="bbox 587 2941 2111 3008; baseline 0.005 -17"><span class='ocrx_word' id='word_1_316' title='bbox 587 2941 855 3008; x_wconf 87' lang='lat' dir='ltr'><strong>nugacitas</strong></span> <span class='ocrx_word' id='word_1_317' title='bbox 884 2944 1328 3008; x_wconf 83' lang='lat' dir='ltr'><strong>spectaculorum;</strong></span> <span class='ocrx_word' id='word_1_318' title='bbox 1365 2946 1431 2997; x_wconf 92' lang='lat' dir='ltr'><strong>ad</strong></span> <span class='ocrx_word' id='word_1_319' title='bbox 1458 2945 1791 2999; x_wconf 87' lang='lat' dir='ltr'><strong>ambitionem</strong></span> <span class='ocrx_word' id='word_1_320' title='bbox 1819 2946 1991 3000; x_wconf 65' lang='lat' dir='ltr'><strong>saeculi</strong></span> <span class='ocrx_word' id='word_1_321' title='bbox 2032 2948 2111 3000; x_wconf 88' lang='lat' dir='ltr'><strong>in-</strong></span> 
     </span>
    </p>
   </div>
   <div class='ocr_carea' id='block_1_47' title="bbox 588 3030 2108 3103">
    <p class='ocr_par' dir='ltr' id='par_1_47' title="bbox 588 3030 2108 3103">
     <span class='ocr_line' id='line_1_47' title="bbox 588 3030 2108 3103; baseline 0.005 -23"><span class='ocrx_word' id='word_1_322' title='bbox 588 3042 714 3080; x_wconf 88' lang='lat' dir='ltr'><strong>sana</strong></span> <span class='ocrx_word' id='word_1_323' title='bbox 746 3030 984 3095; x_wconf 87' lang='lat' dir='ltr'><strong>superbia</strong></span> <span class='ocrx_word' id='word_1_324' title='bbox 1020 3048 1031 3082; x_wconf 92' lang='lat'>:</span> <span class='ocrx_word' id='word_1_325' title='bbox 1066 3031 1150 3083; x_wconf 91' lang='lat' dir='ltr'><strong>ubi</strong></span> <span class='ocrx_word' id='word_1_326' title='bbox 1176 3039 1257 3084; x_wconf 87' lang='lat' dir='ltr'><strong>est</strong></span> <span class='ocrx_word' id='word_1_327' title='bbox 1281 3031 1451 3085; x_wconf 89' lang='lat' dir='ltr'><strong>fumus</strong></span> <span class='ocrx_word' id='word_1_328' title='bbox 1480 3032 1714 3097; x_wconf 84' lang='lat' dir='ltr'><strong>inflatus,</strong></span> <span class='ocrx_word' id='word_1_329' title='bbox 1740 3042 1797 3085; x_wconf 91' lang='lat' dir='ltr'><strong>ut</strong></span> <span class='ocrx_word' id='word_1_330' title='bbox 1832 3035 1988 3087; x_wconf 90' lang='lat' dir='ltr'><strong>homo</strong></span> <span class='ocrx_word' id='word_1_331' title='bbox 2012 3050 2108 3103; x_wconf 87' lang='lat' dir='ltr'><strong>po-</strong></span> 
     </span>
    </p>
   </div>
   <div class='ocr_carea' id='block_1_48' title="bbox 587 3115 2113 3191">
    <p class='ocr_par' dir='ltr' id='par_1_48' title="bbox 587 3115 2113 3191">
     <span class='ocr_line' id='line_1_48' title="bbox 587 3115 2113 3191; baseline 0.007 -26"><span class='ocrx_word' id='word_1_332' title='bbox 587 3115 719 3191; x_wconf 71' lang='lat' dir='ltr'><strong>situs</strong></span> <span class='ocrx_word' id='word_1_333' title='bbox 744 3116 795 3167; x_wconf 91' lang='lat' dir='ltr'><strong>in</strong></span> <span class='ocrx_word' id='word_1_334' title='bbox 822 3116 991 3181; x_wconf 88' lang='lat' dir='ltr'><strong>aliqua</strong></span> <span class='ocrx_word' id='word_1_335' title='bbox 1021 3126 1297 3185; x_wconf 88' lang='lat' dir='ltr'><strong>potestate,</strong></span> <span class='ocrx_word' id='word_1_336' title='bbox 1321 3119 1581 3172; x_wconf 88' lang='lat' dir='ltr'><strong>hominem</strong></span> <span class='ocrx_word' id='word_1_337' title='bbox 1604 3136 1659 3174; x_wconf 90' lang='lat' dir='ltr'><strong>se</strong></span> <span class='ocrx_word' id='word_1_338' title='bbox 1682 3136 1796 3174; x_wconf 89' lang='lat' dir='ltr'><strong>esse</strong></span> <span class='ocrx_word' id='word_1_339' title='bbox 1825 3137 1929 3174; x_wconf 89' lang='lat' dir='ltr'><strong>non</strong></span> <span class='ocrx_word' id='word_1_340' title='bbox 1954 3138 2113 3191; x_wconf 85' lang='lat' dir='ltr'><strong>agno-</strong></span> 
     </span>
    </p>
   </div>
   <div class='ocr_carea' id='block_1_49' title="bbox 568 3183 2114 3292">
    <p class='ocr_par' dir='ltr' id='par_1_49' title="bbox 568 3183 2114 3292">
     <span class='ocr_line' id='line_1_49' title="bbox 568 3183 2114 3292; baseline 0.006 -40"><span class='ocrx_word' id='word_1_341' title='bbox 568 3183 721 3292; x_wconf 49' lang='lat' dir='ltr'><strong>Iéat,</strong></span> <span class='ocrx_word' id='word_1_342' title='bbox 752 3218 870 3255; x_wconf 91' lang='lat' dir='ltr'><strong>cum</strong></span> <span class='ocrx_word' id='word_1_343' title='bbox 894 3206 956 3255; x_wconf 84' lang='lat' dir='ltr'><strong>de</strong></span> <span class='ocrx_word' id='word_1_344' title='bbox 986 3183 1192 3256; x_wconf 81' lang='lat' dir='ltr'><strong>homine</strong></span> <span class='ocrx_word' id='word_1_345' title='bbox 1217 3206 1433 3273; x_wconf 76' lang='lat' dir='ltr'><strong>iudicat.</strong></span> <span class='ocrx_word' id='word_1_346' title='bbox 1474 3205 1570 3271; x_wconf 87' lang='lat' dir='ltr'><strong>Qui</strong></span> <span class='ocrx_word' id='word_1_347' title='bbox 1600 3208 1708 3259; x_wconf 87' lang='lat' dir='ltr'><strong>vult</strong></span> <span class='ocrx_word' id='word_1_348' title='bbox 1748 3224 1870 3275; x_wconf 92' lang='lat' dir='ltr'><strong>ergo</strong></span> <span class='ocrx_word' id='word_1_349' title='bbox 1905 3183 2114 3263; x_wconf 68' lang='lat' dir='ltr'><strong>vincere</strong></span> 
     </span>
    </p>
   </div>
   <div class='ocr_carea' id='block_1_50' title="bbox 588 3288 2114 3363">
    <p class='ocr_par' dir='ltr' id='par_1_50' title="bbox 588 3288 2114 3363">
     <span class='ocr_line' id='line_1_50' title="bbox 588 3288 2114 3363; baseline 0.006 -24"><span class='ocrx_word' id='word_1_350' title='bbox 588 3289 691 3340; x_wconf 88' lang='lat' dir='ltr'><strong>tria</strong></span> <span class='ocrx_word' id='word_1_351' title='bbox 742 3288 861 3351; x_wconf 86' lang='lat' dir='ltr'><strong>ista,</strong></span> <span class='ocrx_word' id='word_1_352' title='bbox 901 3290 1076 3344; x_wconf 81' lang='lat' dir='ltr'><strong>vincat</strong></span> <span class='ocrx_word' id='word_1_353' title='bbox 1114 3306 1229 3358; x_wconf 76' lang='lat' dir='ltr'><strong>qua:</strong></span> <span class='ocrx_word' id='word_1_354' title='bbox 1268 3301 1389 3345; x_wconf 91' lang='lat' dir='ltr'><strong>sunt</strong></span> <span class='ocrx_word' id='word_1_355' title='bbox 1424 3293 1476 3345; x_wconf 91' lang='lat' dir='ltr'><strong>in</strong></span> <span class='ocrx_word' id='word_1_356' title='bbox 1518 3293 1711 3346; x_wconf 90' lang='lat' dir='ltr'><strong>mundo</strong></span> <span class='ocrx_word' id='word_1_357' title='bbox 1746 3309 1759 3346; x_wconf 92' lang='lat'>:</span> <span class='ocrx_word' id='word_1_358' title='bbox 1790 3302 1843 3348; x_wconf 92' lang='lat' dir='ltr'><strong>ct</strong></span> <span class='ocrx_word' id='word_1_359' title='bbox 1878 3310 1969 3363; x_wconf 91' lang='lat' dir='ltr'><strong>per</strong></span> <span class='ocrx_word' id='word_1_360' title='bbox 2004 3296 2114 3348; x_wconf 69' lang='lat' dir='ltr'><strong>haec</strong></span> 
     </span>
    </p>
   </div>
   <div class='ocr_carea' id='block_1_51' title="bbox 589 3376 2114 3451">
    <p class='ocr_par' dir='ltr' id='par_1_51' title="bbox 589 3376 2114 3451">
     <span class='ocr_line' id='line_1_51' title="bbox 589 3376 2114 3451; baseline 0.005 -24"><span class='ocrx_word' id='word_1_361' title='bbox 589 3376 731 3427; x_wconf 78' lang='lat' dir='ltr'><strong>illum</strong></span> <span class='ocrx_word' id='word_1_362' title='bbox 758 3377 919 3430; x_wconf 89' lang='lat' dir='ltr'><strong>vincit</strong></span> <span class='ocrx_word' id='word_1_363' title='bbox 948 3380 1135 3442; x_wconf 85' lang='lat' dir='ltr'><strong>etiam,</strong></span> <span class='ocrx_word' id='word_1_364' title='bbox 1163 3380 1251 3448; x_wconf 91' lang='lat' dir='ltr'><strong>qui</strong></span> <span class='ocrx_word' id='word_1_365' title='bbox 1286 3381 1553 3435; x_wconf 86' lang='lat' dir='ltr'><strong>suadendo</strong></span> <span class='ocrx_word' id='word_1_366' title='bbox 1581 3397 1674 3451; x_wconf 92' lang='lat' dir='ltr'><strong>per</strong></span> <span class='ocrx_word' id='word_1_367' title='bbox 1702 3381 1997 3449; x_wconf 87' lang='lat' dir='ltr'><strong>superbiam</strong></span> <span class='ocrx_word' id='word_1_368' title='bbox 2026 3384 2114 3435; x_wconf 89' lang='lat' dir='ltr'><strong>de-</strong></span> 
     </span>
    </p>
   </div>
   <div class='ocr_carea' id='block_1_52' title="bbox 591 3465 1025 3529">
    <p class='ocr_par' dir='ltr' id='par_1_52' title="bbox 591 3465 1025 3529">
     <span class='ocr_line' id='line_1_52' title="bbox 591 3465 1025 3529; baseline 0.014 -16"><span class='ocrx_word' id='word_1_369' title='bbox 591 3465 726 3529; x_wconf 81' lang='lat' dir='ltr'><strong>cepit</strong></span> <span class='ocrx_word' id='word_1_370' title='bbox 760 3466 1025 3519; x_wconf 87' lang='lat' dir='ltr'><strong>mundum.</strong></span> 
     </span>
    </p>
   </div>
   <div class='ocr_carea' id='block_1_53' title="bbox 1117 3555 1583 3609">
    <p class='ocr_par' dir='ltr' id='par_1_53' title="bbox 1117 3555 1583 3609">
     <span class='ocr_line' id='line_1_53' title="bbox 1117 3555 1583 3609; baseline -0.002 -2"><span class='ocrx_word' id='word_1_371' title='bbox 1117 3555 1409 3609; x_wconf 80' lang='lat' dir='ltr'><strong>CAPUT</strong></span> <span class='ocrx_word' id='word_1_372' title='bbox 1483 3556 1583 3609; x_wconf 82' lang='lat' dir='ltr'><strong>IV.</strong></span> 
     </span>
    </p>
   </div>
   <div class='ocr_carea' id='block_1_54' title="bbox 1167 3641 1518 3711">
    <p class='ocr_par' dir='ltr' id='par_1_54' title="bbox 1167 3641 1518 3711">
     <span class='ocr_line' id='line_1_54' title="bbox 1167 3641 1518 3711; baseline 0.006 -18"><span class='ocrx_word' id='word_1_373' title='bbox 1167 3641 1241 3693; x_wconf 88' lang='lat' dir='ltr'><strong>De</strong></span> <span class='ocrx_word' id='word_1_374' title='bbox 1266 3641 1518 3711; x_wconf 85' lang='lat' dir='ltr'><strong>Symbolo.</strong></span> 
     </span>
    </p>
   </div>
   <div class='ocr_carea' id='block_1_55' title="bbox 640 3726 2119 3802">
    <p class='ocr_par' dir='ltr' id='par_1_55' title="bbox 640 3726 2119 3802">
     <span class='ocr_line' id='line_1_55' title="bbox 640 3726 2119 3802; baseline 0.007 -23"><span class='ocrx_word' id='word_1_375' title='bbox 640 3726 959 3795; x_wconf 59' lang='lat' dir='ltr'><strong>Symbolum</strong></span> <span class='ocrx_word' id='word_1_376' title='bbox 990 3730 1199 3795; x_wconf 63' lang='lat' dir='ltr'><strong>Graece,</strong></span> <span class='ocrx_word' id='word_1_377' title='bbox 1228 3730 1412 3785; x_wconf 87' lang='lat' dir='ltr'><strong>Latine</strong></span> <span class='ocrx_word' id='word_1_378' title='bbox 1436 3747 1559 3785; x_wconf 89' lang='lat' dir='ltr'><strong>vero</strong></span> <span class='ocrx_word' id='word_1_379' title='bbox 1589 3732 1959 3802; x_wconf 86' lang='lat' dir='ltr'><strong>interpretatur</strong></span> <span class='ocrx_word' id='word_1_380' title='bbox 1985 3735 2119 3789; x_wconf 90' lang='lat' dir='ltr'><strong>indi-</strong></span> 
     </span>
    </p>
   </div>
   <div class='ocr_carea' id='block_1_56' title="bbox 594 3816 2115 3889">
    <p class='ocr_par' dir='ltr' id='par_1_56' title="bbox 594 3816 2115 3889">
     <span class='ocr_line' id='line_1_56' title="bbox 594 3816 2115 3889; baseline 0.008 -22"><span class='ocrx_word' id='word_1_381' title='bbox 594 3817 759 3881; x_wconf 89' lang='lat' dir='ltr'><strong>cium,</strong></span> <span class='ocrx_word' id='word_1_382' title='bbox 794 3816 875 3870; x_wconf 84' lang='lat' dir='ltr'><strong>vel</strong></span> <span class='ocrx_word' id='word_1_383' title='bbox 900 3818 1134 3882; x_wconf 82' lang='lat' dir='ltr'><strong>collatio;</strong></span> <span class='ocrx_word' id='word_1_384' title='bbox 1185 3820 1284 3873; x_wconf 89' lang='lat' dir='ltr'><strong>hoc</strong></span> <span class='ocrx_word' id='word_1_385' title='bbox 1323 3828 1435 3884; x_wconf 88' lang='lat' dir='ltr'><strong>est,</strong></span> <span class='ocrx_word' id='word_1_386' title='bbox 1470 3820 1617 3886; x_wconf 92' lang='lat' dir='ltr'><strong>Quod</strong></span> <span class='ocrx_word' id='word_1_387' title='bbox 1652 3823 1829 3889; x_wconf 67' lang='lat' dir='ltr'><strong>plures</strong></span> <span class='ocrx_word' id='word_1_388' title='bbox 1868 3825 1918 3876; x_wconf 92' lang='lat' dir='ltr'><strong>in</strong></span> <span class='ocrx_word' id='word_1_389' title='bbox 1954 3841 2115 3879; x_wconf 87' lang='lat' dir='ltr'><strong>unum</strong></span> 
     </span>
    </p>
   </div>
   <div class='ocr_carea' id='block_1_57' title="bbox 593 3907 2113 3979">
    <p class='ocr_par' dir='ltr' id='par_1_57' title="bbox 593 3907 2113 3979">
     <span class='ocr_line' id='line_1_57' title="bbox 593 3907 2113 3979; baseline 0.006 -21"><span class='ocrx_word' id='word_1_390' title='bbox 593 3907 884 3960; x_wconf 87' lang='lat' dir='ltr'><strong>conferunt.</strong></span> <span class='ocrx_word' id='word_1_391' title='bbox 914 3909 967 3961; x_wconf 91' lang='lat' dir='ltr'><strong>Id</strong></span> <span class='ocrx_word' id='word_1_392' title='bbox 994 3911 1131 3963; x_wconf 89' lang='lat' dir='ltr'><strong>enim</strong></span> <span class='ocrx_word' id='word_1_393' title='bbox 1160 3909 1395 3964; x_wconf 89' lang='lat' dir='ltr'><strong>fecerunt</strong></span> <span class='ocrx_word' id='word_1_394' title='bbox 1418 3912 1635 3979; x_wconf 88' lang='lat' dir='ltr'><strong>apostoli</strong></span> <span class='ocrx_word' id='word_1_395' title='bbox 1662 3912 1713 3964; x_wconf 89' lang='lat' dir='ltr'><strong>in</strong></span> <span class='ocrx_word' id='word_1_396' title='bbox 1748 3913 1830 3965; x_wconf 90' lang='lat' dir='ltr'><strong>his</strong></span> <span class='ocrx_word' id='word_1_397' title='bbox 1862 3915 2113 3967; x_wconf 90' lang='lat' dir='ltr'><strong>sermoni-</strong></span> 
     </span>
    </p>
   </div>
   <div class='ocr_carea' id='block_1_58' title="bbox 595 3992 2113 4067">
    <p class='ocr_par' dir='ltr' id='par_1_58' title="bbox 595 3992 2113 4067">
     <span class='ocr_line' id='line_1_58' title="bbox 595 3992 2113 4067; baseline 0.007 -25"><span class='ocrx_word' id='word_1_398' title='bbox 595 3993 710 4051; x_wconf 86' lang='lat' dir='ltr'><strong>bus,</strong></span> <span class='ocrx_word' id='word_1_399' title='bbox 749 3992 801 4044; x_wconf 92' lang='lat' dir='ltr'><strong>in</strong></span> <span class='ocrx_word' id='word_1_400' title='bbox 834 4009 993 4046; x_wconf 90' lang='lat' dir='ltr'><strong>unum</strong></span> <span class='ocrx_word' id='word_1_401' title='bbox 1028 3995 1339 4049; x_wconf 89' lang='lat' dir='ltr'><strong>conferendo</strong></span> <span class='ocrx_word' id='word_1_402' title='bbox 1367 3999 1722 4066; x_wconf 89' lang='lat' dir='ltr'><strong>unusquisque</strong></span> <span class='ocrx_word' id='word_1_403' title='bbox 1758 4002 1897 4067; x_wconf 89' lang='lat' dir='ltr'><strong>quod</strong></span> <span class='ocrx_word' id='word_1_404' title='bbox 1934 4002 2113 4055; x_wconf 88' lang='lat' dir='ltr'><strong>sensit.</strong></span> 
     </span>
    </p>
   </div>
   <div class='ocr_carea' id='block_1_59' title="bbox 593 4077 2116 4153">
    <p class='ocr_par' dir='ltr' id='par_1_59' title="bbox 593 4077 2116 4153">
     <span class='ocr_line' id='line_1_59' title="bbox 593 4077 2116 4153; baseline 0.008 -24"><span class='ocrx_word' id='word_1_405' title='bbox 593 4077 843 4131; x_wconf 86' lang='lat' dir='ltr'><strong>Indicium</strong></span> <span class='ocrx_word' id='word_1_406' title='bbox 871 4088 1045 4134; x_wconf 89' lang='lat' dir='ltr'><strong>autem</strong></span> <span class='ocrx_word' id='word_1_407' title='bbox 1072 4082 1151 4135; x_wconf 89' lang='lat' dir='ltr'><strong>vel</strong></span> <span class='ocrx_word' id='word_1_408' title='bbox 1181 4082 1385 4152; x_wconf 88' lang='lat' dir='ltr'><strong>signum</strong></span> <span class='ocrx_word' id='word_1_409' title='bbox 1422 4084 1617 4136; x_wconf 91' lang='lat' dir='ltr'><strong>idcirco</strong></span> <span class='ocrx_word' id='word_1_410' title='bbox 1662 4086 1869 4147; x_wconf 89' lang='lat' dir='ltr'><strong>dicitur,</strong></span> <span class='ocrx_word' id='word_1_411' title='bbox 1908 4088 2027 4153; x_wconf 88' lang='lat' dir='ltr'><strong>quia</strong></span> <span class='ocrx_word' id='word_1_412' title='bbox 2067 4090 2116 4141; x_wconf 92' lang='lat' dir='ltr'><strong>in</strong></span> 
     </span>
    </p>
   </div>
   <div class='ocr_carea' id='block_1_60' title="bbox 595 4166 2118 4240">
    <p class='ocr_par' dir='ltr' id='par_1_60' title="bbox 595 4166 2118 4240">
     <span class='ocr_line' id='line_1_60' title="bbox 595 4166 2118 4240; baseline 0.007 -23"><span class='ocrx_word' id='word_1_413' title='bbox 595 4166 682 4219; x_wconf 91' lang='lat' dir='ltr'><strong>illo</strong></span> <span class='ocrx_word' id='word_1_414' title='bbox 706 4176 935 4235; x_wconf 90' lang='lat' dir='ltr'><strong>tempore</strong></span> <span class='ocrx_word' id='word_1_415' title='bbox 960 4170 1104 4223; x_wconf 90' lang='lat' dir='ltr'><strong>multi</strong></span> <span class='ocrx_word' id='word_1_416' title='bbox 1128 4171 1444 4225; x_wconf 86' lang='lat' dir='ltr'><strong>simulabant</strong></span> <span class='ocrx_word' id='word_1_417' title='bbox 1467 4188 1523 4225; x_wconf 91' lang='lat' dir='ltr'><strong>se</strong></span> <span class='ocrx_word' id='word_1_418' title='bbox 1542 4188 1658 4227; x_wconf 89' lang='lat' dir='ltr'><strong>esse</strong></span> <span class='ocrx_word' id='word_1_419' title='bbox 1684 4175 1944 4240; x_wconf 90' lang='lat' dir='ltr'><strong>apostolos</strong></span> <span class='ocrx_word' id='word_1_420' title='bbox 1968 4174 2118 4228; x_wconf 87' lang='lat' dir='ltr'><strong>Chri-</strong></span> 
     </span>
    </p>
   </div>
   <div class='ocr_carea' id='block_1_61' title="bbox 597 4253 2116 4323">
    <p class='ocr_par' dir='ltr' id='par_1_61' title="bbox 597 4253 2116 4323">
     <span class='ocr_line' id='line_1_61' title="bbox 597 4253 2116 4323; baseline 0.009 -20"><span class='ocrx_word' id='word_1_421' title='bbox 597 4253 681 4313; x_wconf 91' lang='lat' dir='ltr'><strong>sti,</strong></span> <span class='ocrx_word' id='word_1_422' title='bbox 711 4256 1037 4309; x_wconf 86' lang='lat' dir='ltr'><strong>nominantes</strong></span> <span class='ocrx_word' id='word_1_423' title='bbox 1059 4258 1269 4323; x_wconf 90' lang='lat' dir='ltr'><strong>quidem</strong></span> <span class='ocrx_word' id='word_1_424' title='bbox 1291 4257 1578 4322; x_wconf 89' lang='lat' dir='ltr'><strong>Christum,</strong></span> <span class='ocrx_word' id='word_1_425' title='bbox 1603 4260 1692 4313; x_wconf 90' lang='lat' dir='ltr'><strong>sed</strong></span> <span class='ocrx_word' id='word_1_426' title='bbox 1721 4275 1821 4313; x_wconf 91' lang='lat' dir='ltr'><strong>non</strong></span> <span class='ocrx_word' id='word_1_427' title='bbox 1848 4276 1967 4315; x_wconf 92' lang='lat' dir='ltr'><strong>eum</strong></span> <span class='ocrx_word' id='word_1_428' title='bbox 1996 4278 2116 4316; x_wconf 84' lang='lat' dir='ltr'><strong>vera</strong></span> 
     </span>
    </p>
   </div>
   <div class='ocr_carea' id='block_1_62' title="bbox 602 4339 2117 4415">
    <p class='ocr_par' dir='ltr' id='par_1_62' title="bbox 602 4339 2117 4415">
     <span class='ocr_line' id='line_1_62' title="bbox 602 4339 2117 4415; baseline 0.008 -24"><span class='ocrx_word' id='word_1_429' title='bbox 602 4339 702 4392; x_wconf 81' lang='lat' dir='ltr'><strong>fide</strong></span> <span class='ocrx_word' id='word_1_430' title='bbox 732 4342 1047 4396; x_wconf 88' lang='lat' dir='ltr'><strong>nuntiantes.</strong></span> <span class='ocrx_word' id='word_1_431' title='bbox 1080 4344 1275 4398; x_wconf 88' lang='lat' dir='ltr'><strong>Idcirco</strong></span> <span class='ocrx_word' id='word_1_432' title='bbox 1303 4356 1583 4413; x_wconf 88' lang='lat' dir='ltr'><strong>posuerunt</strong></span> <span class='ocrx_word' id='word_1_433' title='bbox 1621 4348 1945 4415; x_wconf 88' lang='lat' dir='ltr'><strong>symbolum,</strong></span> <span class='ocrx_word' id='word_1_434' title='bbox 1986 4351 2117 4403; x_wconf 89' lang='lat' dir='ltr'><strong>indi-</strong></span> 
     </span>
    </p>
   </div>
   <div class='ocr_carea' id='block_1_63' title="bbox 596 4426 2118 4500">
    <p class='ocr_par' dir='ltr' id='par_1_63' title="bbox 596 4426 2118 4500">
     <span class='ocr_line' id='line_1_63' title="bbox 596 4426 2118 4500; baseline 0.008 -22"><span class='ocrx_word' id='word_1_435' title='bbox 596 4426 733 4478; x_wconf 87' lang='lat' dir='ltr'><strong>cium</strong></span> <span class='ocrx_word' id='word_1_436' title='bbox 771 4442 865 4495; x_wconf 91' lang='lat' dir='ltr'><strong>per</strong></span> <span class='ocrx_word' id='word_1_437' title='bbox 904 4429 1038 4497; x_wconf 92' lang='lat' dir='ltr'><strong>quod</strong></span> <span class='ocrx_word' id='word_1_438' title='bbox 1075 4441 1441 4498; x_wconf 88' lang='lat' dir='ltr'><strong>agnosceretur</strong></span> <span class='ocrx_word' id='word_1_439' title='bbox 1476 4433 1519 4486; x_wconf 89' lang='lat' dir='ltr'><strong>is</strong></span> <span class='ocrx_word' id='word_1_440' title='bbox 1566 4434 1655 4500; x_wconf 90' lang='lat' dir='ltr'><strong>qui</strong></span> <span class='ocrx_word' id='word_1_441' title='bbox 1696 4432 1958 4488; x_wconf 88' lang='lat' dir='ltr'><strong>Christum</strong></span> <span class='ocrx_word' id='word_1_442' title='bbox 1998 4452 2118 4490; x_wconf 90' lang='lat' dir='ltr'><strong>vere</strong></span> 
     </span>
    </p>
   </div>
   <div class='ocr_carea' id='block_1_64' title="bbox 598 4514 2118 4589">
    <p class='ocr_par' dir='ltr' id='par_1_64' title="bbox 598 4514 2118 4589">
     <span class='ocr_line' id='line_1_64' title="bbox 598 4514 2118 4589; baseline 0.009 -25"><span class='ocrx_word' id='word_1_443' title='bbox 598 4514 881 4566; x_wconf 85' lang='lat' dir='ltr'><strong>secundum</strong></span> <span class='ocrx_word' id='word_1_444' title='bbox 911 4518 1219 4582; x_wconf 88' lang='lat' dir='ltr'><strong>apostolicas</strong></span> <span class='ocrx_word' id='word_1_445' title='bbox 1242 4520 1446 4589; x_wconf 90' lang='lat' dir='ltr'><strong>regulas</strong></span> <span class='ocrx_word' id='word_1_446' title='bbox 1471 4522 1798 4588; x_wconf 61' lang='lat' dir='ltr'><strong>praedicaret.</strong></span> <span class='ocrx_word' id='word_1_447' title='bbox 1830 4524 2118 4577; x_wconf 74' lang='lat' dir='ltr'><strong>Discessuri</strong></span> 
     </span>
    </p>
   </div>
   <div class='ocr_carea' id='block_1_65' title="bbox 599 4600 2120 4677">
    <p class='ocr_par' dir='ltr' id='par_1_65' title="bbox 599 4600 2120 4677">
     <span class='ocr_line' id='line_1_65' title="bbox 599 4600 2120 4677; baseline 0.009 -27"><span class='ocrx_word' id='word_1_448' title='bbox 599 4600 737 4651; x_wconf 91' lang='lat' dir='ltr'><strong>enim</strong></span> <span class='ocrx_word' id='word_1_449' title='bbox 767 4602 985 4667; x_wconf 87' lang='lat' dir='ltr'><strong>apostoli</strong></span> <span class='ocrx_word' id='word_1_450' title='bbox 1025 4602 1089 4655; x_wconf 91' lang='lat' dir='ltr'><strong>ad</strong></span> <span class='ocrx_word' id='word_1_451' title='bbox 1132 4606 1587 4674; x_wconf 86' lang='lat' dir='ltr'><strong>evangelizandum</strong></span> <span class='ocrx_word' id='word_1_452' title='bbox 1627 4609 1679 4659; x_wconf 93' lang='lat' dir='ltr'><strong>in</strong></span> <span class='ocrx_word' id='word_1_453' title='bbox 1717 4610 1986 4677; x_wconf 66' lang='lat' dir='ltr'><strong>gentibus,</strong></span> <span class='ocrx_word' id='word_1_454' title='bbox 2023 4612 2120 4664; x_wconf 87' lang='lat' dir='ltr'><strong>hoc</strong></span> 
     </span>
    </p>
   </div>
   <div class='ocr_carea' id='block_1_66' title="bbox 602 4686 2117 4760">
    <p class='ocr_par' dir='ltr' id='par_1_66' title="bbox 602 4686 2117 4760">
     <span class='ocr_line' id='line_1_66' title="bbox 602 4686 2117 4760; baseline 0.007 -23"><span class='ocrx_word' id='word_1_455' title='bbox 602 4686 699 4737; x_wconf 87' lang='lat' dir='ltr'><strong>sibi</strong></span> <span class='ocrx_word' id='word_1_456' title='bbox 742 4687 1121 4754; x_wconf 61' lang='lat' dir='ltr'><strong>praedicationis</strong></span> <span class='ocrx_word' id='word_1_457' title='bbox 1160 4690 1363 4759; x_wconf 87' lang='lat' dir='ltr'><strong>signum</strong></span> <span class='ocrx_word' id='word_1_458' title='bbox 1407 4692 1486 4745; x_wconf 85' lang='lat' dir='ltr'><strong>vel</strong></span> <span class='ocrx_word' id='word_1_459' title='bbox 1534 4694 1780 4745; x_wconf 91' lang='lat' dir='ltr'><strong>indicium</strong></span> <span class='ocrx_word' id='word_1_460' title='bbox 1820 4706 2117 4760; x_wconf 88' lang='lat' dir='ltr'><strong>posuerunt.</strong></span> 
     </span>
    </p>
   </div>
   <div class='ocr_carea' id='block_1_67' title="bbox 604 4774 2118 4839">
    <p class='ocr_par' dir='ltr' id='par_1_67' title="bbox 604 4774 2118 4839">
     <span class='ocr_line' id='line_1_67' title="bbox 604 4774 2118 4839; baseline 0.009 -13"><span class='ocrx_word' id='word_1_461' title='bbox 604 4774 841 4829; x_wconf 90' lang='lat' dir='ltr'><strong>Continet</strong></span> <span class='ocrx_word' id='word_1_462' title='bbox 865 4785 1037 4831; x_wconf 89' lang='lat' dir='ltr'><strong>autem</strong></span> <span class='ocrx_word' id='word_1_463' title='bbox 1072 4779 1443 4835; x_wconf 84' lang='lat' dir='ltr'><strong>confessionem</strong></span> <span class='ocrx_word' id='word_1_464' title='bbox 1484 4782 1754 4837; x_wconf 88' lang='lat' dir='ltr'><strong>Trinitatis</strong></span> <span class='ocrx_word' id='word_1_465' title='bbox 1782 4793 1834 4836; x_wconf 91' lang='lat' dir='ltr'><strong>et</strong></span> <span class='ocrx_word' id='word_1_466' title='bbox 1869 4786 2118 4839; x_wconf 85' lang='lat' dir='ltr'><strong>unitatem</strong></span> 
     </span>
    </p>
   </div>
   <div class='ocr_carea' id='block_1_68' title="bbox 603 4862 2120 4938">
    <p class='ocr_par' dir='ltr' id='par_1_68' title="bbox 603 4862 2120 4938">
     <span class='ocr_line' id='line_1_68' title="bbox 603 4862 2120 4938; baseline 0.009 -25"><span class='ocrx_word' id='word_1_467' title='bbox 603 4862 845 4917; x_wconf 55' lang='lat' dir='ltr'><strong>Ecclesia</strong></span> <span class='ocrx_word' id='word_1_468' title='bbox 866 4904 880 4927; x_wconf 91' lang='lat'><strong>,</strong></span> <span class='ocrx_word' id='word_1_469' title='bbox 916 4874 971 4918; x_wconf 91' lang='lat' dir='ltr'><strong>et</strong></span> <span class='ocrx_word' id='word_1_470' title='bbox 1003 4882 1207 4921; x_wconf 90' lang='lat' dir='ltr'><strong>omnem</strong></span> <span class='ocrx_word' id='word_1_471' title='bbox 1244 4869 1522 4923; x_wconf 87' lang='lat' dir='ltr'><strong>Christiani</strong></span> <span class='ocrx_word' id='word_1_472' title='bbox 1560 4871 1816 4938; x_wconf 82' lang='lat' dir='ltr'><strong>dogmatis</strong></span> <span class='ocrx_word' id='word_1_473' title='bbox 1844 4872 2120 4926; x_wconf 78' lang='lat' dir='ltr'><strong>confessio-</strong></span> 
     </span>
    </p>
   </div>
   <div class='ocr_carea' id='block_1_69' title="bbox 607 4950 2121 5026">
    <p class='ocr_par' dir='ltr' id='par_1_69' title="bbox 607 4950 2121 5026">
     <span class='ocr_line' id='line_1_69' title="bbox 607 4950 2121 5026; baseline 0.007 -23"><span class='ocrx_word' id='word_1_474' title='bbox 607 4964 744 5015; x_wconf 89' lang='lat' dir='ltr'><strong>nem.</strong></span> <span class='ocrx_word' id='word_1_475' title='bbox 776 4950 919 5013; x_wconf 91' lang='lat' dir='ltr'><strong>Quod</strong></span> <span class='ocrx_word' id='word_1_476' title='bbox 954 4955 1238 5019; x_wconf 81' lang='lat' dir='ltr'><strong>symbolum</strong></span> <span class='ocrx_word' id='word_1_477' title='bbox 1276 4956 1393 5009; x_wconf 83' lang='lat' dir='ltr'><strong>ﬁdei</strong></span> <span class='ocrx_word' id='word_1_478' title='bbox 1423 4967 1611 5011; x_wconf 68' lang='lat' dir='ltr'><strong>nostra:</strong></span> <span class='ocrx_word' id='word_1_479' title='bbox 1652 4974 1754 5010; x_wconf 91' lang='lat' dir='ltr'><strong>non</strong></span> <span class='ocrx_word' id='word_1_480' title='bbox 1801 4960 2121 5026; x_wconf 90' lang='lat' dir='ltr'><strong>reliquerunt</strong></span> 
     </span>
    </p>
   </div>
   <div class='ocr_carea' id='block_1_70' title="bbox 609 5037 2122 5107">
    <p class='ocr_par' dir='ltr' id='par_1_70' title="bbox 609 5037 2122 5107">
     <span class='ocr_line' id='line_1_70' title="bbox 609 5037 2122 5107; baseline 0.005 -19"><span class='ocrx_word' id='word_1_481' title='bbox 609 5037 824 5103; x_wconf 89' lang='lat' dir='ltr'><strong>apostoli</strong></span> <span class='ocrx_word' id='word_1_482' title='bbox 852 5039 1097 5106; x_wconf 89' lang='lat' dir='ltr'><strong>scriptum</strong></span> <span class='ocrx_word' id='word_1_483' title='bbox 1125 5048 1415 5095; x_wconf 86' lang='lat' dir='ltr'><strong>atramento</strong></span> <span class='ocrx_word' id='word_1_484' title='bbox 1444 5043 1495 5094; x_wconf 90' lang='lat' dir='ltr'><strong>in</strong></span> <span class='ocrx_word' id='word_1_485' title='bbox 1523 5043 1701 5096; x_wconf 89' lang='lat' dir='ltr'><strong>charta</strong></span> <span class='ocrx_word' id='word_1_486' title='bbox 1723 5082 1737 5107; x_wconf 94' lang='lat'><strong>,</strong></span> <span class='ocrx_word' id='word_1_487' title='bbox 1776 5045 1865 5097; x_wconf 89' lang='lat' dir='ltr'><strong>sed</strong></span> <span class='ocrx_word' id='word_1_488' title='bbox 1895 5046 1946 5096; x_wconf 90' lang='lat' dir='ltr'><strong>in</strong></span> <span class='ocrx_word' id='word_1_489' title='bbox 1977 5045 2122 5097; x_wconf 87' lang='lat' dir='ltr'><strong>tabu-</strong></span> 
     </span>
    </p>
   </div>
   <div class='ocr_carea' id='block_1_71' title="bbox 612 5123 1199 5203">
    <p class='ocr_par' dir='ltr' id='par_1_71' title="bbox 612 5123 1199 5203">
     <span class='ocr_line' id='line_1_71' title="bbox 612 5123 1199 5203; baseline 0.012 -30"><span class='ocrx_word' id='word_1_490' title='bbox 612 5123 674 5175; x_wconf 91' lang='lat' dir='ltr'><strong>lis</strong></span> <span class='ocrx_word' id='word_1_491' title='bbox 694 5125 865 5203; x_wconf 81' lang='lat' dir='ltr'><strong>cordis</strong></span> <span class='ocrx_word' id='word_1_492' title='bbox 892 5125 1199 5180; x_wconf 83' lang='lat' dir='ltr'><strong>carnalibus.</strong></span> 
     </span>
    </p>
   </div>
   <div class='ocr_carea' id='block_1_72' title="bbox 1207 5214 1521 5269">
    <p class='ocr_par' dir='ltr' id='par_1_72' title="bbox 1207 5214 1521 5269">
     <span class='ocr_line' id='line_1_72' title="bbox 1207 5214 1521 5269; baseline -0.003 -2"><span class='ocrx_word' id='word_1_493' title='bbox 1207 5214 1423 5269; x_wconf 81' lang='lat' dir='ltr'><strong>CAPUT</strong></span> <span class='ocrx_word' id='word_1_494' title='bbox 1463 5216 1521 5268; x_wconf 82' lang='lat' dir='ltr'><strong>V.</strong></span> 
     </span>
    </p>
   </div>
   <div class='ocr_carea' id='block_1_73' title="bbox 1154 5300 1585 5380">
    <p class='ocr_par' dir='ltr' id='par_1_73' title="bbox 1154 5300 1585 5380">
     <span class='ocr_line' id='line_1_73' title="bbox 1154 5300 1585 5380; baseline 0 -27"><span class='ocrx_word' id='word_1_495' title='bbox 1154 5300 1225 5353; x_wconf 84' lang='lat' dir='ltr'><strong>De</strong></span> <span class='ocrx_word' id='word_1_496' title='bbox 1276 5302 1585 5380; x_wconf 64' lang='lat' dir='ltr'><strong>credulitqtc.</strong></span> 
     </span>
    </p>
   </div>
   <div class='ocr_carea' id='block_1_74' title="bbox 676 5388 2121 5462">
    <p class='ocr_par' dir='ltr' id='par_1_74' title="bbox 676 5388 2121 5462">
     <span class='ocr_line' id='line_1_74' title="bbox 676 5388 2121 5462; baseline 0.005 -23"><span class='ocrx_word' id='word_1_497' title='bbox 676 5388 797 5439; x_wconf 76' lang='lat' dir='ltr'><strong>Post</strong></span> <span class='ocrx_word' id='word_1_498' title='bbox 822 5390 1153 5455; x_wconf 87' lang='lat' dir='ltr'><strong>apostolicum</strong></span> <span class='ocrx_word' id='word_1_499' title='bbox 1176 5393 1463 5460; x_wconf 85' lang='lat' dir='ltr'><strong>symbolum</strong></span> <span class='ocrx_word' id='word_1_500' title='bbox 1488 5396 1774 5448; x_wconf 84' lang='lat' dir='ltr'><strong>certissima</strong></span> <span class='ocrx_word' id='word_1_501' title='bbox 1801 5394 1943 5456; x_wconf 81' lang='lat' dir='ltr'><strong>fides,</strong></span> <span class='ocrx_word' id='word_1_502' title='bbox 1969 5411 2121 5462; x_wconf 73' lang='lat' dir='ltr'><strong>(piam</strong></span> 
     </span>
    </p>
   </div>
   <div class='ocr_carea' id='block_1_75' title="bbox 613 5474 2120 5542">
    <p class='ocr_par' dir='ltr' id='par_1_75' title="bbox 613 5474 2120 5542">
     <span class='ocr_line' id='line_1_75' title="bbox 613 5474 2120 5542; baseline 0.007 -19"><span class='ocrx_word' id='word_1_503' title='bbox 613 5474 838 5540; x_wconf 76' lang='lat' dir='ltr'><strong>magistri</strong></span> <span class='ocrx_word' id='word_1_504' title='bbox 879 5476 1225 5529; x_wconf 82' lang='lat' dir='ltr'><strong>Ecclesiarum</strong></span> <span class='ocrx_word' id='word_1_505' title='bbox 1266 5480 1621 5540; x_wconf 87' lang='lat' dir='ltr'><strong>tradiderunt,</strong></span> <span class='ocrx_word' id='word_1_506' title='bbox 1658 5482 1767 5533; x_wconf 79' lang='lat' dir='ltr'><strong>lucc</strong></span> <span class='ocrx_word' id='word_1_507' title='bbox 1793 5490 1871 5533; x_wconf 81' lang='lat' dir='ltr'><strong>est</strong></span> <span class='ocrx_word' id='word_1_508' title='bbox 1906 5482 2120 5542; x_wconf 84' lang='lat' dir='ltr'><strong>scilicet,</strong></span> 
     </span>
    </p>
   </div>
   <div class='ocr_carea' id='block_1_76' title="bbox 613 5562 2120 5635">
    <p class='ocr_par' dir='ltr' id='par_1_76' title="bbox 613 5562 2120 5635">
     <span class='ocr_line' id='line_1_76' title="bbox 613 5562 2120 5635; baseline 0.007 -26"><span class='ocrx_word' id='word_1_509' title='bbox 613 5566 669 5611; x_wconf 82' lang='lat' dir='ltr'><strong>ut</strong></span> <span class='ocrx_word' id='word_1_510' title='bbox 694 5562 991 5627; x_wconf 78' lang='lat' dir='ltr'><strong>profiteatur</strong></span> <span class='ocrx_word' id='word_1_511' title='bbox 1012 5564 1213 5619; x_wconf 83' lang='lat' dir='ltr'><strong>Patrem</strong></span> <span class='ocrx_word' id='word_1_512' title='bbox 1242 5575 1289 5619; x_wconf 89' lang='lat' dir='ltr'><strong>cl</strong></span> <span class='ocrx_word' id='word_1_513' title='bbox 1320 5567 1507 5621; x_wconf 81' lang='lat' dir='ltr'><strong>Filium</strong></span> <span class='ocrx_word' id='word_1_514' title='bbox 1529 5577 1577 5622; x_wconf 84' lang='lat' dir='ltr'><strong>et</strong></span> <span class='ocrx_word' id='word_1_515' title='bbox 1608 5568 1855 5635; x_wconf 81' lang='lat' dir='ltr'><strong>Spiritum</strong></span> <span class='ocrx_word' id='word_1_516' title='bbox 1886 5579 2120 5622; x_wconf 81' lang='lat' dir='ltr'><strong>sanctum</strong></span> 
     </span>
    </p>
   </div>
   <div class='ocr_carea' id='block_1_77' title="bbox 2176 1884 3745 1954">
    <p class='ocr_par' dir='ltr' id='par_1_77' title="bbox 2176 1884 3745 1954">
     <span class='ocr_line' id='line_1_77' title="bbox 2176 1884 3745 1954; baseline -0.003 -13"><span class='ocrx_word' id='word_1_517' title='bbox 2176 1940 2179 1943; x_wconf 84' lang='grc'><strong>,</strong></span> <span class='ocrx_word' id='word_1_518' title='bbox 2203 1887 2335 1941; x_wconf 84' lang='lat' dir='ltr'><strong>verit</strong></span> <span class='ocrx_word' id='word_1_519' title='bbox 2362 1900 2637 1954; x_wconf 88' lang='lat' dir='ltr'><strong>personam</strong></span> <span class='ocrx_word' id='word_1_520' title='bbox 2665 1904 2675 1936; x_wconf 90' lang='lat'>:</span> <span class='ocrx_word' id='word_1_521' title='bbox 2702 1900 2858 1953; x_wconf 85' lang='lat' dir='ltr'><strong>quam</strong></span> <span class='ocrx_word' id='word_1_522' title='bbox 2888 1899 2987 1936; x_wconf 90' lang='lat' dir='ltr'><strong>non</strong></span> <span class='ocrx_word' id='word_1_523' title='bbox 3014 1884 3294 1952; x_wconf 82' lang='lat' dir='ltr'><strong>geminavit</strong></span> <span class='ocrx_word' id='word_1_524' title='bbox 3315 1884 3590 1950; x_wconf 84' lang='lat' dir='ltr'><strong>utriusque</strong></span> <span class='ocrx_word' id='word_1_525' title='bbox 3618 1886 3745 1937; x_wconf 55' lang='lat' dir='ltr'><strong>sul;—</strong></span> 
     </span>
    </p>
   </div>
   <div class='ocr_carea' id='block_1_78' title="bbox 2202 1969 3743 2039">
    <p class='ocr_par' dir='ltr' id='par_1_78' title="bbox 2202 1969 3743 2039">
     <span class='ocr_line' id='line_1_78' title="bbox 2202 1969 3743 2039; baseline -0.003 -14"><span class='ocrx_word' id='word_1_526' title='bbox 2202 1973 2405 2025; x_wconf 79' lang='lat' dir='ltr'><strong>stanti;e</strong></span> <span class='ocrx_word' id='word_1_527' title='bbox 2454 1972 2782 2039; x_wconf 74' lang='lat' dir='ltr'><strong>integritate,</strong></span> <span class='ocrx_word' id='word_1_528' title='bbox 2835 1970 2968 2023; x_wconf 90' lang='lat' dir='ltr'><strong>sicut</strong></span> <span class='ocrx_word' id='word_1_529' title='bbox 3015 1985 3115 2022; x_wconf 91' lang='lat' dir='ltr'><strong>non</strong></span> <span class='ocrx_word' id='word_1_530' title='bbox 3160 1969 3431 2023; x_wconf 88' lang='lat' dir='ltr'><strong>confundit</strong></span> <span class='ocrx_word' id='word_1_531' title='bbox 3474 1971 3743 2038; x_wconf 81' lang='lat' dir='ltr'><strong>geminam</strong></span> 
     </span>
    </p>
   </div>
   <div class='ocr_carea' id='block_1_79' title="bbox 2204 2060 3061 2126">
    <p class='ocr_par' dir='ltr' id='par_1_79' title="bbox 2204 2060 3061 2126">
     <span class='ocr_line' id='line_1_79' title="bbox 2204 2060 3061 2126; baseline -0.002 -13"><span class='ocrx_word' id='word_1_532' title='bbox 2204 2060 2547 2113; x_wconf 88' lang='lat' dir='ltr'><strong>substantiam</strong></span> <span class='ocrx_word' id='word_1_533' title='bbox 2579 2074 2813 2126; x_wconf 77' lang='lat' dir='ltr'><strong>persona:</strong></span> <span class='ocrx_word' id='word_1_534' title='bbox 2843 2061 3061 2112; x_wconf 89' lang='lat' dir='ltr'><strong>unitate.</strong></span> 
     </span>
    </p>
   </div>
   <div class='ocr_carea' id='block_1_80' title="bbox 2272 2148 3748 2216">
    <p class='ocr_par' dir='ltr' id='par_1_80' title="bbox 2272 2148 3748 2216">
     <span class='ocr_line' id='line_1_80' title="bbox 2272 2148 3748 2216; baseline 0.003 -17"><span class='ocrx_word' id='word_1_535' title='bbox 2272 2148 2396 2201; x_wconf 86' lang='lat' dir='ltr'><strong>Post</strong></span> <span class='ocrx_word' id='word_1_536' title='bbox 2428 2148 2837 2201; x_wconf 87' lang='lat' dir='ltr'><strong>incarnationem</strong></span> <span class='ocrx_word' id='word_1_537' title='bbox 2878 2157 2931 2201; x_wconf 90' lang='lat' dir='ltr'><strong>et</strong></span> <span class='ocrx_word' id='word_1_538' title='bbox 2963 2150 3255 2215; x_wconf 89' lang='lat' dir='ltr'><strong>passionem</strong></span> <span class='ocrx_word' id='word_1_539' title='bbox 3304 2159 3461 2216; x_wconf 90' lang='lat' dir='ltr'><strong>atque</strong></span> <span class='ocrx_word' id='word_1_540' title='bbox 3505 2164 3748 2203; x_wconf 82' lang='lat' dir='ltr'><strong>resurre—</strong></span> 
     </span>
    </p>
   </div>
   <div class='ocr_carea' id='block_1_81' title="bbox 2204 2238 3746 2310">
    <p class='ocr_par' dir='ltr' id='par_1_81' title="bbox 2204 2238 3746 2310">
     <span class='ocr_line' id='line_1_81' title="bbox 2204 2238 3746 2310; baseline 0.003 -20"><span class='ocrx_word' id='word_1_541' title='bbox 2204 2238 2429 2290; x_wconf 90' lang='lat' dir='ltr'><strong>ctionem</strong></span> <span class='ocrx_word' id='word_1_542' title='bbox 2455 2238 2678 2302; x_wconf 87' lang='lat' dir='ltr'><strong>Christi,</strong></span> <span class='ocrx_word' id='word_1_543' title='bbox 2707 2239 2958 2307; x_wconf 84' lang='lat' dir='ltr'><strong>sequitur,</strong></span> <span class='ocrx_word' id='word_1_544' title='bbox 2996 2240 3044 2291; x_wconf 93' lang='lat' dir='ltr'><strong>in</strong></span> <span class='ocrx_word' id='word_1_545' title='bbox 3074 2238 3323 2310; x_wconf 82' lang='lat' dir='ltr'><strong>Symbolo</strong></span> <span class='ocrx_word' id='word_1_546' title='bbox 3352 2241 3746 2294; x_wconf 89' lang='lat' dir='ltr'><strong>commendatio</strong></span> 
     </span>
    </p>
   </div>
   <div class='ocr_carea' id='block_1_82' title="bbox 2158 2324 3748 2391">
    <p class='ocr_par' dir='ltr' id='par_1_82' title="bbox 2158 2324 3748 2391">
     <span class='ocr_line' id='line_1_82' title="bbox 2158 2324 3748 2391; baseline 0.001 -15"><span class='ocrx_word' id='word_1_547' title='bbox 2158 2379 2169 2387; x_wconf 56' lang='grc'><em>,</em></span> <span class='ocrx_word' id='word_1_548' title='bbox 2205 2336 2393 2378; x_wconf 67' lang='lat' dir='ltr'><strong>sancta:</strong></span> <span class='ocrx_word' id='word_1_549' title='bbox 2438 2324 2678 2379; x_wconf 73' lang='lat' dir='ltr'><strong>Ecclesia:</strong></span> <span class='ocrx_word' id='word_1_550' title='bbox 2718 2326 2998 2379; x_wconf 63' lang='lat' dir='ltr'><strong>catholicas.</strong></span> <span class='ocrx_word' id='word_1_551' title='bbox 3050 2326 3181 2391; x_wconf 87' lang='lat' dir='ltr'><strong>Quia</strong></span> <span class='ocrx_word' id='word_1_552' title='bbox 3227 2327 3620 2381; x_wconf 82' lang='lat' dir='ltr'><strong>demonstratus</strong></span> <span class='ocrx_word' id='word_1_553' title='bbox 3666 2337 3748 2379; x_wconf 87' lang='lat' dir='ltr'><strong>est</strong></span> 
     </span>
    </p>
   </div>
   <div class='ocr_carea' id='block_1_83' title="bbox 2207 2413 3747 2484">
    <p class='ocr_par' dir='ltr' id='par_1_83' title="bbox 2207 2413 3747 2484">
     <span class='ocr_line' id='line_1_83' title="bbox 2207 2413 3747 2484; baseline -0.001 -17"><span class='ocrx_word' id='word_1_554' title='bbox 2207 2413 2360 2476; x_wconf 88' lang='lat' dir='ltr'><strong>Deus,</strong></span> <span class='ocrx_word' id='word_1_555' title='bbox 2392 2414 2779 2467; x_wconf 86' lang='lat' dir='ltr'><strong>demonstretur</strong></span> <span class='ocrx_word' id='word_1_556' title='bbox 2803 2423 2857 2467; x_wconf 94' lang='lat' dir='ltr'><strong>et</strong></span> <span class='ocrx_word' id='word_1_557' title='bbox 2885 2415 3132 2484; x_wconf 87' lang='lat' dir='ltr'><strong>templum</strong></span> <span class='ocrx_word' id='word_1_558' title='bbox 3162 2415 3344 2482; x_wconf 80' lang='lat' dir='ltr'><strong>ipsius,</strong></span> <span class='ocrx_word' id='word_1_559' title='bbox 3370 2416 3511 2482; x_wconf 90' lang='lat' dir='ltr'><strong>quod</strong></span> <span class='ocrx_word' id='word_1_560' title='bbox 3537 2425 3619 2467; x_wconf 87' lang='lat' dir='ltr'><strong>est</strong></span> <span class='ocrx_word' id='word_1_561' title='bbox 3651 2416 3747 2466; x_wconf 73' lang='lat' dir='ltr'><strong>Ec-</strong></span> 
     </span>
    </p>
   </div>
   <div class='ocr_carea' id='block_1_84' title="bbox 2207 2501 3751 2566">
    <p class='ocr_par' dir='ltr' id='par_1_84' title="bbox 2207 2501 3751 2566">
     <span class='ocr_line' id='line_1_84' title="bbox 2207 2501 3751 2566; baseline -0.001 -13"><span class='ocrx_word' id='word_1_562' title='bbox 2207 2501 2391 2563; x_wconf 89' lang='lat' dir='ltr'><strong>clesia,</strong></span> <span class='ocrx_word' id='word_1_563' title='bbox 2426 2509 2635 2564; x_wconf 87' lang='lat' dir='ltr'><strong>sancta,</strong></span> <span class='ocrx_word' id='word_1_564' title='bbox 2666 2515 2768 2553; x_wconf 90' lang='lat' dir='ltr'><strong>una</strong></span> <span class='ocrx_word' id='word_1_565' title='bbox 2787 2540 2801 2564; x_wconf 95' lang='lat'><strong>,</strong></span> <span class='ocrx_word' id='word_1_566' title='bbox 2832 2516 2985 2566; x_wconf 88' lang='lat' dir='ltr'><strong>vera,</strong></span> <span class='ocrx_word' id='word_1_567' title='bbox 3023 2501 3309 2564; x_wconf 88' lang='lat' dir='ltr'><strong>catholica,</strong></span> <span class='ocrx_word' id='word_1_568' title='bbox 3349 2510 3532 2553; x_wconf 90' lang='lat' dir='ltr'><strong>contra</strong></span> <span class='ocrx_word' id='word_1_569' title='bbox 3562 2516 3751 2552; x_wconf 86' lang='lat' dir='ltr'><strong>omnes</strong></span> 
     </span>
    </p>
   </div>
   <div class='ocr_carea' id='block_1_85' title="bbox 2209 2588 3749 2657">
    <p class='ocr_par' dir='ltr' id='par_1_85' title="bbox 2209 2588 3749 2657">
     <span class='ocr_line' id='line_1_85' title="bbox 2209 2588 3749 2657; baseline -0.001 -18"><span class='ocrx_word' id='word_1_570' title='bbox 2209 2589 2435 2641; x_wconf 64' lang='lat' dir='ltr'><strong>haereses</strong></span> <span class='ocrx_word' id='word_1_571' title='bbox 2461 2603 2713 2655; x_wconf 79' lang='lat' dir='ltr'><strong>pugnans,</strong></span> <span class='ocrx_word' id='word_1_572' title='bbox 2739 2603 3001 2656; x_wconf 81' lang='lat' dir='ltr'><strong>nunquam</strong></span> <span class='ocrx_word' id='word_1_573' title='bbox 3022 2597 3336 2657; x_wconf 78' lang='lat' dir='ltr'><strong>expugnata.</strong></span> <span class='ocrx_word' id='word_1_574' title='bbox 3370 2588 3613 2641; x_wconf 73' lang='lat' dir='ltr'><strong>llazreses</strong></span> <span class='ocrx_word' id='word_1_575' title='bbox 3637 2602 3749 2640; x_wconf 89' lang='lat' dir='ltr'><strong>om-</strong></span> 
     </span>
    </p>
   </div>
   <div class='ocr_carea' id='block_1_86' title="bbox 2208 2676 3749 2744">
    <p class='ocr_par' dir='ltr' id='par_1_86' title="bbox 2208 2676 3749 2744">
     <span class='ocr_line' id='line_1_86' title="bbox 2208 2676 3749 2744; baseline 0.001 -18"><span class='ocrx_word' id='word_1_576' title='bbox 2208 2689 2302 2728; x_wconf 90' lang='lat' dir='ltr'><strong>nes</strong></span> <span class='ocrx_word' id='word_1_577' title='bbox 2343 2676 2405 2728; x_wconf 88' lang='lat' dir='ltr'><strong>dc</strong></span> <span class='ocrx_word' id='word_1_578' title='bbox 2438 2676 2523 2727; x_wconf 89' lang='lat' dir='ltr'><strong>illa</strong></span> <span class='ocrx_word' id='word_1_579' title='bbox 2560 2677 2825 2739; x_wconf 76' lang='lat' dir='ltr'><strong>exierunt,</strong></span> <span class='ocrx_word' id='word_1_580' title='bbox 2864 2685 3108 2744; x_wconf 88' lang='lat' dir='ltr'><strong>tanquam</strong></span> <span class='ocrx_word' id='word_1_581' title='bbox 3148 2688 3414 2730; x_wconf 87' lang='lat' dir='ltr'><strong>sarmenta</strong></span> <span class='ocrx_word' id='word_1_582' title='bbox 3443 2678 3655 2730; x_wconf 91' lang='lat' dir='ltr'><strong>inutilia</strong></span> <span class='ocrx_word' id='word_1_583' title='bbox 3685 2678 3749 2729; x_wconf 85' lang='lat' dir='ltr'><strong>de</strong></span> 
     </span>
    </p>
   </div>
   <div class='ocr_carea' id='block_1_87' title="bbox 2207 2764 3747 2831">
    <p class='ocr_par' dir='ltr' id='par_1_87' title="bbox 2207 2764 3747 2831">
     <span class='ocr_line' id='line_1_87' title="bbox 2207 2764 3747 2831; baseline 0.001 -18"><span class='ocrx_word' id='word_1_584' title='bbox 2207 2764 2313 2815; x_wconf 87' lang='lat' dir='ltr'><strong>vite</strong></span> <span class='ocrx_word' id='word_1_585' title='bbox 2353 2764 2566 2830; x_wconf 69' lang='lat' dir='ltr'><strong>prrccisa</strong></span> <span class='ocrx_word' id='word_1_586' title='bbox 2616 2781 2627 2814; x_wconf 91' lang='lat'><strong>:</strong></span> <span class='ocrx_word' id='word_1_587' title='bbox 2676 2764 2786 2831; x_wconf 91' lang='lat' dir='ltr'><strong>ipsa</strong></span> <span class='ocrx_word' id='word_1_588' title='bbox 2832 2776 3003 2817; x_wconf 91' lang='lat' dir='ltr'><strong>autem</strong></span> <span class='ocrx_word' id='word_1_589' title='bbox 3045 2775 3218 2819; x_wconf 90' lang='lat' dir='ltr'><strong>manet</strong></span> <span class='ocrx_word' id='word_1_590' title='bbox 3252 2765 3304 2816; x_wconf 89' lang='lat' dir='ltr'><strong>in</strong></span> <span class='ocrx_word' id='word_1_591' title='bbox 3344 2766 3519 2819; x_wconf 82' lang='lat' dir='ltr'><strong>radice</strong></span> <span class='ocrx_word' id='word_1_592' title='bbox 3548 2781 3664 2823; x_wconf 87' lang='lat' dir='ltr'><strong>sua,</strong></span> <span class='ocrx_word' id='word_1_593' title='bbox 3699 2766 3747 2816; x_wconf 87' lang='lat' dir='ltr'><strong>in</strong></span> 
     </span>
    </p>
   </div>
   <div class='ocr_carea' id='block_1_88' title="bbox 2208 2850 3751 2919">
    <p class='ocr_par' dir='ltr' id='par_1_88' title="bbox 2208 2850 3751 2919">
     <span class='ocr_line' id='line_1_88' title="bbox 2208 2850 3751 2919; baseline 0.003 -19"><span class='ocrx_word' id='word_1_594' title='bbox 2208 2850 2311 2902; x_wconf 88' lang='lat' dir='ltr'><strong>vite</strong></span> <span class='ocrx_word' id='word_1_595' title='bbox 2342 2865 2455 2912; x_wconf 89' lang='lat' dir='ltr'><strong>sua,</strong></span> <span class='ocrx_word' id='word_1_596' title='bbox 2484 2850 2532 2901; x_wconf 91' lang='lat' dir='ltr'><strong>in</strong></span> <span class='ocrx_word' id='word_1_597' title='bbox 2556 2851 2809 2905; x_wconf 86' lang='lat' dir='ltr'><strong>cbaritate</strong></span> <span class='ocrx_word' id='word_1_598' title='bbox 2834 2867 2947 2915; x_wconf 84' lang='lat' dir='ltr'><strong>sua,</strong></span> <span class='ocrx_word' id='word_1_599' title='bbox 2969 2860 3023 2906; x_wconf 93' lang='lat' dir='ltr'><strong>et</strong></span> <span class='ocrx_word' id='word_1_600' title='bbox 3046 2861 3209 2919; x_wconf 78' lang='lat' dir='ltr'><strong>porta:</strong></span> <span class='ocrx_word' id='word_1_601' title='bbox 3234 2852 3383 2905; x_wconf 89' lang='lat' dir='ltr'><strong>inferi</strong></span> <span class='ocrx_word' id='word_1_602' title='bbox 3411 2869 3513 2907; x_wconf 89' lang='lat' dir='ltr'><strong>non</strong></span> <span class='ocrx_word' id='word_1_603' title='bbox 3535 2854 3751 2906; x_wconf 62' lang='lat' dir='ltr'><strong>vinv&#39;cut</strong></span> 
     </span>
    </p>
   </div>
   <div class='ocr_carea' id='block_1_89' title="bbox 2206 2952 2340 2990">
    <p class='ocr_par' dir='ltr' id='par_1_89' title="bbox 2206 2952 2340 2990">
     <span class='ocr_line' id='line_1_89' title="bbox 2206 2952 2340 2990; baseline -0.022 0"><span class='ocrx_word' id='word_1_604' title='bbox 2206 2952 2340 2990; x_wconf 90' lang='lat' dir='ltr'><strong>eam.</strong></span> 
     </span>
    </p>
   </div>
   <div class='ocr_carea' id='block_1_90' title="bbox 2277 3026 3749 3095">
    <p class='ocr_par' dir='ltr' id='par_1_90' title="bbox 2277 3026 3749 3095">
     <span class='ocr_line' id='line_1_90' title="bbox 2277 3026 3749 3095; baseline 0.002 -16"><span class='ocrx_word' id='word_1_605' title='bbox 2277 3026 2548 3079; x_wconf 75' lang='lat' dir='ltr'><strong>Credimus</strong></span> <span class='ocrx_word' id='word_1_606' title='bbox 2581 3028 2921 3079; x_wconf 69' lang='lat' dir='ltr'><strong>remissione»:</strong></span> <span class='ocrx_word' id='word_1_607' title='bbox 2964 3037 3300 3095; x_wconf 83' lang='lat' dir='ltr'><strong>peccatorum.</strong></span> <span class='ocrx_word' id='word_1_608' title='bbox 3352 3028 3476 3081; x_wconf 89' lang='lat' dir='ltr'><strong>Sine</strong></span> <span class='ocrx_word' id='word_1_609' title='bbox 3512 3028 3616 3081; x_wconf 85' lang='lat' dir='ltr'><strong>ista</strong></span> <span class='ocrx_word' id='word_1_610' title='bbox 3648 3028 3749 3082; x_wconf 83' lang='lat' dir='ltr'><strong>ﬁde</strong></span> 
     </span>
    </p>
   </div>
   <div class='ocr_carea' id='block_1_91' title="bbox 2212 3116 3752 3184">
    <p class='ocr_par' dir='ltr' id='par_1_91' title="bbox 2212 3116 3752 3184">
     <span class='ocr_line' id='line_1_91' title="bbox 2212 3116 3752 3184; baseline 0.002 -16"><span class='ocrx_word' id='word_1_611' title='bbox 2212 3117 2252 3169; x_wconf 90' lang='lat' dir='ltr'><strong>si</strong></span> <span class='ocrx_word' id='word_1_612' title='bbox 2284 3116 2399 3183; x_wconf 82' lang='lat' dir='ltr'><strong>quis</strong></span> <span class='ocrx_word' id='word_1_613' title='bbox 2425 3116 2488 3167; x_wconf 87' lang='lat' dir='ltr'><strong>ad</strong></span> <span class='ocrx_word' id='word_1_614' title='bbox 2516 3116 2825 3183; x_wconf 79' lang='lat' dir='ltr'><strong>baptismum</strong></span> <span class='ocrx_word' id='word_1_615' title='bbox 2854 3117 3070 3177; x_wconf 89' lang='lat' dir='ltr'><strong>accedit,</strong></span> <span class='ocrx_word' id='word_1_616' title='bbox 3097 3117 3205 3184; x_wconf 90' lang='lat' dir='ltr'><strong>ipse</strong></span> <span class='ocrx_word' id='word_1_617' title='bbox 3243 3126 3423 3170; x_wconf 90' lang='lat' dir='ltr'><strong>contra</strong></span> <span class='ocrx_word' id='word_1_618' title='bbox 3452 3133 3510 3170; x_wconf 88' lang='lat' dir='ltr'><strong>se</strong></span> <span class='ocrx_word' id='word_1_619' title='bbox 3527 3117 3752 3184; x_wconf 85' lang='lat' dir='ltr'><strong>januam</strong></span> 
     </span>
    </p>
   </div>
   <div class='ocr_carea' id='block_1_92' title="bbox 2212 3203 3751 3272">
    <p class='ocr_par' dir='ltr' id='par_1_92' title="bbox 2212 3203 3751 3272">
     <span class='ocr_line' id='line_1_92' title="bbox 2212 3203 3751 3272; baseline 0.001 -17"><span class='ocrx_word' id='word_1_620' title='bbox 2212 3204 2540 3272; x_wconf 71' lang='lat' dir='ltr'><strong>indulgentia:</strong></span> <span class='ocrx_word' id='word_1_621' title='bbox 2569 3204 2779 3257; x_wconf 81' lang='lat' dir='ltr'><strong>claudit.</strong></span> <span class='ocrx_word' id='word_1_622' title='bbox 2809 3203 2994 3257; x_wconf 90' lang='lat' dir='ltr'><strong>Omnia</strong></span> <span class='ocrx_word' id='word_1_623' title='bbox 3014 3219 3230 3269; x_wconf 88' lang='lat' dir='ltr'><strong>prorsus</strong></span> <span class='ocrx_word' id='word_1_624' title='bbox 3256 3204 3445 3257; x_wconf 89' lang='lat' dir='ltr'><strong>delicta</strong></span> <span class='ocrx_word' id='word_1_625' title='bbox 3465 3206 3606 3257; x_wconf 85' lang='lat' dir='ltr'><strong>delet</strong></span> <span class='ocrx_word' id='word_1_626' title='bbox 3628 3221 3751 3257; x_wconf 56' lang='lat' dir='ltr'><strong>san-</strong></span> 
     </span>
    </p>
   </div>
   <div class='ocr_carea' id='block_1_93' title="bbox 2210 3290 3754 3362">
    <p class='ocr_par' dir='ltr' id='par_1_93' title="bbox 2210 3290 3754 3362">
     <span class='ocr_line' id='line_1_93' title="bbox 2210 3290 3754 3362; baseline 0.002 -20"><span class='ocrx_word' id='word_1_627' title='bbox 2210 3299 2351 3342; x_wconf 89' lang='lat' dir='ltr'><strong>ctum</strong></span> <span class='ocrx_word' id='word_1_628' title='bbox 2384 3292 2639 3358; x_wconf 84' lang='lat' dir='ltr'><strong>baptisma</strong></span> <span class='ocrx_word' id='word_1_629' title='bbox 2665 3300 2718 3342; x_wconf 90' lang='lat' dir='ltr'><strong>et</strong></span> <span class='ocrx_word' id='word_1_630' title='bbox 2744 3290 3014 3358; x_wconf 81' lang='lat' dir='ltr'><strong>originalia</strong></span> <span class='ocrx_word' id='word_1_631' title='bbox 3044 3298 3097 3343; x_wconf 91' lang='lat' dir='ltr'><strong>et</strong></span> <span class='ocrx_word' id='word_1_632' title='bbox 3131 3292 3365 3360; x_wconf 87' lang='lat' dir='ltr'><strong>propria,</strong></span> <span class='ocrx_word' id='word_1_633' title='bbox 3399 3293 3534 3345; x_wconf 88' lang='lat' dir='ltr'><strong>facta</strong></span> <span class='ocrx_word' id='word_1_634' title='bbox 3554 3333 3567 3355; x_wconf 93' lang='lat'><strong>,</strong></span> <span class='ocrx_word' id='word_1_635' title='bbox 3602 3296 3754 3362; x_wconf 80' lang='lat' dir='ltr'><strong>cogi-</strong></span> 
     </span>
    </p>
   </div>
   <div class='ocr_carea' id='block_1_94' title="bbox 2212 3380 3755 3448">
    <p class='ocr_par' dir='ltr' id='par_1_94' title="bbox 2212 3380 3755 3448">
     <span class='ocr_line' id='line_1_94' title="bbox 2212 3380 3755 3448; baseline 0.001 -14"><span class='ocrx_word' id='word_1_636' title='bbox 2212 3388 2338 3440; x_wconf 87' lang='lat' dir='ltr'><strong>tata,</strong></span> <span class='ocrx_word' id='word_1_637' title='bbox 2369 3382 2594 3447; x_wconf 72' lang='lat' dir='ltr'><strong>cognita,</strong></span> <span class='ocrx_word' id='word_1_638' title='bbox 2626 3380 2906 3448; x_wconf 81' lang='lat' dir='ltr'><strong>ineognita,</strong></span> <span class='ocrx_word' id='word_1_639' title='bbox 2934 3380 3106 3435; x_wconf 89' lang='lat' dir='ltr'><strong>omnia</strong></span> <span class='ocrx_word' id='word_1_640' title='bbox 3138 3382 3487 3435; x_wconf 89' lang='lat' dir='ltr'><strong>dimittuntur.</strong></span> <span class='ocrx_word' id='word_1_641' title='bbox 3527 3383 3755 3435; x_wconf 76' lang='lat' dir='ltr'><strong>lnnovat</strong></span> 
     </span>
    </p>
   </div>
   <div class='ocr_carea' id='block_1_95' title="bbox 2212 3468 3753 3538">
    <p class='ocr_par' dir='ltr' id='par_1_95' title="bbox 2212 3468 3753 3538">
     <span class='ocr_line' id='line_1_95' title="bbox 2212 3468 3753 3538; baseline 0.002 -18"><span class='ocrx_word' id='word_1_642' title='bbox 2212 3468 2473 3521; x_wconf 87' lang='lat' dir='ltr'><strong>hominem</strong></span> <span class='ocrx_word' id='word_1_643' title='bbox 2514 3470 2601 3535; x_wconf 89' lang='lat' dir='ltr'><strong>qui</strong></span> <span class='ocrx_word' id='word_1_644' title='bbox 2650 3468 2773 3522; x_wconf 87' lang='lat' dir='ltr'><strong>fecit</strong></span> <span class='ocrx_word' id='word_1_645' title='bbox 2810 3471 3012 3532; x_wconf 88' lang='lat' dir='ltr'><strong>omnia;</strong></span> <span class='ocrx_word' id='word_1_646' title='bbox 3049 3470 3207 3523; x_wconf 88' lang='lat' dir='ltr'><strong>donat</strong></span> <span class='ocrx_word' id='word_1_647' title='bbox 3254 3471 3473 3533; x_wconf 82' lang='lat' dir='ltr'><strong>delicta,</strong></span> <span class='ocrx_word' id='word_1_648' title='bbox 3508 3472 3596 3538; x_wconf 89' lang='lat' dir='ltr'><strong>qui</strong></span> <span class='ocrx_word' id='word_1_649' title='bbox 3644 3487 3753 3523; x_wconf 88' lang='lat' dir='ltr'><strong>non</strong></span> 
     </span>
    </p>
   </div>
   <div class='ocr_carea' id='block_1_96' title="bbox 2210 3558 3755 3627">
    <p class='ocr_par' dir='ltr' id='par_1_96' title="bbox 2210 3558 3755 3627">
     <span class='ocr_line' id='line_1_96' title="bbox 2210 3558 3755 3627; baseline 0.002 -19"><span class='ocrx_word' id='word_1_650' title='bbox 2210 3559 2397 3623; x_wconf 71' lang='lat' dir='ltr'><strong>qumrit</strong></span> <span class='ocrx_word' id='word_1_651' title='bbox 2436 3558 2647 3619; x_wconf 85' lang='lat' dir='ltr'><strong>merita;</strong></span> <span class='ocrx_word' id='word_1_652' title='bbox 2686 3560 2933 3624; x_wconf 70' lang='lat' dir='ltr'><strong>prrevcnit</strong></span> <span class='ocrx_word' id='word_1_653' title='bbox 2966 3560 3132 3627; x_wconf 84' lang='lat' dir='ltr'><strong>gratia</strong></span> <span class='ocrx_word' id='word_1_654' title='bbox 3173 3559 3330 3611; x_wconf 86' lang='lat' dir='ltr'><strong>etiam</strong></span> <span class='ocrx_word' id='word_1_655' title='bbox 3368 3559 3530 3627; x_wconf 86' lang='lat' dir='ltr'><strong>ipsam</strong></span> <span class='ocrx_word' id='word_1_656' title='bbox 3570 3560 3755 3611; x_wconf 82' lang='lat' dir='ltr'><strong>infan-</strong></span> 
     </span>
    </p>
   </div>
   <div class='ocr_carea' id='block_1_97' title="bbox 2214 3644 3755 3715">
    <p class='ocr_par' dir='ltr' id='par_1_97' title="bbox 2214 3644 3755 3715">
     <span class='ocr_line' id='line_1_97' title="bbox 2214 3644 3755 3715; baseline 0 -16"><span class='ocrx_word' id='word_1_657' title='bbox 2214 3647 2371 3708; x_wconf 85' lang='lat' dir='ltr'><strong>tiam,</strong></span> <span class='ocrx_word' id='word_1_658' title='bbox 2418 3652 2476 3697; x_wconf 91' lang='lat' dir='ltr'><strong>ut</strong></span> <span class='ocrx_word' id='word_1_659' title='bbox 2520 3644 2625 3698; x_wconf 91' lang='lat' dir='ltr'><strong>sint</strong></span> <span class='ocrx_word' id='word_1_660' title='bbox 2665 3644 2813 3698; x_wconf 89' lang='lat' dir='ltr'><strong>liberi</strong></span> <span class='ocrx_word' id='word_1_661' title='bbox 2861 3660 2955 3712; x_wconf 87' lang='lat' dir='ltr'><strong>per</strong></span> <span class='ocrx_word' id='word_1_662' title='bbox 2989 3644 3281 3710; x_wconf 85' lang='lat' dir='ltr'><strong>Christum,</strong></span> <span class='ocrx_word' id='word_1_663' title='bbox 3304 3646 3393 3715; x_wconf 90' lang='lat' dir='ltr'><strong>qui</strong></span> <span class='ocrx_word' id='word_1_664' title='bbox 3429 3646 3480 3699; x_wconf 92' lang='lat' dir='ltr'><strong>iu</strong></span> <span class='ocrx_word' id='word_1_665' title='bbox 3514 3646 3691 3699; x_wconf 80' lang='lat' dir='ltr'><strong>Adam</strong></span> <span class='ocrx_word' id='word_1_666' title='bbox 3724 3664 3755 3699; x_wconf 88' lang='lat' dir='ltr'><strong>a</strong></span> 
     </span>
    </p>
   </div>
   <div class='ocr_carea' id='block_1_98' title="bbox 2210 3732 3757 3805">
    <p class='ocr_par' dir='ltr' id='par_1_98' title="bbox 2210 3732 3757 3805">
     <span class='ocr_line' id='line_1_98' title="bbox 2210 3732 3757 3805; baseline 0.002 -18"><span class='ocrx_word' id='word_1_667' title='bbox 2210 3733 2416 3788; x_wconf 86' lang='lat' dir='ltr'><strong>diabolo</strong></span> <span class='ocrx_word' id='word_1_668' title='bbox 2441 3734 2750 3805; x_wconf 86' lang='lat' dir='ltr'><strong>tenebantur</strong></span> <span class='ocrx_word' id='word_1_669' title='bbox 2777 3743 2896 3786; x_wconf 86' lang='lat' dir='ltr'><strong>ante</strong></span> <span class='ocrx_word' id='word_1_670' title='bbox 2931 3735 3140 3803; x_wconf 86' lang='lat' dir='ltr'><strong>captivi.</strong></span> <span class='ocrx_word' id='word_1_671' title='bbox 3171 3732 3391 3804; x_wconf 68' lang='lat' dir='ltr'><strong>Pmptér</strong></span> <span class='ocrx_word' id='word_1_672' title='bbox 3414 3737 3586 3789; x_wconf 88' lang='lat' dir='ltr'><strong>omnia</strong></span> <span class='ocrx_word' id='word_1_673' title='bbox 3624 3752 3757 3805; x_wconf 87' lang='lat' dir='ltr'><strong>pec-</strong></span> 
     </span>
    </p>
   </div>
   <div class='ocr_carea' id='block_1_99' title="bbox 2212 3823 3759 3894">
    <p class='ocr_par' dir='ltr' id='par_1_99' title="bbox 2212 3823 3759 3894">
     <span class='ocr_line' id='line_1_99' title="bbox 2212 3823 3759 3894; baseline 0 -16"><span class='ocrx_word' id='word_1_674' title='bbox 2212 3832 2328 3878; x_wconf 86' lang='lat' dir='ltr'><strong>cata</strong></span> <span class='ocrx_word' id='word_1_675' title='bbox 2352 3823 2639 3891; x_wconf 84' lang='lat' dir='ltr'><strong>baptismus</strong></span> <span class='ocrx_word' id='word_1_676' title='bbox 2667 3824 2903 3876; x_wconf 85' lang='lat' dir='ltr'><strong>inventus</strong></span> <span class='ocrx_word' id='word_1_677' title='bbox 2926 3833 3024 3876; x_wconf 92' lang='lat' dir='ltr'><strong>est.</strong></span> <span class='ocrx_word' id='word_1_678' title='bbox 3055 3823 3276 3893; x_wconf 89' lang='lat' dir='ltr'><strong>Propter</strong></span> <span class='ocrx_word' id='word_1_679' title='bbox 3302 3823 3454 3886; x_wconf 91' lang='lat' dir='ltr'><strong>levia,</strong></span> <span class='ocrx_word' id='word_1_680' title='bbox 3487 3825 3599 3877; x_wconf 89' lang='lat' dir='ltr'><strong>sine</strong></span> <span class='ocrx_word' id='word_1_681' title='bbox 3632 3830 3759 3894; x_wconf 73' lang='lat' dir='ltr'><strong>qu;-</strong></span> 
     </span>
    </p>
   </div>
   <div class='ocr_carea' id='block_1_100' title="bbox 2212 3910 3751 3977">
    <p class='ocr_par' dir='ltr' id='par_1_100' title="bbox 2212 3910 3751 3977">
     <span class='ocr_line' id='line_1_100' title="bbox 2212 3910 3751 3977; baseline 0.001 -14"><span class='ocrx_word' id='word_1_682' title='bbox 2212 3912 2309 3963; x_wconf 92' lang='lat' dir='ltr'><strong>bus</strong></span> <span class='ocrx_word' id='word_1_683' title='bbox 2334 3926 2447 3963; x_wconf 90' lang='lat' dir='ltr'><strong>esse</strong></span> <span class='ocrx_word' id='word_1_684' title='bbox 2476 3926 2576 3962; x_wconf 93' lang='lat' dir='ltr'><strong>non</strong></span> <span class='ocrx_word' id='word_1_685' title='bbox 2606 3925 2900 3977; x_wconf 84' lang='lat' dir='ltr'><strong>possumus,</strong></span> <span class='ocrx_word' id='word_1_686' title='bbox 2922 3910 3101 3964; x_wconf 91' lang='lat' dir='ltr'><strong>Oratio</strong></span> <span class='ocrx_word' id='word_1_687' title='bbox 3122 3912 3380 3967; x_wconf 89' lang='lat' dir='ltr'><strong>dominica</strong></span> <span class='ocrx_word' id='word_1_688' title='bbox 3404 3912 3615 3965; x_wconf 84' lang='lat' dir='ltr'><strong>inventa</strong></span> <span class='ocrx_word' id='word_1_689' title='bbox 3644 3924 3751 3967; x_wconf 88' lang='lat' dir='ltr'><strong>est.</strong></span> 
     </span>
    </p>
   </div>
   <div class='ocr_carea' id='block_1_101' title="bbox 2214 3997 3753 4066">
    <p class='ocr_par' dir='ltr' id='par_1_101' title="bbox 2214 3997 3753 4066">
     <span class='ocr_line' id='line_1_101' title="bbox 2214 3997 3753 4066; baseline 0.004 -17"><span class='ocrx_word' id='word_1_690' title='bbox 2214 3997 2383 4050; x_wconf 89' lang='lat' dir='ltr'><strong>Semel</strong></span> <span class='ocrx_word' id='word_1_691' title='bbox 2414 3997 2672 4049; x_wconf 86' lang='lat' dir='ltr'><strong>abluimur</strong></span> <span class='ocrx_word' id='word_1_692' title='bbox 2696 3997 3023 4063; x_wconf 81' lang='lat' dir='ltr'><strong>baptismate,</strong></span> <span class='ocrx_word' id='word_1_693' title='bbox 3053 4000 3282 4066; x_wconf 90' lang='lat' dir='ltr'><strong>quotidie</strong></span> <span class='ocrx_word' id='word_1_694' title='bbox 3318 4001 3578 4054; x_wconf 87' lang='lat' dir='ltr'><strong>abluimur</strong></span> <span class='ocrx_word' id='word_1_695' title='bbox 3622 4016 3753 4055; x_wconf 83' lang='lat' dir='ltr'><strong>ora-</strong></span> 
     </span>
    </p>
   </div>
   <div class='ocr_carea' id='block_1_102' title="bbox 2215 4083 3757 4153">
    <p class='ocr_par' dir='ltr' id='par_1_102' title="bbox 2215 4083 3757 4153">
     <span class='ocr_line' id='line_1_102' title="bbox 2215 4083 3757 4153; baseline 0.005 -19"><span class='ocrx_word' id='word_1_696' title='bbox 2215 4084 2370 4136; x_wconf 89' lang='lat' dir='ltr'><strong>tione.</strong></span> <span class='ocrx_word' id='word_1_697' title='bbox 2403 4083 2621 4149; x_wconf 83' lang='lat' dir='ltr'><strong>Propter</strong></span> <span class='ocrx_word' id='word_1_698' title='bbox 2645 4084 2842 4135; x_wconf 90' lang='lat' dir='ltr'><strong>scelera</strong></span> <span class='ocrx_word' id='word_1_699' title='bbox 2869 4092 3062 4146; x_wconf 88' lang='lat' dir='ltr'><strong>autem,</strong></span> <span class='ocrx_word' id='word_1_700' title='bbox 3085 4092 3175 4137; x_wconf 91' lang='lat' dir='ltr'><strong>aut</strong></span> <span class='ocrx_word' id='word_1_701' title='bbox 3196 4085 3366 4153; x_wconf 86' lang='lat' dir='ltr'><strong>aliqua</strong></span> <span class='ocrx_word' id='word_1_702' title='bbox 3392 4086 3534 4141; x_wconf 86' lang='lat' dir='ltr'><strong>facta</strong></span> <span class='ocrx_word' id='word_1_703' title='bbox 3561 4088 3757 4141; x_wconf 83' lang='lat' dir='ltr'><strong>imma-</strong></span> 
     </span>
    </p>
   </div>
   <div class='ocr_carea' id='block_1_103' title="bbox 2216 4173 3754 4244">
    <p class='ocr_par' dir='ltr' id='par_1_103' title="bbox 2216 4173 3754 4244">
     <span class='ocr_line' id='line_1_103' title="bbox 2216 4173 3754 4244; baseline 0.004 -19"><span class='ocrx_word' id='word_1_704' title='bbox 2216 4174 2318 4235; x_wconf 90' lang='lat' dir='ltr'><strong>nia,</strong></span> <span class='ocrx_word' id='word_1_705' title='bbox 2352 4174 2402 4224; x_wconf 85' lang='lat' dir='ltr'><strong>id</strong></span> <span class='ocrx_word' id='word_1_706' title='bbox 2429 4180 2509 4225; x_wconf 90' lang='lat' dir='ltr'><strong>est</strong></span> <span class='ocrx_word' id='word_1_707' title='bbox 2537 4180 2745 4239; x_wconf 89' lang='lat' dir='ltr'><strong>peccata</strong></span> <span class='ocrx_word' id='word_1_708' title='bbox 2772 4173 3079 4236; x_wconf 88' lang='lat' dir='ltr'><strong>criminalia,</strong></span> <span class='ocrx_word' id='word_1_709' title='bbox 3110 4176 3307 4244; x_wconf 86' lang='lat' dir='ltr'><strong>agenda</strong></span> <span class='ocrx_word' id='word_1_710' title='bbox 3332 4183 3410 4229; x_wconf 86' lang='lat' dir='ltr'><strong>est</strong></span> <span class='ocrx_word' id='word_1_711' title='bbox 3432 4177 3754 4243; x_wconf 67' lang='lat' dir='ltr'><strong>pmnitcntia</strong></span> 
     </span>
    </p>
   </div>
   <div class='ocr_carea' id='block_1_104' title="bbox 2214 4261 3751 4329">
    <p class='ocr_par' dir='ltr' id='par_1_104' title="bbox 2214 4261 3751 4329">
     <span class='ocr_line' id='line_1_104' title="bbox 2214 4261 3751 4329; baseline 0.005 -16"><span class='ocrx_word' id='word_1_712' title='bbox 2214 4262 2278 4313; x_wconf 85' lang='lat' dir='ltr'><strong>ab</strong></span> <span class='ocrx_word' id='word_1_713' title='bbox 2303 4262 2383 4313; x_wconf 89' lang='lat' dir='ltr'><strong>his</strong></span> <span class='ocrx_word' id='word_1_714' title='bbox 2409 4261 2495 4327; x_wconf 88' lang='lat' dir='ltr'><strong>qui</strong></span> <span class='ocrx_word' id='word_1_715' title='bbox 2523 4276 2583 4312; x_wconf 90' lang='lat' dir='ltr'><strong>ea</strong></span> <span class='ocrx_word' id='word_1_716' title='bbox 2612 4262 3009 4323; x_wconf 88' lang='lat' dir='ltr'><strong>commiserunt,</strong></span> <span class='ocrx_word' id='word_1_717' title='bbox 3048 4276 3145 4329; x_wconf 89' lang='lat' dir='ltr'><strong>pro</strong></span> <span class='ocrx_word' id='word_1_718' title='bbox 3172 4262 3363 4329; x_wconf 84' lang='lat' dir='ltr'><strong>quibus</strong></span> <span class='ocrx_word' id='word_1_719' title='bbox 3397 4278 3614 4318; x_wconf 84' lang='lat' dir='ltr'><strong>necesse</strong></span> <span class='ocrx_word' id='word_1_720' title='bbox 3644 4274 3751 4327; x_wconf 83' lang='lat' dir='ltr'><strong>est.</strong></span> 
     </span>
    </p>
   </div>
   <div class='ocr_carea' id='block_1_105' title="bbox 2216 4351 3756 4422">
    <p class='ocr_par' dir='ltr' id='par_1_105' title="bbox 2216 4351 3756 4422">
     <span class='ocr_line' id='line_1_105' title="bbox 2216 4351 3756 4422; baseline 0.006 -20"><span class='ocrx_word' id='word_1_721' title='bbox 2216 4361 2325 4403; x_wconf 89' lang='lat' dir='ltr'><strong>uta</strong></span> <span class='ocrx_word' id='word_1_722' title='bbox 2355 4351 2549 4403; x_wconf 90' lang='lat' dir='ltr'><strong>Christi</strong></span> <span class='ocrx_word' id='word_1_723' title='bbox 2585 4366 2802 4418; x_wconf 89' lang='lat' dir='ltr'><strong>corpore</strong></span> <span class='ocrx_word' id='word_1_724' title='bbox 2842 4362 3164 4419; x_wconf 85' lang='lat' dir='ltr'><strong>separentur.</strong></span> <span class='ocrx_word' id='word_1_725' title='bbox 3204 4353 3340 4422; x_wconf 81' lang='lat' dir='ltr'><strong>Ergo</strong></span> <span class='ocrx_word' id='word_1_726' title='bbox 3372 4354 3539 4407; x_wconf 79' lang='lat' dir='ltr'><strong>tribus</strong></span> <span class='ocrx_word' id='word_1_727' title='bbox 3571 4359 3756 4411; x_wconf 85' lang='lat' dir='ltr'><strong>modis</strong></span> 
     </span>
    </p>
   </div>
   <div class='ocr_carea' id='block_1_106' title="bbox 2218 4438 3751 4509">
    <p class='ocr_par' dir='ltr' id='par_1_106' title="bbox 2218 4438 3751 4509">
     <span class='ocr_line' id='line_1_106' title="bbox 2218 4438 3751 4509; baseline 0.005 -21"><span class='ocrx_word' id='word_1_728' title='bbox 2218 4438 2545 4489; x_wconf 89' lang='lat' dir='ltr'><strong>dimittuntur</strong></span> <span class='ocrx_word' id='word_1_729' title='bbox 2577 4447 2789 4505; x_wconf 89' lang='lat' dir='ltr'><strong>peccata</strong></span> <span class='ocrx_word' id='word_1_730' title='bbox 2832 4439 2883 4491; x_wconf 89' lang='lat' dir='ltr'><strong>in</strong></span> <span class='ocrx_word' id='word_1_731' title='bbox 2924 4439 3143 4493; x_wconf 89' lang='lat' dir='ltr'><strong>ecclesia</strong></span> <span class='ocrx_word' id='word_1_732' title='bbox 3178 4458 3189 4491; x_wconf 90' lang='lat'><strong>:</strong></span> <span class='ocrx_word' id='word_1_733' title='bbox 3225 4440 3278 4492; x_wconf 91' lang='lat' dir='ltr'><strong>in</strong></span> <span class='ocrx_word' id='word_1_734' title='bbox 3314 4440 3663 4509; x_wconf 86' lang='lat' dir='ltr'><strong>baptismate,</strong></span> <span class='ocrx_word' id='word_1_735' title='bbox 3699 4444 3751 4495; x_wconf 93' lang='lat' dir='ltr'><strong>in</strong></span> 
     </span>
    </p>
   </div>
   <div class='ocr_carea' id='block_1_107' title="bbox 2219 4525 3752 4595">
    <p class='ocr_par' dir='ltr' id='par_1_107' title="bbox 2219 4525 3752 4595">
     <span class='ocr_line' id='line_1_107' title="bbox 2219 4525 3752 4595; baseline 0.004 -18"><span class='ocrx_word' id='word_1_736' title='bbox 2219 4526 2477 4587; x_wconf 90' lang='lat' dir='ltr'><strong>oratione,</strong></span> <span class='ocrx_word' id='word_1_737' title='bbox 2520 4525 2571 4576; x_wconf 94' lang='lat' dir='ltr'><strong>in</strong></span> <span class='ocrx_word' id='word_1_738' title='bbox 2615 4527 2904 4579; x_wconf 86' lang='lat' dir='ltr'><strong>humilitate</strong></span> <span class='ocrx_word' id='word_1_739' title='bbox 2939 4528 3134 4595; x_wconf 85' lang='lat' dir='ltr'><strong>majore</strong></span> <span class='ocrx_word' id='word_1_740' title='bbox 3170 4528 3503 4595; x_wconf 56' lang='lat' dir='ltr'><strong>paenitentiae.</strong></span> <span class='ocrx_word' id='word_1_741' title='bbox 3544 4529 3752 4583; x_wconf 85' lang='lat' dir='ltr'><strong>Tamen</strong></span> 
     </span>
    </p>
   </div>
   <div class='ocr_carea' id='block_1_108' title="bbox 2221 4614 3430 4682">
    <p class='ocr_par' dir='ltr' id='par_1_108' title="bbox 2221 4614 3430 4682">
     <span class='ocr_line' id='line_1_108' title="bbox 2221 4614 3430 4682; baseline 0 -16"><span class='ocrx_word' id='word_1_742' title='bbox 2221 4615 2355 4666; x_wconf 87' lang='lat' dir='ltr'><strong>Deus</strong></span> <span class='ocrx_word' id='word_1_743' title='bbox 2381 4628 2480 4667; x_wconf 90' lang='lat' dir='ltr'><strong>non</strong></span> <span class='ocrx_word' id='word_1_744' title='bbox 2510 4614 2720 4666; x_wconf 89' lang='lat' dir='ltr'><strong>dimittit</strong></span> <span class='ocrx_word' id='word_1_745' title='bbox 2744 4622 2976 4680; x_wconf 89' lang='lat' dir='ltr'><strong>peccata,</strong></span> <span class='ocrx_word' id='word_1_746' title='bbox 3012 4615 3111 4668; x_wconf 91' lang='lat' dir='ltr'><strong>nisi</strong></span> <span class='ocrx_word' id='word_1_747' title='bbox 3134 4615 3430 4682; x_wconf 87' lang='lat' dir='ltr'><strong>baptizatis.</strong></span> 
     </span>
    </p>
   </div>
   <div class='ocr_carea' id='block_1_109' title="bbox 2286 4700 3753 4771">
    <p class='ocr_par' dir='ltr' id='par_1_109' title="bbox 2286 4700 3753 4771">
     <span class='ocr_line' id='line_1_109' title="bbox 2286 4700 3753 4771; baseline 0.001 -17"><span class='ocrx_word' id='word_1_748' title='bbox 2286 4700 2558 4754; x_wconf 79' lang='lat' dir='ltr'><strong>Creditnus</strong></span> <span class='ocrx_word' id='word_1_749' title='bbox 2595 4703 2753 4754; x_wconf 89' lang='lat' dir='ltr'><strong>etiam</strong></span> <span class='ocrx_word' id='word_1_750' title='bbox 2798 4703 3211 4755; x_wconf 73' lang='lat' dir='ltr'><strong>resurrectionem</strong></span> <span class='ocrx_word' id='word_1_751' title='bbox 3240 4704 3443 4763; x_wconf 75' lang='lat' dir='ltr'><strong>carnis;</strong></span> <span class='ocrx_word' id='word_1_752' title='bbox 3469 4718 3583 4770; x_wconf 64' lang='lat' dir='ltr'><strong>qum</strong></span> <span class='ocrx_word' id='word_1_753' title='bbox 3610 4719 3753 4771; x_wconf 59' lang='lat' dir='ltr'><strong>pm</strong></span> 
     </span>
    </p>
   </div>
   <div class='ocr_carea' id='block_1_110' title="bbox 2221 4787 3751 4858">
    <p class='ocr_par' dir='ltr' id='par_1_110' title="bbox 2221 4787 3751 4858">
     <span class='ocr_line' id='line_1_110' title="bbox 2221 4787 3751 4858; baseline 0.002 -18"><span class='ocrx_word' id='word_1_754' title='bbox 2221 4788 2376 4840; x_wconf 85' lang='lat' dir='ltr'><strong>cessit</strong></span> <span class='ocrx_word' id='word_1_755' title='bbox 2402 4788 2452 4839; x_wconf 92' lang='lat' dir='ltr'><strong>in</strong></span> <span class='ocrx_word' id='word_1_756' title='bbox 2477 4787 2718 4849; x_wconf 89' lang='lat' dir='ltr'><strong>Christo,</strong></span> <span class='ocrx_word' id='word_1_757' title='bbox 2746 4797 2802 4839; x_wconf 89' lang='lat' dir='ltr'><strong>ut</strong></span> <span class='ocrx_word' id='word_1_758' title='bbox 2826 4789 2925 4841; x_wconf 88' lang='lat' dir='ltr'><strong>hoc</strong></span> <span class='ocrx_word' id='word_1_759' title='bbox 2959 4788 3115 4841; x_wconf 88' lang='lat' dir='ltr'><strong>etiam</strong></span> <span class='ocrx_word' id='word_1_760' title='bbox 3154 4794 3327 4854; x_wconf 86' lang='lat' dir='ltr'><strong>speret</strong></span> <span class='ocrx_word' id='word_1_761' title='bbox 3357 4802 3576 4857; x_wconf 86' lang='lat' dir='ltr'><strong>corpus,</strong></span> <span class='ocrx_word' id='word_1_762' title='bbox 3605 4793 3751 4858; x_wconf 76' lang='lat' dir='ltr'><strong>quod</strong></span> 
     </span>
    </p>
   </div>
   <div class='ocr_carea' id='block_1_111' title="bbox 2222 4871 3752 4940">
    <p class='ocr_par' dir='ltr' id='par_1_111' title="bbox 2222 4871 3752 4940">
     <span class='ocr_line' id='line_1_111' title="bbox 2222 4871 3752 4940; baseline 0.002 -13"><span class='ocrx_word' id='word_1_763' title='bbox 2222 4873 2488 4940; x_wconf 69' lang='lat' dir='ltr'><strong>prtecessit</strong></span> <span class='ocrx_word' id='word_1_764' title='bbox 2510 4874 2562 4925; x_wconf 90' lang='lat' dir='ltr'><strong>in</strong></span> <span class='ocrx_word' id='word_1_765' title='bbox 2587 4873 2774 4939; x_wconf 91' lang='lat' dir='ltr'><strong>capite.</strong></span> <span class='ocrx_word' id='word_1_766' title='bbox 2798 4872 2979 4925; x_wconf 90' lang='lat' dir='ltr'><strong>Omnis</strong></span> <span class='ocrx_word' id='word_1_767' title='bbox 3007 4888 3125 4940; x_wconf 90' lang='lat' dir='ltr'><strong>spes</strong></span> <span class='ocrx_word' id='word_1_768' title='bbox 3152 4871 3269 4926; x_wconf 83' lang='lat' dir='ltr'><strong>fidei</strong></span> <span class='ocrx_word' id='word_1_769' title='bbox 3295 4881 3483 4928; x_wconf 67' lang='lat' dir='ltr'><strong>nostra:</strong></span> <span class='ocrx_word' id='word_1_770' title='bbox 3511 4874 3625 4929; x_wconf 64' lang='lat' dir='ltr'><strong>hac</strong></span> <span class='ocrx_word' id='word_1_771' title='bbox 3644 4887 3752 4938; x_wconf 82' lang='lat' dir='ltr'><strong>est,</strong></span> 
     </span>
    </p>
   </div>
   <div class='ocr_carea' id='block_1_112' title="bbox 2222 4958 3758 5034">
    <p class='ocr_par' dir='ltr' id='par_1_112' title="bbox 2222 4958 3758 5034">
     <span class='ocr_line' id='line_1_112' title="bbox 2222 4958 3758 5034; baseline 0.004 -23"><span class='ocrx_word' id='word_1_772' title='bbox 2222 4961 2465 5029; x_wconf 91' lang='lat' dir='ltr'><strong>quoniam</strong></span> <span class='ocrx_word' id='word_1_773' title='bbox 2495 4958 2939 5013; x_wconf 87' lang='lat' dir='ltr'><strong>resuscitabimur.</strong></span> <span class='ocrx_word' id='word_1_774' title='bbox 2980 4959 3270 5029; x_wconf 82' lang='lat' dir='ltr'><strong>Resurgent</strong></span> <span class='ocrx_word' id='word_1_775' title='bbox 3299 4962 3445 5025; x_wconf 88' lang='lat' dir='ltr'><strong>boni,</strong></span> <span class='ocrx_word' id='word_1_776' title='bbox 3468 4975 3758 5034; x_wconf 64' lang='lat' dir='ltr'><strong>resurgat</strong></span> 
     </span>
    </p>
   </div>
   <div class='ocr_carea' id='block_1_113' title="bbox 2224 5046 3746 5115">
    <p class='ocr_par' dir='ltr' id='par_1_113' title="bbox 2224 5046 3746 5115">
     <span class='ocr_line' id='line_1_113' title="bbox 2224 5046 3746 5115; baseline 0.004 -16"><span class='ocrx_word' id='word_1_777' title='bbox 2224 5046 2380 5099; x_wconf 89' lang='lat' dir='ltr'><strong>mali:</strong></span> <span class='ocrx_word' id='word_1_778' title='bbox 2413 5047 2503 5100; x_wconf 91' lang='lat' dir='ltr'><strong>sed</strong></span> <span class='ocrx_word' id='word_1_779' title='bbox 2529 5047 2649 5100; x_wconf 87' lang='lat' dir='ltr'><strong>boni</strong></span> <span class='ocrx_word' id='word_1_780' title='bbox 2673 5054 2730 5098; x_wconf 90' lang='lat' dir='ltr'><strong>ut</strong></span> <span class='ocrx_word' id='word_1_781' title='bbox 2764 5046 3077 5115; x_wconf 89' lang='lat' dir='ltr'><strong>sempiterna</strong></span> <span class='ocrx_word' id='word_1_782' title='bbox 3112 5047 3433 5102; x_wconf 85' lang='lat' dir='ltr'><strong>beatitudine</strong></span> <span class='ocrx_word' id='word_1_783' title='bbox 3472 5047 3746 5115; x_wconf 77' lang='lat' dir='ltr'><strong>fruantur;</strong></span> 
     </span>
    </p>
   </div>
   <div class='ocr_carea' id='block_1_114' title="bbox 2226 5129 3329 5202">
    <p class='ocr_par' dir='ltr' id='par_1_114' title="bbox 2226 5129 3329 5202">
     <span class='ocr_line' id='line_1_114' title="bbox 2226 5129 3329 5202; baseline -0.001 -16"><span class='ocrx_word' id='word_1_784' title='bbox 2226 5133 2377 5195; x_wconf 89' lang='lat' dir='ltr'><strong>mali,</strong></span> <span class='ocrx_word' id='word_1_785' title='bbox 2403 5140 2461 5185; x_wconf 87' lang='lat' dir='ltr'><strong>ut</strong></span> <span class='ocrx_word' id='word_1_786' title='bbox 2486 5140 2735 5200; x_wconf 89' lang='lat' dir='ltr'><strong>perpetuo</strong></span> <span class='ocrx_word' id='word_1_787' title='bbox 2771 5134 2887 5201; x_wconf 87' lang='lat' dir='ltr'><strong>igne</strong></span> <span class='ocrx_word' id='word_1_788' title='bbox 2912 5136 3212 5202; x_wconf 90' lang='lat' dir='ltr'><strong>puniantur.</strong></span> <span class='ocrx_word' id='word_1_789' title='bbox 3326 5129 3329 5131; x_wconf 53' lang='grc'><em>“</em></span> 
     </span>
    </p>
   </div>
   <div class='ocr_carea' id='block_1_115' title="bbox 2292 5221 3751 5293">
    <p class='ocr_par' dir='ltr' id='par_1_115' title="bbox 2292 5221 3751 5293">
     <span class='ocr_line' id='line_1_115' title="bbox 2292 5221 3751 5293; baseline 0.001 -17"><span class='ocrx_word' id='word_1_790' title='bbox 2292 5222 2564 5276; x_wconf 90' lang='lat' dir='ltr'><strong>Credimus</strong></span> <span class='ocrx_word' id='word_1_791' title='bbox 2588 5222 2737 5273; x_wconf 80' lang='lat' dir='ltr'><strong>vitam</strong></span> <span class='ocrx_word' id='word_1_792' title='bbox 2763 5232 3021 5284; x_wconf 66' lang='lat' dir='ltr'><strong>(uernam,</strong></span> <span class='ocrx_word' id='word_1_793' title='bbox 3048 5222 3101 5273; x_wconf 91' lang='lat' dir='ltr'><strong>in</strong></span> <span class='ocrx_word' id='word_1_794' title='bbox 3126 5235 3225 5289; x_wconf 86' lang='lat' dir='ltr'><strong>qua</strong></span> <span class='ocrx_word' id='word_1_795' title='bbox 3259 5221 3549 5293; x_wconf 81' lang='lat' dir='ltr'><strong>incorrupti</strong></span> <span class='ocrx_word' id='word_1_796' title='bbox 3574 5240 3751 5293; x_wconf 68' lang='lat' dir='ltr'><strong>taqua-</strong></span> 
     </span>
    </p>
   </div>
   <div class='ocr_carea' id='block_1_116' title="bbox 2222 5307 3750 5381">
    <p class='ocr_par' dir='ltr' id='par_1_116' title="bbox 2222 5307 3750 5381">
     <span class='ocr_line' id='line_1_116' title="bbox 2222 5307 3750 5381; baseline 0.001 -20"><span class='ocrx_word' id='word_1_797' title='bbox 2222 5310 2295 5381; x_wconf 80' lang='lat' dir='ltr'><strong>les</strong></span> <span class='ocrx_word' id='word_1_798' title='bbox 2320 5316 2472 5363; x_wconf 89' lang='lat' dir='ltr'><strong>erunt</strong></span> <span class='ocrx_word' id='word_1_799' title='bbox 2494 5307 2690 5375; x_wconf 88' lang='lat' dir='ltr'><strong>angelis</strong></span> <span class='ocrx_word' id='word_1_800' title='bbox 2714 5307 2833 5368; x_wconf 88' lang='lat' dir='ltr'><strong>Dei,</strong></span> <span class='ocrx_word' id='word_1_801' title='bbox 2866 5315 2924 5359; x_wconf 90' lang='lat' dir='ltr'><strong>ut</strong></span> <span class='ocrx_word' id='word_1_802' title='bbox 2954 5307 3133 5359; x_wconf 87' lang='lat' dir='ltr'><strong>vivant</strong></span> <span class='ocrx_word' id='word_1_803' title='bbox 3156 5322 3273 5361; x_wconf 91' lang='lat' dir='ltr'><strong>cum</strong></span> <span class='ocrx_word' id='word_1_804' title='bbox 3304 5308 3432 5377; x_wconf 89' lang='lat' dir='ltr'><strong>ipsis</strong></span> <span class='ocrx_word' id='word_1_805' title='bbox 3467 5311 3520 5361; x_wconf 89' lang='lat' dir='ltr'><strong>in</strong></span> <span class='ocrx_word' id='word_1_806' title='bbox 3552 5317 3750 5363; x_wconf 73' lang='lat' dir='ltr'><strong>aeterna</strong></span> 
     </span>
    </p>
   </div>
   <div class='ocr_carea' id='block_1_117' title="bbox 2223 5394 3758 5466">
    <p class='ocr_par' dir='ltr' id='par_1_117' title="bbox 2223 5394 3758 5466">
     <span class='ocr_line' id='line_1_117' title="bbox 2223 5394 3758 5466; baseline 0.003 -20"><span class='ocrx_word' id='word_1_807' title='bbox 2223 5398 2357 5459; x_wconf 87' lang='lat' dir='ltr'><strong>vita,</strong></span> <span class='ocrx_word' id='word_1_808' title='bbox 2405 5396 2455 5447; x_wconf 91' lang='lat' dir='ltr'><strong>in</strong></span> <span class='ocrx_word' id='word_1_809' title='bbox 2492 5410 2646 5447; x_wconf 90' lang='lat' dir='ltr'><strong>unam</strong></span> <span class='ocrx_word' id='word_1_810' title='bbox 2687 5394 3126 5447; x_wconf 84' lang='lat' dir='ltr'><strong>immortalitatem</strong></span> <span class='ocrx_word' id='word_1_811' title='bbox 3159 5412 3220 5447; x_wconf 86' lang='lat' dir='ltr'><strong>ac</strong></span> <span class='ocrx_word' id='word_1_812' title='bbox 3254 5397 3633 5463; x_wconf 86' lang='lat' dir='ltr'><strong>sempiternam</strong></span> <span class='ocrx_word' id='word_1_813' title='bbox 3663 5412 3758 5466; x_wconf 80' lang='lat' dir='ltr'><strong>pa-</strong></span> 
     </span>
    </p>
   </div>
   <div class='ocr_carea' id='block_1_118' title="bbox 2225 5481 3757 5549">
    <p class='ocr_par' dir='ltr' id='par_1_118' title="bbox 2225 5481 3757 5549">
     <span class='ocr_line' id='line_1_118' title="bbox 2225 5481 3757 5549; baseline 0.004 -14"><span class='ocrx_word' id='word_1_814' title='bbox 2225 5484 2396 5543; x_wconf 83' lang='lat' dir='ltr'><strong>triam,</strong></span> <span class='ocrx_word' id='word_1_815' title='bbox 2428 5484 2478 5533; x_wconf 92' lang='lat' dir='ltr'><strong>in</strong></span> <span class='ocrx_word' id='word_1_816' title='bbox 2506 5497 2605 5547; x_wconf 89' lang='lat' dir='ltr'><strong>qua</strong></span> <span class='ocrx_word' id='word_1_817' title='bbox 2628 5482 2797 5547; x_wconf 83' lang='lat' dir='ltr'><strong>patria</strong></span> <span class='ocrx_word' id='word_1_818' title='bbox 2822 5481 2925 5533; x_wconf 85' lang='lat' dir='ltr'><strong>vita</strong></span> <span class='ocrx_word' id='word_1_819' title='bbox 2951 5490 3125 5535; x_wconf 87' lang='lat' dir='ltr'><strong>nostra</strong></span> <span class='ocrx_word' id='word_1_820' title='bbox 3152 5491 3345 5535; x_wconf 71' lang='lat' dir='ltr'><strong>aeterna</strong></span> <span class='ocrx_word' id='word_1_821' title='bbox 3371 5483 3482 5549; x_wconf 87' lang='lat' dir='ltr'><strong>ipse</strong></span> <span class='ocrx_word' id='word_1_822' title='bbox 3509 5481 3757 5541; x_wconf 79' lang='lat' dir='ltr'><strong>Christus</strong></span> 
     </span>
    </p>
   </div>
   <div class='ocr_carea' id='block_1_119' title="bbox 2223 5568 3759 5635">
    <p class='ocr_par' dir='ltr' id='par_1_119' title="bbox 2223 5568 3759 5635">
     <span class='ocr_line' id='line_1_119' title="bbox 2223 5568 3759 5635; baseline -0.002 -14"><span class='ocrx_word' id='word_1_823' title='bbox 2223 5570 2340 5622; x_wconf 88' lang='lat' dir='ltr'><strong>erit.</strong></span> <span class='ocrx_word' id='word_1_824' title='bbox 2372 5568 2503 5633; x_wconf 80' lang='lat' dir='ltr'><strong>Quid</strong></span> <span class='ocrx_word' id='word_1_825' title='bbox 2531 5570 2598 5619; x_wconf 86' lang='lat' dir='ltr'><strong>sit</strong></span> <span class='ocrx_word' id='word_1_826' title='bbox 2624 5568 2793 5621; x_wconf 76' lang='lat' dir='ltr'><strong>autem</strong></span> <span class='ocrx_word' id='word_1_827' title='bbox 2819 5568 2939 5621; x_wconf 86' lang='lat' dir='ltr'><strong>illud</strong></span> <span class='ocrx_word' id='word_1_828' title='bbox 2966 5570 3154 5621; x_wconf 71' lang='lat' dir='ltr'><strong>bonum</strong></span> <span class='ocrx_word' id='word_1_829' title='bbox 3178 5569 3312 5633; x_wconf 79' lang='lat' dir='ltr'><strong>quod</strong></span> <span class='ocrx_word' id='word_1_830' title='bbox 3344 5570 3596 5635; x_wconf 71' lang='lat' dir='ltr'><strong>promisit</strong></span> <span class='ocrx_word' id='word_1_831' title='bbox 3618 5571 3759 5627; x_wconf 74' lang='lat' dir='ltr'><strong>Deus</strong></span> 
     </span>
    </p>
   </div>
  </div>
