3922 6222
319 387 408 439 861

1301 385 1491 436 LIBER
1529 385 1611 436 DE
1651 377 2096 434 SACRAMENTO
2135 381 2456 434 BAl’TlSEil.

3336 383 3437 433 86.!

250 545 258 555 .
320 497 514 552 sanctis
556 497 690 556 suis,
732 495 850 560 quis
889 493 1111 561 esplieet
1148 492 1356 545 verbis?
1398 491 1622 544 Facilius
1663 499 1836 542 tamen
1865 487 1905 539 Δ
1937 494 2037 544 sto,
2065 503 2156 553 per
2178 489 2342 554 ipsum
2372 488 2711 548 renaseimur,
2740 495 2795 538 ut
2822 487 3078 553 purilieati
3110 484 3446 539 vivilieemur.

319 597 596 653 possumus
622 581 816 645 dicere,
841 582 894 634 in
914 581 1001 632 illa
1026 580 1131 631 vita
1157 586 1352 631 aeterna
1377 579 1500 645 quid
1527 578 1593 630 ibi
1623 593 1722 629 non
1748 576 1836 636 sit,

320 687 477 738 quam
502 671 624 736 quid
651 670 722 721 ibi
751 670 836 721 sit.
867 668 979 720 Non
1005 675 1084 720 est
1110 666 1181 719 ibi
1210 679 1367 725 mors,
1395 680 1497 716 non
1522 663 1708 724 luctus,
1737 677 1837 714 non

321 754 596 818 lassitudo,
648 769 751 806 non
794 753 1098 813 inﬁrmitas,
1147 767 1250 803 non
1292 749 1485 810 fames;
1528 747 1664 800 nulla
1703 747 1836 806 sitis,

319 841 444 893 nulli
475 849 657 903 testas,
687 840 820 891 nulla
856 839 1122 905 corruptio
1143 876 1157 898 ,
1188 837 1324 888 nulla
1357 835 1664 903 indigentia,
1699 833 1836 884 nulla

321 928 584 990 nim-stitia,
608 927 746 980 nulla
768 926 993 978 tristitia.
1021 925 1092 978 De
1111 925 1192 976 his
1217 924 1372 992 igitur
1395 923 1580 989 quibus
1602 921 1840 974 catechu—

319 1028 499 1066 menos
529 1014 906 1081 interrogamus
938 1011 1143 1079 quando
1177 1011 1528 1078 baptizantur,
1559 1010 1634 1062 sic
1672 1009 1840 1091 credi:

317 1115 456 1165 mus,
489 1109 543 1153 et
567 1101 643 1153 sie
666 1101 741 1152 eis
768 1109 886 1167 post
911 1100 1223 1166 baptismum
1249 1098 1608 1166 prmdicamus.

831 1204 1143 1258 CAPUT
1206 1203 1316 1256 Vl.

895 1272 970 1324 De
992 1271 1254 1339 baptismo.

387 1364 681 1431 Baptismus
717 1361 936 1424 GI‘IBCC,
982 1360 1165 1412 Latine
1210 1360 1391 1412 tiuetio
1440 1359 1834 1424 interpretatur.

317 1453 444 1514 Quae
491 1452 681 1504 idcirco
727 1449 907 1502 tinctio
948 1448 1154 1510 dicitur,
1197 1447 1316 1514 quia
1357 1445 1426 1499 ibi
1466 1447 1620 1498 homo
1653 1444 1836 1512 spiritu

316 1540 500 1607 gratia:
540 1540 592 1591 in
639 1538 821 1591 melius
864 1538 1196 1596 immutatur,
1249 1545 1301 1590 et
1346 1537 1495 1604 longe
1521 1536 1657 1587 aliud
1682 1550 1835 1602 quam

315 1627 688 1680 eratetlieitur.
743 1625 893 1678 Prius
938 1625 1073 1678 enim
1115 1623 1237 1678 frudi
1262 1639 1469 1676 eramus
1510 1622 1837 1675 deformitate

315 1724 682 1780 peccatorum:
716 1715 766 1765 in
806 1714 913 1781 ipsa
955 1713 1198 1765 tinctione
1229 1712 1493 1764 reddimur
1515 1711 1717 1779 pulchri
1748 1710 1836 1761 de-

1937 573 2074 625 Fons
2099 574 2193 626 iste
2214 576 2359 642 origo
2390 582 2470 627 est
2504 574 2732 626 omnium
2763 572 3041 641 gloriarum
3069 590 3079 623 :
3111 571 3226 624 fons
3262 571 3359 624 iSte
3384 576 3453 626 si-

1938 659 2171 713 militudo
2190 671 2270 713 est
2295 659 2450 714 fontis
2475 661 2675 714 mterni.
2727 660 2874 726 Aqua
2901 656 2983 712 illa
3020 675 3120 712 non
3148 659 3311 711 solum
3341 674 3449 713 sor-

1936 747 2026 799 des
2049 747 2206 809 lavat,
2232 749 2320 800 sed
2347 757 2400 802 et
2428 750 2655 801 animam
2678 764 2705 800 a
2731 750 2958 816 peccatis
2987 747 3192 801 liberat.

2004 831 2372 886 Sanctiticatur
2399 835 2507 887 haac
2534 851 2626 902 per
2649 836 3089 888 consecrationem
3117 835 3280 886 verbi.
3309 833 3450 886 Tolle

1935 928 2105 970 autem
2122 921 2420 983 verbum,et
2441 921 2564 986 quid
2582 929 2662 974 est
2682 937 2834 989 aqua,
2866 922 2963 974 nisi
2993 921 3158 988 aqua?
3207 938 3223 969 ι
3252 933 3274 958 ο
3292 921 3450 973 Acce-

1935 1008 2012 1058 dit
2049 1009 2262 1062 verhum
2311 1010 2374 1060 ad
2413 1008 2724 1060 elementum
2748 1048 2763 1072 ,
2800 1018 2854 1062 et
2899 1008 2957 1061 lit
2992 1018 3389 1062 sacramentum.
3429 1027 3445 1058 ι

1939 1097 2113 1148 Virtus
2140 1097 2282 1148 verbi
2313 1111 2405 1163 per
2433 1111 2618 1163 aquam
2648 1097 2862 1150 mundat
2889 1111 3001 1149 nos.
3042 1096 3127 1148 Ait
3153 1097 3288 1149 enim
3316 1097 3452 1163 Apo-

1936 1181 2098 1233 stolus
2121 1197 2134 1232 :
2163 1182 2472 1234 Accedamus
2495 1183 2560 1234 ad
2587 1182 2747 1234 Deum
2768 1199 2882 1234 vero
2902 1183 3050 1234 corde
3072 1185 3122 1234 in
3145 1183 3453 1250 plenitudine

1934 1270 2071 1335 ﬁdei,
2097 1272 2287 1338 aspersi
2309 1272 2457 1323 corde
2499 1290 2528 1322 a
2569 1272 2870 1324 conscientia
2911 1269 3066 1330 mala,
3093 1280 3136 1322 et
3159 1270 3318 1321 abluti
3343 1286 3453 1322 cor-

1933 1373 2026 1424 pus
2049 1376 2179 1425 aqua
2205 1358 2409 1434 nutatio.

2004 1445 2278 1498 Sciendum
2292 1454 2462 1498 autem
2479 1445 2614 1513 quod
2630 1446 2758 1499 ordo
2778 1457 2829 1498 et
2842 1462 2967 1500 usus
2982 1447 3273 1514 baptizandi
3287 1446 3452 1498 diver-

1935 1535 2007 1587 sis
2030 1536 2678 1604 tcmporiLusaliteratque
2698 1536 2847 1590 aliter
2859 1536 2986 1601 fuit;
3019 1546 3187 1590 tamen
3210 1541 3309 1589 una
3322 1553 3448 1590 sem-

1933 1637 2021 1688 per
2040 1623 2186 1688 ﬁdes,
2215 1620 2370 1675 unum
2397 1624 2662 1692 baptisma.
2702 1624 2865 1677 Aliter
2892 1625 3175 1693 baptizavit
3198 1623 3444 1684 Joannes,

1937 1706 2084 1759 aliter
2111 1709 2218 1775 ipse
2246 1709 2526 1785 Dominus,
2598 1705 2751 1764 aliter
2778 1711 2992 1779 apostoli
3015 1720 3134 1764 ante
3160 1713 3449 1778 passionem

316 1768 574 1852 initiatione
600 1768 863 1852 virtutum.
917 1798 1017 1851 Per
1041 1799 1352 1866 baptismum
1379 1805 1698 1851 restauratur
1722 1813 1834 1851 cor-
1866 1768 1907 1824 Β
1939 1795 2221 1850 Salvatoris
2245 1838 2259 1861 ,
2309 1809 2360 1851 et
2399 1779 2678 1867 antequam
2721 1804 2785 1854 ex
2822 1802 2981 1856 latere
3010 1802 3121 1869 ejus
3160 1803 3370 1870 sanguis
3403 1813 3454 1855 et

317 1904 414 1953 pas
441 1886 616 1956 [Forte
642 1886 876 1956 Spiritus]
907 1887 1131 1940 hominis
1169 1888 1234 1939 ad
1267 1887 1494 1954 priorem
1517 1893 1708 1940 statum
1733 1888 1837 1952 pri-

315 1975 388 2027 mi
415 1975 550 2028 illius
571 1974 790 2027 hominis
810 1982 930 2026 ante
957 1980 1255 2042 peccatum;
1285 1973 1375 2026 sed
1411 1990 1514 2026 non
1543 1974 1628 2033 ita,
1673 1981 1728 2024 ut
1755 1990 1836 2024 se-

315 2077 476 2115 curus
505 2070 619 2129 post
660 2061 971 2127 baptismum
994 2061 1151 2113 vivat.
1189 2061 1318 2112 Nam
1343 2060 1408 2113 ad
1430 2075 1620 2129 agones
1646 2061 1837 2128 produ—

314 2149 456 2202 citur
480 2158 659 2202 contra
683 2149 941 2202 diabolum
969 2149 1210 2202 vitiorum
1251 2150 1535 2217 principem
1562 2150 1834 2203 dimicatu-

317 2255 408 2291 rus
440 2240 491 2291 in
538 2253 693 2292 arena
746 2239 899 2306 hujus
946 2239 1154 2300 mundi;
1204 2239 1289 2292 ubi
1335 2237 1674 2308 spectaculum
1714 2239 1836 2306 {acti

311 2344 491 2380 sumus
520 2328 634 2378 huic
663 2328 848 2378 mundo
886 2338 932 2378 et
977 2326 1166 2394 angelis
1210 2338 1256 2379 et
1297 2327 1579 2380 hominibus
1620 2326 1672 2394 (1
1713 2326 1830 2380 Cor.

312 2432 387 2476 iv,
422 2415 494 2478 9).
533 2414 818 2479 Utramque.
858 2413 995 2465 enim
1039 2422 1277 2480 partem,
1327 2412 1518 2466 Christi
1560 2414 1756 2467 scilicet
1785 2424 1836 2467 et

311 2500 535 2560 diaboli,
566 2499 763 2552 inﬁnita
798 2500 970 2566 p0pnli
998 2500 1270 2553 nmltitudo
1299 2508 1495 2567 spectat
1531 2499 1831 2554 luctantem.

315 2586 446 2638 Dua:
501 2594 618 2638 sunt
667 2601 890 2654 namque
939 2587 1203 2653 pactiones
1253 2588 1588 2640 credentium.
1663 2589 1834 2642 Prima

311 2674 488 2740 pactio
512 2681 618 2737 est,
651 2675 700 2726 in
721 2689 822 2741 qua
847 2676 1158 2728 renuntiavit
1186 2676 1388 2728 diabolo
1412 2684 1464 2728 et
1484 2679 1684 2745 pompis
1702 2678 1831 2746 ejus,

311 2771 366 2812 et
399 2761 654 2814 universa:
680 2762 1059 2815 conversatioui
1090 2763 1257 2825 illius;
1283 2765 1504 2817 secunda
1533 2766 1702 2834 pactio
1731 2776 1831 2830 est,

313 2849 365 2900 in
399 2864 500 2916 qua
527 2863 582 2901 se
619 2849 893 2915 profitetur
930 2850 1142 2902 credere
1170 2851 1220 2902 in
1246 2851 1406 2903 Deum
1439 2851 1642 2904 Patrem
1666 2855 1834 2906 omni-

311 2946 578 3012 potentem
601 2977 615 3001 ,
663 2945 715 2991 ct
748 2938 797 2992 in
825 2936 997 2992 Jesnm
1025 2937 1285 2993 Christum
1312 2938 1493 2991 Filium
1519 2938 1658 3006 ejus,
1705 2950 1756 2994 et.
1779 2942 1830 2994 in

313 3027 567 3093 Spiritum
609 3035 864 3122 sanctum.
924 3026 1027 3080 Sed
1068 3042 1168 3080 non
1191 3036 1270 3081 est
1310 3027 1381 3080 ibi
1428 3026 1543 3082 linis
1577 3029 1824 3084 victoriaz.
1927 3036 2079 3091 quor.

313 3113 426 3164 llas
448 3113 712 3178 pactiones
736 3096 911 3164 fideles
939 3113 989 3164 in
1016 3113 1210 3165 curiam
1245 3113 1512 3181 proferunt
1544 3113 1829 3184 angelicam

315 3201 528 3252 nomina
555 3200 901 3266 prolitentium
928 3219 940 3252 :
973 3201 1022 3251 in
1069 3200 1202 3252 libro
1233 3201 1496 3268 excipiunt
1539 3203 1679 3266 vitm,
1729 3219 1830 3256 non

312 3303 340 3338 ει
368 3287 602 3353 quolibet
628 3288 860 3350 homine,
891 3287 979 3340 sed
1025 3303 1053 3340 a
1085 3290 1348 3356 superiore
1374 3289 1577 3343 cmlitus
1603 3300 1831 3358 potesta-

313 3385 386 3426 te.
427 3373 538 3425 Jam
579 3364 762 3437 deinde
801 3375 994 3427 tirones
1032 3375 1118 3427 Dei
1149 3384 1202 3428 et
1243 3377 1432 3430 milites
1468 3376 1660 3430 Christi
1690 3393 1830 3432 arma

310 3468 754 3513 sacramentorum
778 3461 1079 3528 suscipiunt,
1116 3469 1172 3513 ut
1191 3478 1411 3531 pugnam
1445 3473 1628 3531 gerant
1650 3467 1830 3518 adver-

313 3565 412 3600 sus
435 3549 709 3602 diabolum.
763 3548 863 3602 Sed
890 3548 1227 3602 fortissimum
1252 3552 1628 3605 munimentum
1650 3568 1830 3607 eorum

313 3638 426 3702 ipse
455 3643 534 3688 est
559 3636 813 3698 Christus,
839 3651 992 3702 quem
1016 3638 1065 3689 in
1092 3638 1348 3704 baptismo
1379 3641 1672 3712 induerunt,
1698 3643 1831 3696 sicut

311 3723 386 3774 ait
411 3722 725 3789 Apostolus:
764 3721 865 3786 Qui
908 3724 961 3775 in
999 3723 1198 3778 Christo
1241 3726 1479 3794 baptizati
1501 3731 1650 3791 estis,
1685 3729 1829 3782 Chri-

313 3819 446 3858 stttm
469 3809 719 3861 induistis.
745 3808 842 3874 Qui
864 3810 973 3862 vult
991 3811 1198 3865 vincere
1223 3828 1397 3874 manu,
1426 3811 1575 3866 fortis
1601 3816 1829 3868 invenia-

313 3901 400 3943 tur
424 3894 476 3944 in
503 3895 635 3946 bono
660 3909 849 3962 Opere:
883 3895 1006 3963 ﬁgat
1033 3898 1209 3962 pedes,
1246 3914 1348 3952 non
1377 3908 1555 3953 nutent
1593 3903 1825 3970 vestigia,

313 3990 371 4030 nt
395 3979 561 4047 possit
586 3981 798 4048 implere
829 3982 1120 4036 victoriam.

385 4069 531 4121 Unde
555 4076 607 4121 et
627 4071 726 4122 duo
753 4080 874 4123 sunt
912 4066 1400 4140 genera'baptismi.
1456 4075 1685 4128 Primum
1731 4079 1825 4130 ba-

313 4155 579 4220 ptismum,
609 4172 710 4222 quo
735 4158 914 4210 sordes
942 4169 1270 4224 peccatorum
1310 4177 1402 4228 per
1430 4165 1829 4228 regenerationis

313 4245 576 4294 lavacrum
604 4245 880 4297 abluuntur
905 4263 917 4296 :
949 4247 1228 4300 secundum
1249 4289 1263 4309 ,
1307 4264 1409 4317 quo
1440 4253 1554 4318 quis
1579 4254 1825 4320 sanguine

1934 1900 2066 1951 aqua
2097 1885 2332 1946 ﬂuerent,
2363 1884 2514 1938 aliter
2537 1897 2810 1954 postquam
2847 1888 3040 1940 dictum
3063 1898 3142 1942 est
3175 1889 3310 1942 illis:
3353 1889 3450 1948 Ite,

1934 1972 2103 2023 docete
2150 1988 2317 2024 omnes
2358 1982 2546 2040 gentes,
2587 1973 2894 2040 baptizantes
2925 1992 3006 2028 eos
3033 1977 3083 2027 in
3112 1976 3308 2028 nomine
3343 1975 3449 2027 Ρα-

1933 2058 2046 2118 tris,
2075 2068 2120 2108 et
2158 2056 2320 2120 Filii,
2367 2069 2414 2110 et
2456 2058 2675 2126 Spiritus
2711 2063 2894 2114 sancti.
2946 2062 3218 2130 Apostolus
3249 2077 3452 2130 quoque

1932 2149 2220 2215 baptizatos
2240 2149 2365 2201 dicit
2384 2159 2577 2217 patres,
2607 2153 2781 2218 qui,ab
2809 2152 3034 2222 Atlgypto
3058 2154 3273 2222 profecti
3293 2165 3414 2208 sunt
3437 2174 3446 2206 :

1934 2225 2069 2289 Nolo
2092 2240 2224 2290 enim
2246 2255 2330 2291 vos
2369 2227 2619 2307 ignorare,
2664 2243 2845 2308 fratres
2867 2283 2884 2306 ,
2913 2244 3149 2311 quoniam
3173 2254 3338 2310 patres
3364 2261 3451 2296 no—

1932 2326 2024 2376 stri
2053 2342 2219 2378 omnes
2245 2326 2336 2378 sub
2360 2327 2487 2379 nube
2511 2328 2746 2395 fuerunt,
2794 2339 2841 2382 et
2865 2345 3033 2382 omnes
3068 2347 3205 2382 mare
3229 2332 3444 2383 transic-

1933 2419 2066 2473 runt,
2095 2405 2141 2463 et
2171 2428 2338 2464 omnes
2365 2415 2416 2464 in
2453 2413 2624 2481 Moyse
2663 2415 2904 2484 baptizati
2944 2427 3060 2468 sunt
3095 2419 3146 2468 in
3175 2419 3301 2470 nube
3327 2429 3374 2470 et
3400 2421 3451 2471 in

1931 2498 2080 2548 mari.
2120 2497 2185 2550 Et
2226 2514 2282 2552 re
2320 2515 2442 2552 vera
2486 2503 2678 2567 egressi
2725 2503 2788 2556 de
2836 2501 3062 2572 Egypto
3105 2505 3362 2558 ducuntur
3399 2507 3448 2558 in

1931 2597 2086 2635 manu
2115 2583 2233 2636 forti
2258 2594 2309 2636 et
2333 2587 2546 2638 brachio
2582 2588 2819 2650 excelso,
2849 2597 2902 2642 et
2928 2590 3191 2644 venientes
3217 2593 3282 2643 ad
3308 2608 3450 2646 mare

1932 2671 2161 2723 Rubrum
2192 2673 2445 2725 antecedit
2481 2674 2678 2741 Moyses
2716 2675 2939 2729 famulus
2963 2677 3053 2730 Dei
3096 2687 3310 2746 portans
3336 2681 3444 2732 vir-

1928 2774 2044 2826 gam
2087 2774 2240 2826 quam
2279 2777 2309 2812 a
2334 2760 2550 2813 Domino
2577 2772 2849 2830 acceperat
2872 2782 2883 2816 ;
2917 2767 3140 2831 percutit
3167 2782 3328 2836 aquas
3349 2807 3364 2829 ,
3393 2778 3446 2822 et

1929 2847 2102 2898 statim
2130 2848 2331 2915 cogitur
2373 2846 2557 2900 ﬂuctus
2598 2849 2648 2900 in
2691 2849 2952 2902 cumulum
2975 2890 2989 2914 ,
3043 2860 3096 2904 et
3118 2853 3252 2906 unda
3279 2854 3328 2905 in
3359 2869 3446 2906 se-

1928 2935 2144 3001 metipsa
2194 2942 2430 3002 repressa
2483 2946 2762 2990 curvatur:
2808 2939 3116 2994 soliditatem
3168 2943 3349 3009 recipit
3385 2944 3444 2996 li-

2223 3021 2385 3076 solum
2417 3023 2576 3075 maris
2606 3025 2796 3077 arescit
2843 3025 2892 3079 in
2934 3026 3164 3095 pulvere.
3225 3029 3444 3098 lngressi

1927 3121 2049 3165 sunt
2092 3112 2176 3164 alii
2223 3112 2470 3173 salvandi,
2511 3113 2594 3164 alii
2628 3115 2891 3180 puniendi.
2938 3117 3105 3169 Unam
3131 3119 3439 3173 elementum

1923 3214 2199 3266 aquarum,
2223 3207 2432 3250 auctore
2461 3201 2616 3252 totius
2645 3210 2895 3254 creatur-a3
2916 3205 3154 3272 jubente,
3189 3204 3445 3272 judicavit

1927 3294 2195 3351 utrosque,
2222 3287 2479 3351 separavit
2508 3287 2619 3353 pios
2661 3289 2726 3340 ab
2773 3289 2960 3356 impiis.
2998 3291 3198 3360 Moyses
3223 3293 3438 3362 ﬁguram
3477 3293 3479 3295 ’

1927 3373 2106 3425 habuit
2126 3372 2531 3425 DominiChristi
2563 3391 2573 3423 :
2605 3375 2654 3426 in
2686 3375 2829 3442 virga
2851 3380 3176 3444 agnoscimus
3197 3396 3435 3444 erucem;

1928 3473 2072 3510 mare
2118 3459 2347 3510 Rubrum
2395 3460 2676 3526 accipimus
2726 3461 3037 3528 baptismum
3083 3465 3273 3518 Christi
3323 3483 3440 3521 san-

1925 3546 2076 3614 guine
2102 3554 2476 3614 purpuratum;
2523 3561 2696 3615 regem
2739 3548 3099 3618 Egyptiorum
3123 3554 3441 3621 populosque

1923 3631 2034 3699 ejus
2053 3672 2066 3695 ,
2093 3640 2357 3686 auctorem
2383 3643 2712 3700 peccatorum
2756 3637 3014 3690 diabolum
3052 3653 3168 3692 cum
3203 3644 3441 3697 omnibus

1926 3719 2176 3772 ministris
2199 3718 2329 3786 ejus.
2389 3721 2492 3774 Sed
2525 3721 2810 3788 baptismus
2838 3717 3010 3792 imago
3036 3728 3217 3780 mortis
3249 3729 3438 3782 Christi

1924 3811 2004 3860 est
2030 3816 2082 3858 et
2105 3806 2403 3874 sepultum,
2435 3807 2569 3860 sicut
2593 3807 2871 3876 Apostolus
2903 3818 3122 3864 testatur
3154 3831 3165 3863 :
3201 3814 3277 3865 An
3297 3816 3439 3882 igno-

1926 3893 2067 3954 ratis,
2094 3893 2296 3959 fratres,
2327 3894 2565 3961 quoniam
2601 3896 2880 3964 quicunque
2918 3897 3155 3964 baptizati
3193 3916 3365 3953 sumus
3386 3904 3438 3954 in

1924 3980 2124 4034 Christo
2146 3981 2290 4044 Jesu,
2320 3985 2372 4033 in
2404 3992 2560 4034 morte
2592 3984 2749 4049 ipsius
2785 3985 3024 4050 baptizati
3043 3991 3264 4042 sumus?
3307 3990 3438 4043 Cou-

1922 4068 2104 4136 sepulti
2142 4070 2273 4120 enim
2309 4085 2481 4122 sumus
2509 4083 2622 4122 cum
2641 4070 2728 4122 illo
2758 4088 2848 4140 per
2866 4073 3161 4141 baptismum
3183 4079 3235 4129 in
3259 4090 3432 4141 morte,

1926 4168 1977 4210 ut
1999 4160 2246 4227 quomodo
2273 4163 2591 4213 resurrexita
2615 4165 2825 4215 mortuis
2863 4180 2952 4230 per
2981 4166 3194 4233 gloriam
3237 4165 3426 4229 Patris,

1921 4249 1992 4299 ita
2018 4257 2065 4298 et
2099 4264 2187 4299 nos
2216 4249 2267 4300 in
2296 4250 2512 4300 novitate
2537 4251 2651 4301 vita’
2676 4250 3005 4304 ambulemus.
3045 4252 3101 4304 Si
3138 4255 3269 4306 enim
3290 4272 3427 4307 com-

312 4347 407 4383 sno
435 4346 529 4398 per
569 4334 871 4401 martyrium
901 4335 1205 4401 baptizatur.
1257 4338 1368 4400 Quo
1395 4339 1647 4405 baptismo
1675 4339 1824 4392 Chri-

1927 4334 2135 4401 plantati
2159 4335 2279 4400 facti
2298 4350 2471 4386 sumus
2495 4334 2815 4404 similitudini
2835 4340 3006 4390 mortis
3041 4338 3170 4406 ejus,
3212 4341 3430 4394 simulet

312 4428 426 4470 stus
453 4419 739 4485 baptizatus
780 4429 889 4483 est;
938 4430 993 4472 ut
1037 4431 1089 4474 et
1115 4424 1164 4474 in
1194 4425 1311 4485 hoc,
1356 4425 1488 4476 sicut
1513 4433 1564 4478 et
1590 4426 1643 4478 in
1673 4435 1822 4480 ctcte-

313 4508 408 4570 ris,
437 4506 652 4560 formam
679 4509 1008 4562 credentibus
1036 4510 1212 4575 daret,
1241 4513 1375 4564 sicut
1403 4514 1475 4565 ait
1499 4513 1773 4581 Apostolus
1807 4556 1817 4567 .

314 4595 545 4647 Christus
581 4612 756 4662 passus
789 4606 860 4647 est
887 4613 976 4664 pro
1003 4597 1142 4648 nobis
1184 4599 1464 4666 relinquens
1492 4600 1626 4651 vobis
1665 4616 1822 4652 exem-

312 4683 470 4749 plum.
530 4683 599 4734 De
636 4684 733 4734 hoc
773 4684 927 4750 igitur
976 4685 1230 4748 baptismo
1277 4687 1385 4751 ipse
1427 4687 1671 4740 Dominus
1702 4689 1772 4739 ait
1806 4707 1816 4738 :

314 4769 572 4836 Baptismo
631 4771 787 4820 habeo
829 4769 1092 4836 baptizari.
1173 4770 1238 4821 Et
1286 4772 1530 4837 quomodo
1575 4783 1818 4834 coarctor,

314 4855 589 4923 usquedum
612 4857 900 4921 perﬁciatur
932 4857 1076 4925 (Luc.
1105 4873 1201 4919 xu,
1225 4857 1311 4926 50)
1339 4859 1348 4909 !
1382 4857 1526 4910 Filiis
1557 4859 1814 4910 Zebeda‘l:

317 4941 532 4993 Potestis
556 4940 716 4992 bibere
759 4940 964 4993 calicem
990 4982 1004 5005 ,
1051 4959 1194 5010 quem
1219 4959 1307 5011 ego
1339 4942 1583 4996 bibiturus
1615 4961 1743 5005 sum,
1774 4954 1818 4995 et

315 5027 558 5093 baptismo
583 5043 680 5096 quo
715 5042 800 5094 ego
836 5027 1075 5092 baptizor,
1104 5013 1347 5093 baptizari
1388 5028 1568 5096 (Marc.
1603 5046 1663 5089 κ,
1691 5031 1819 5097 58)?

313 5113 605 5180 Baptismas
630 5123 803 5167 autem
833 5129 976 5180 aqum
1001 5123 1117 5175 est,
1156 5129 1270 5180 qua:
1309 5124 1534 5183 tempore
1565 5119 1817 5182 passionis

315 5201 377 5252 de
407 5201 566 5253 latere
584 5201 772 5254 Christi
797 5201 1070 5268 proﬂuxit:
1099 5201 1396 5267 nullumque
1429 5203 1566 5255 aliud
1595 5205 1817 5257 elemen-

317 5297 423 5338 tum
451 5296 550 5348 est,
576 5290 712 5354 quod
747 5290 796 5340 in
831 5290 929 5340 hoc
963 5286 1154 5340 mundo
1196 5297 1380 5355 purget
1432 5301 1635 5355 cuncta,
1680 5297 1814 5360 quod

316 5373 536 5427 \‘ivilicet
565 5376 820 5428 universa.
861 5376 1078 5442 Ideoque
1109 5393 1221 5428 cum
1246 5377 1568 5442 baptizamur
1594 5381 1643 5431 in
1669 5383 1815 5433 libri-

381 5516 402 5540 δ
444 5504 704 5556 Sententia
743 5505 796 5556 Β.
828 5505 1090 5571 Augustini
1120 5505 1290 5557 Trart.
1326 5523 1453 5560 LXXX
1483 5509 1531 5559 in
1563 5508 1707 5560 ,ιι-αι..

1922 4421 2293 4473 resurrectionis
2322 4423 2506 4473 erimus
2529 4435 2547 4470 :
2589 4422 2682 4473 hoc
2705 4425 2930 4485 scientes,
2966 4426 3084 4491 quia
3105 4435 3240 4478 vetus
3267 4437 3434 4480 noster

1919 4511 2065 4561 homo
2093 4509 2243 4562 simul
2267 4510 2539 4575 cruciﬁxus
2563 4520 2634 4561 est
2660 4549 2674 4571 ,
2715 4520 2768 4560 ut
2808 4511 3095 4562 destruatur
3120 4529 3299 4580 corpus
3319 4531 3431 4582 pec-

1919 4595 2038 4655 cati,
2063 4603 2117 4645 ut
2147 4593 2279 4645 ultra
2301 4610 2399 4645 non
2431 4595 2703 4645 serviamus
2732 4598 2950 4661 peccato.
3006 4595 3105 4658 Qui
3139 4599 3268 4650 enim
3291 4617 3424 4651 mor-

1917 4691 2033 4730 tuus
2059 4683 2130 4731 est
2151 4719 2164 4740 ,
2186 4679 2496 4746 justi/icatus
2531 4689 2602 4732 est
2643 4697 2674 4731 a
2709 4689 2928 4748 peccato.
2972 4680 3028 4734 Si
3054 4693 3221 4735 autem
3246 4691 3428 4739 mortui

1916 4781 2089 4817 sumus
2123 4781 2236 4817 cum
2263 4764 2462 4816 Christo
2533 4766 2778 4816 credimus
2804 4767 2919 4832 quia
2945 4767 3094 4818 simu.l
3118 4771 3266 4820 etiam
3298 4772 3426 4823 tire-

1917 4869 2024 4904 mus
2051 4869 2160 4903 cum
2183 4850 2403 4904 Christo.

1982 4941 2198 5005 Quidam
2236 4941 2373 4993 enim
2401 4949 2703 5001 senserunt,
2737 4943 2922 4995 trinam
2970 4933 3080 5019 liciti
3114 4949 3423 5000 mensionem

1914 5037 2123 5095 propter
2175 5027 2444 5080 Trinitatis
2495 5030 2879 5084 venerationem
2921 5048 2933 5080 :
2985 5033 3194 5098 quidam
3250 5042 3423 5088 autem

1913 5125 2122 5182 propter
2138 5114 2386 5168 triduana;
2401 5116 2676 5184 sepultura:
2695 5127 3094 5171 sacramentum.
3110 5119 3220 5176 ,Sed
3241 5122 3424 5174 beatus

1912 5201 2188 5267 Gregorius
2240 5215 2370 5268 papa
2399 5203 2425 5240 ι)
2454 5203 2657 5254 cuidam
2698 5216 2754 5254 se
2799 5202 3132 5272 interroganti
3180 5205 3244 5258 de
3285 5207 3417 5259 trina

1911 5296 1963 5339 et
1988 5286 2167 5353 simpla
2198 5288 2453 5340 mersione
2477 5325 2489 5347 ,
2536 5287 2610 5339 sic
2640 5290 2900 5354 respondit
2927 5306 2940 5341 :
2989 5308 3004 5337 ι
3035 5291 3105 5342 De
3135 5290 3418 5354 tritiaycru

1914 5376 2166 5425 mersione
2196 5373 2514 5441 baptismatis
2536 5375 2658 5425 nihil
2696 5377 2989 5440 responderi
3026 5377 3197 5430 verius
3228 5387 3414 5446 potest,

1981 5504 2002 5537 ιι
2030 5502 2161 5619 ti‘irat
2191 5504 2234 5553 is
2262 5503 2490 5554 Leander
2517 5503 2861 5569 llispalensis,
2892 5505 2953 5556 ςιιί
2983 5520 3133 5572 quem
3159 5514 3232 5559 est
3260 5508 3411 5574 epist.

1991 5571 2024 5619 li
2065 5608 2075 5618 .
2109 5585 2142 5619 ι.

1908 5571 1960 5630 4,
1991 5571 2075 5621 illi.
2109 5585 2142 5620 ι.
