3922 6222
470 373 571 428 863

1468 364 1774 419 LElDRADl
1812 359 2279 416 LL'GDUNENSIS
2321 359 2610 415 lil‘lSCOl‘l

3540 363 3640 417 864

463 496 622 551 quam
664 479 760 549 ipsi
806 477 1070 541 sensistis;
1118 477 1237 544 quia
1283 478 1332 529 in
1380 492 1480 530 una
1527 478 1628 531 tlde
1658 477 1783 529 nihil
1821 473 1992 527 cilicio
2021 480 2061 530 Δ
2092 472 2250 524 ticum
2277 473 2567 524 nullatenus
2598 479 2767 539 potest
2808 472 2909 525 dici
2946 473 3344 541 sempiternum,
3392 476 3519 543 quia
3546 490 3636 529 νεα

466 579 659 624 sanctae
707 567 955 621 Ecclesia:
1006 565 1327 619 consuetudo
1377 565 1600 618 diversa.
1674 563 1779 616 Nos
1822 569 1997 615 autem

464 663 601 730 quod
639 658 795 714 tertio
839 657 1157 727 mergimus,
1210 657 1465 709 triduana:
1500 644 1783 723 sepultura:
1820 667 1999 706 sacra-

464 759 640 803 menta
677 749 943 818 signamus
968 765 979 799 :
1010 755 1066 799 ut
1094 749 1216 799 dum
1247 745 1400 799 tertio
1428 746 1492 797 ab
1513 744 1662 811 aquis
1680 741 1852 795 infans
1874 741 2002 795 edu-

464 842 621 895 citur.
642 839 954 894 resurrectio
971 837 1198 890 triduani
1224 836 1472 904 temporis
1492 835 1834 902 exprimatur.
1851 832 2000 899 Quod

466 929 507 979 si
535 927 653 993 quis
682 926 814 979 forte
839 926 995 978 etiam
1026 939 1120 992 pro
1153 939 1367 977 summa:
1405 922 1679 976 Trinitatis
1706 920 2003 976 veneratio-

466 1031 530 1069 nc
553 1017 808 1076 :estimet;
839 1030 1005 1082 neque
1033 1014 1097 1066 ad
1120 1014 1217 1067 hoc
1241 1013 1435 1081 aliquid
1457 1012 1665 1084 obsistit
1687 1010 2003 1077 baptizando

466 1103 629 1156 semel
665 1101 714 1155 in
744 1103 894 1171 aquis
933 1115 1208 1170 mergere:
1237 1101 1358 1168 quia
1404 1102 1526 1153 dum
1554 1102 1606 1151 in
1633 1099 1801 1152 tribus
1832 1095 2002 1150 subsi-

466 1189 674 1242 stentiis
702 1205 801 1242 una
836 1190 1128 1243 substantia
1154 1198 1265 1250 est,
1303 1186 1711 1254 reprehensibile
1735 1199 1851 1238 esse
1890 1182 2002 1236 nul-

472 1283 675 1333 latenus
724 1288 927 1349 potest,
957 1278 1209 1332 infantem
1241 1277 1292 1333 in
1322 1277 1637 1345 baptismate
1673 1274 1754 1327 vel
1801 1282 1880 1326 ter
1920 1271 2001 1325 vel

468 1370 643 1425 semel,
678 1383 945 1439 mergere;
993 1367 1202 1436 quando
1251 1374 1305 1419 et
1347 1366 1399 1419 in
1448 1366 1616 1419 tribus
1654 1362 2003 1417 mersionibus

472 1474 810 1525 personarum
838 1457 1067 1521 trinitas,
1088 1466 1142 1511 et
1168 1455 1222 1509 in
1252 1470 1356 1508 una
1382 1462 1554 1521 potest
1576 1452 1864 1506 divinitatis
1895 1450 2002 1503 sin-

465 1544 715 1613 gularitas
733 1544 1014 1613 designari.
1046 1562 1063 1594 ι
1120 1542 1224 1595 Sed
1262 1541 1499 1608 quamvis
1524 1541 1576 1593 in
1604 1549 1775 1594 morte
1805 1538 2004 1593 Christi

465 1632 749 1684 secundum
764 1629 1064 1697 Apostolum
1082 1628 1426 1696 baptizamur,
1450 1627 1493 1680 si
1514 1626 1861 1695 przetcrmissa
1873 1636 2001 1693 qua-

467 1721 594 1773 libet
622 1720 909 1772 Trinitatis
952 1711 1174 1787 persona
1218 1718 1507 1785 baptismus
1530 1717 1683 1770 detur
1707 1716 1757 1769 in
1786 1730 2002 1783 regene-

2101 561 2272 613 nientc
2315 560 2533 612 veritate
2583 560 2746 627 ﬁgura
2800 559 3041 613 cessavit.
3105 560 3179 614 De
3222 561 3325 615 hoc
3370 572 3641 628 unguento
3731 590 3735 591 ν

2097 647 2235 715 quod
2262 648 2311 699 in
2337 647 2685 699 sacerdotium
2709 645 2915 715 proﬁcit
2943 647 3320 717 sempiternum
3344 688 3361 711 ,
3404 660 3457 701 ct
3487 648 3636 701 Psal-

2099 738 2253 791 niista
2278 740 2351 790 ait
2376 754 2388 785 :
2418 736 2558 789 Sicut
2585 746 2892 804 unguentum
2934 737 2988 789 iu
3008 738 3170 805 capite
3197 738 3333 806 quod
3374 738 3640 791 descendit

2098 825 2149 875 in
2180 823 2407 884 barbam,
2431 822 2636 874 barbam
2659 821 2850 874 Aaron.
2885 822 3049 891 llujus
3081 838 3206 892 ergo
3234 825 3497 878 unctionis
3523 840 3643 891 quae

2100 911 2149 961 in
2188 908 2398 962 Christo
2443 910 2701 963 veraciter
2742 908 3003 977 completa
3044 919 3125 963 est
3149 950 3162 971 ,
3207 921 3261 964 et
3301 913 3352 963 in
3383 911 3645 965 membris

2097 999 2211 1065 ejus
2226 1000 2468 1067 quotidie
2501 1000 2763 1069 impletur,
2794 999 2961 1069 figura
2987 1000 3192 1054 exstitit
3226 984 3404 1053 unetio
3438 1001 3546 1065 illa,
3583 1001 3645 1053 de

2098 1105 2200 1156 qua
2232 1090 2283 1142 in
2324 1090 2499 1142 Veteri
2535 1088 2867 1143 Testamento
2894 1088 3117 1159 legimus
3145 1090 3215 1142 ita
3245 1109 3256 1141 :
3290 1089 3425 1141 Tulit
3470 1102 3644 1141 autem

2099 1174 2306 1227 Samuel
2330 1176 2622 1227 lenticulam
2649 1175 2745 1228 olei
2772 1215 2785 1239 ,
2823 1184 2867 1227 et
2908 1176 3088 1242 eﬂ'udit
3118 1192 3269 1241 super
3304 1187 3457 1243 caput
3505 1177 3643 1243 ejus,

2100 1266 2150 1317 id
2180 1275 2257 1319 est
2285 1265 2476 1329 Saulis,
2506 1277 2559 1319 et
2583 1266 2914 1320 deosculatus
2940 1268 3010 1319 ait
3045 1286 3057 1319 :
3090 1268 3220 1319 Ecce
3233 1268 3252 1318 .'
3288 1270 3431 1320 unxit
3461 1280 3507 1320 te
3538 1269 3646 1321 Do-

2097 1355 2265 1406 minus
2292 1371 2442 1423 super
2472 1354 2817 1408 Ita'reditatcm
2843 1371 2990 1407 suam
3016 1356 3068 1407 in
3098 1356 3393 1422 principem.
3446 1356 3511 1407 Et
3545 1356 3646 1408 ite-

2100 1457 2214 1493 rum
2244 1460 2255 1493 :
2290 1441 2425 1493 Tulit
2454 1442 2610 1511 igitur
2654 1441 2861 1495 Samuel
2899 1459 3056 1494 cornu
3090 1442 3206 1505 olei,
3233 1452 3278 1495 et
3318 1444 3466 1494 unxit
3506 1459 3645 1502 eum,

2101 1529 2149 1579 id
2177 1538 2275 1590 est,
2301 1529 2485 1592 David,
2512 1530 2561 1581 in
2587 1530 2753 1581 media
2794 1528 3011 1597 fratrum
3040 1530 3180 1599 ejus,
3226 1541 3273 1582 et
3314 1530 3540 1584 directus
3576 1542 3649 1583 est

2099 1617 2306 1683 spiritus
2346 1616 2554 1669 Domini
2595 1618 2647 1669 in
2693 1616 2856 1669 David
2901 1635 2932 1669 a
2979 1619 3062 1677 die
3103 1618 3192 1671 illa
3236 1621 3366 1671 etin
3392 1620 3651 1687 reliquum

2102 1703 2150 1773 (l
2177 1703 2293 1773 Reg.
2332 1719 2441 1767 xvi,
2470 1704 2576 1772 15).
2616 1703 2669 1756 in
2699 1702 2887 1772 quibus
2908 1718 3115 1772 quoque
3147 1704 3321 1757 verbis
3346 1705 3647 1757 notandum

447 1807 682 1861 ‘rationis
712 1782 1075 1865 solemnitate,
1109 1806 1236 1858 nihil
1272 1782 1470 1874 agitur;
1503 1804 1603 1857 nisi
1634 1811 1743 1856 tota
1772 1782 2003 1855 Trinitas
2034 1782 2076 1838 Β
2102 1793 2178 1845 es!
2201 1790 2339 1859 quod
2362 1801 2481 1860 post
2507 1792 2828 1855 unctionem.
2850 1791 2956 1845 imo
2982 1806 3078 1861 per
3105 1791 3425 1854 unctionem.
3451 1792 3651 1860 diriga-

466 1899 769 1950 invoeetur;
815 1896 946 1960 Quia
985 1896 1192 1948 nonnisi
1238 1894 1289 1947 in
1324 1909 1427 1947 uno
1470 1893 1680 1946 nomine
1713 1891 1906 1954 Patris,
1951 1899 2004 1943 et

466 1987 603 2047 Filii,
632 1997 686 2040 et
725 1987 952 2054 Spiritus
996 1986 1163 2039 sancti
1210 1985 1453 2053 baptismi
1496 1982 1853 2038 sanctiﬁcatur
1889 1982 2001 2036 olli-

465 2076 604 2128 cium

538 2164 834 2230 Itaptisnius
881 2172 1054 2215 autem
1102 2152 1203 2214 non
1245 2168 1325 2213 est
1366 2160 1623 2222 hominis,
1671 2160 1760 2213 sed
1786 2158 1998 2212 Christi.

468 2252 689 2319 “eoque
719 2252 843 2303 nihil
876 2252 1093 2305 interest
1120 2252 1398 2304 haereticus
1436 2266 1502 2302 an
1544 2249 1709 2302 tidelis
1735 2249 1999 2316 baptizet;

468 2339 589 2405 quia
612 2349 997 2391 sacramentum
1029 2346 1133 2391 tam
1160 2348 1399 2392 sanctum
1424 2346 1522 2400 est,
1544 2347 1602 2390 ut
1629 2352 1725 2389 nec
1747 2335 2003 2389 homicida
2029 2379 2041 2390 .

473 2428 802 2481 ministrante
850 2427 1127 2495 polluatur.
1205 2427 1369 2481 liabet
1433 2428 1643 2500 quidem
1687 2427 2004 2494 baptismum

468 2515 662 2567 Christi
686 2509 990 2573 haereticus;
1031 2516 1121 2567 sed
1148 2514 1269 2580 quia
1296 2523 1444 2566 extra
1472 2514 1723 2568 unitatem
1748 2513 1866 2567 ﬁdei
1903 2523 2004 2575 est,

471 2602 597 2653 nihil
628 2601 699 2653 illi
746 2602 997 2667 prodest.
1034 2600 1102 2653 At
1137 2601 1221 2654 ubi
1250 2601 1516 2670 ingressus
1553 2600 1679 2661 fuit,
1708 2601 1888 2654 statim
1914 2601 2008 2653 be—

469 2690 719 2757 ptisnmm
766 2688 904 2756 quod
935 2688 1151 2742 haberet
1196 2687 1324 2742 foris
1361 2689 1428 2741 ad
1473 2689 1797 2755 perniciem,
1828 2688 2010 2755 incipit

473 2774 669 2842 illijam
703 2776 952 2842 prodesse
997 2773 1062 2826 ad
1108 2775 1349 2832 salutem.
1408 2775 1540 2837 Quia
1586 2775 1663 2827 sic
1695 2775 1891 2828 habent
1918 2776 2009 2828 ba-

473 2865 721 2932 ptismum
761 2863 1023 2927 haeretici,
1072 2863 1333 2930 quomodo
1372 2864 1609 2917 desertor
1639 2864 1796 2917 habet
1822 2866 2012 2918 chara-

472 2963 669 3005 cterem
696 2970 707 3004 :
736 2960 788 3005 et
824 2960 996 3005 tamen
1033 2952 1075 3006 si
1106 2954 1342 3006 desertor
1366 2954 1475 3021 ipse
1497 2962 1767 3007 correctus
1796 2955 2012 3022 incipiat

476 3040 731 3105 militare,
772 3057 873 3095 non
913 3041 959 3095 ei
1006 3042 1163 3095 audet
1195 3042 1473 3109 quisquam
1509 3042 1867 3095 characterem
1894 3057 2009 3095 mu—
2033 3076 2080 3139 ϐ

475 3137 607 3181 tare.

1062 3215 1283 3270 CAPUT
1319 3215 1423 3269 ΥΠ.

965 3304 1042 3358 De
1085 3322 1234 3359 sacra
1277 3307 1530 3359 unctione.

544 3391 668 3446 Post
696 3393 961 3447 lavacrum
1008 3394 1273 3461 ungimur,
1318 3400 1377 3445 ut
1414 3392 1611 3447 Christi
1646 3393 1856 3447 nomine
1880 3408 2007 3448 cen-

475 3494 702 3532 seamur.
742 3478 982 3533 Chrisma
1008 3480 1148 3533 enim
1168 3480 1345 3533 unctio
1374 3479 1766 3544 interpretatur,
1793 3480 1927 3533 sicut
1957 3488 2012 3535 et

474 3566 715 3617 Christus
740 3604 755 3628 ,
800 3572 1017 3629 unctus;
1054 3580 1159 3632 qua
1190 3564 1434 3618 unctione
1460 3564 1721 3619 eﬂicimur-
1738 3579 1899 3635 genus
1924 3582 2009 3621 rc-

477 3652 639 3719 gium.
683 3652 737 3704 in
762 3651 933 3705 Veteri
966 3666 1193 3719 namque
1225 3651 1561 3705 Testamento
1601 3668 1702 3705 non
1726 3653 1893 3707 solum
1928 3668 2012 3707 re-

475 3753 567 3805 ges
592 3748 644 3791 et
674 3738 971 3792 sacerdotes
1008 3739 1358 3808 ungebantur,
1395 3740 1486 3793 sed
1511 3740 1670 3793 etiam
1688 3740 2010 3796 tabernacu-

477 3822 585 3878 lum
612 3827 914 3888 testimonii,
945 3828 1083 3893 quod
1106 3826 1328 3881 Domino
1351 3829 1685 3896 praecipiente
1710 3830 2009 3886 institutum

476 3922 579 3978 est,
604 3928 753 3968 sacra
779 3917 1024 3969 unctione
1058 3915 1439 3970 sanctiﬁcatum
1460 3926 1559 3981 est,
1588 3919 1797 3973 dicente
1831 3920 2010 3975 Domi-

478 4017 548 4055 no
573 4001 639 4055 ad
666 4001 893 4071 Moysem
935 4021 948 4055 :
998 4002 1349 4057 Circumdabis
1388 4006 1578 4058 atrium
1599 4008 1827 4061 tentoriis
1854 4018 1900 4061 et
1932 4011 2012 4063 in-

479 4111 708 4164 gressum
732 4094 865 4165 ejus,
894 4103 941 4148 et
965 4106 1225 4164 assumpto
1263 4096 1516 4148 unctionis
1537 4095 1647 4149 oleo
1670 4112 1824 4166 unges
1846 4098 2011 4151 taber-

479 4172 719 4241 naculum
742 4202 857 4239 cum
882 4182 1018 4239 vasis
1050 4188 1157 4240 suis
1182 4194 1237 4238 ut
1276 4185 1695 4253 sancti/iocatur;
1734 4186 1895 4241 altare
1927 4189 2011 4241 Ito-

480 4276 695 4328 locausti
718 4314 733 4339 ,
779 4278 841 4327 et'
867 4275 1039 4329 omnia
1062 4290 1185 4327 uasa
1206 4275 1336 4344 ejus,
1366 4273 1567 4328 labrum
1605 4291 1720 4328 cum
1760 4275 1868 4330 basi
1892 4293 2006 4341 sua,

2106 1888 2190 1931 tur
2211 1880 2424 1947 spiritus
2446 1879 2651 1933 Domini
2685 1881 2735 1932 in
2761 1879 2945 1943 David,
2976 1881 3111 1933 sicut
3134 1880 3185 1933 in
3211 1880 3444 1933 Ecclesia
3472 1880 3652 1931 credi-

2102 1983 2216 2019 mus
2235 1982 2329 2034 pcr
2347 1968 2645 2021 chrismatis
2666 1969 2961 2022 unctionem
2984 1977 3036 2022 et
3051 1984 3236 2041 manus
3257 1970 3439 2038 imposi
3450 1971 3653 2023 tionem

2100 2056 2212 2109 dari
2238 2056 2487 2124 Spiritum
2516 2066 2774 2111 sanctum.
2812 2057 2943 2111 Nam
2970 2062 3105 2113 sicut
3140 2061 3193 2113 in
3222 2062 3486 2129 baptismo
3514 2075 3648 2130 pec-

2101 2152 2333 2196 catorum
2366 2144 2602 2197 remissio
2629 2146 2814 2207 datur,
2857 2147 2928 2197 ita
2967 2161 3057 2214 per
3086 2149 3387 2201 unctionem
3411 2150 3655 2203 sanctiﬁ-

2101 2230 2239 2283 catio
2265 2229 2492 2299 Spiritus
2515 2232 2814 2285 adhibetur.
2855 2230 2919 2285 Et
2951 2233 3049 2286 hoc
3077 2235 3214 2300 quod
3250 2235 3447 2308 dictum
3474 2243 3555 2288 est
3587 2236 3656 2288 de

2101 2319 2318 2385 pristina
2369 2319 2676 2387 disciplina,
2726 2336 2826 2390 qun
2874 2322 2996 2389 ungi
3040 2322 3090 2374 in
3129 2321 3483 2375 sacerdotium
3514 2332 3565 2375 et
3598 2323 3653 2374 in

2104 2422 2319 2475 regnum
2343 2408 2600 2470 solebant,
2629 2424 2745 2475 qua:
2763 2409 2889 2462 dum
2912 2409 3195 2462 carnaliter
3222 2409 3299 2473 ﬁt,
3328 2410 3649 2479 spiritaliter

2102 2498 2347 2565 prolicit:
2391 2499 2651 2565 quomodo
2679 2500 2810 2551 etin
2840 2501 2949 2567 ipsa
2994 2498 3240 2567 baptismi
3287 2502 3476 2569 gratia,
3524 2502 3657 2553 visi-

2102 2587 2223 2639 bilis
2264 2588 2476 2655 quidem
2516 2597 2663 2641 actus
2706 2586 2843 2655 quod
2882 2588 2935 2639 in
2964 2602 3152 2655 aquam
3193 2588 3505 2657 mergimur,
3553 2590 3655 2641 sed

2104 2678 2356 2747 spiritalis
2377 2676 2595 2731 cil'eetus
2626 2678 2765 2745 quod
2800 2676 3003 2730 delictis
3030 2676 3365 2729 inundamur.
3423 2675 3656 2744 Propter

2106 2768 2246 2836 quod
2270 2778 2325 2820 et
2366 2775 2695 2821 sacramenta
2726 2766 2989 2829 dicuntur,
3038 2766 3159 2833 quia
3206 2764 3305 2819 sub
3344 2773 3655 2834 legumento

2106 2855 2454 2924 corporalium
2489 2869 2663 2908 rerum
2698 2854 2868 2907 virtus
2906 2854 3081 2906 divina
3127 2853 3386 2907 secretius
3422 2851 3655 2906 salutem

2106 2936 2408 2999 earumdem
2450 2951 2899 2999 sacramentorum
2943 2952 3209 3011 operetur.
3279 2942 3429 3010 Quod
3469 2953 3657 2997 autem

2113 3032 2432 3102 presbyteris
2455 3032 2578 3086 licet
2601 3032 2773 3101 capita
2800 3030 3183 3099 baptizatorum
3222 3031 3507 3087 chrismate
3546 3049 3654 3086 un-

2109 3135 2252 3189 gere,
2281 3121 2420 3188 quod
2443 3127 2617 3173 tamen
2657 3120 2723 3173 ab
2758 3119 3005 3187 episcopo
3041 3118 3200 3172 fuerit
3242 3129 3656 3184 consecratum;

2107 3224 2210 3263 non
2238 3218 2411 3263 tamen
2441 3208 2664 3263 frontem
2698 3209 2909 3277 signare
2926 3245 2942 3271 ,
2970 3207 3107 3275 quod
3134 3208 3258 3262 solis
3284 3208 3506 3262 debetur
3539 3211 3660 3278 epi-

2038 3372 2041 3373 ν
2108 3300 2283 3367 scopis
2306 3314 2425 3354 cum
2448 3299 2660 3352 tradunt
2690 3297 2944 3367 Spiritum
2972 3298 3283 3367 paraclitum
3301 3338 3317 3364 ,
3345 3301 3457 3353 [nec
3483 3315 3659 3353 causa

2108 3399 2224 3443 est:
2253 3404 2371 3442 nam
2402 3389 2522 3443 licet
2560 3390 2663 3442 sint
2698 3398 2752 3443 et
2783 3389 3077 3459 presbyteri
3112 3391 3443 3452 sacerdOtcs,
3476 3392 3661 3459 ponti-

2108 3477 2297 3531 ﬁcatus
2322 3485 2492 3530 tamen
2536 3478 2737 3545 apicem
2775 3493 2878 3532 non
2922 3477 3136 3530 habent.
3178 3475 3288 3530 Hoc
3314 3486 3491 3531 autem
3521 3479 3660 3532 solis

2108 3552 2443 3635 pontiﬁcibus
2468 3564 2682 3628 deberi,
2719 3580 2821 3619 non
2850 3564 3020 3618 solum
3047 3554 3369 3619 consuetudo
3406 3566 3663 3619 ecclesia-

2109 3655 2240 3709 stiea
2285 3655 2629 3718 demonstrat,
2656 3668 2838 3707 verum
2863 3655 3021 3710 etiam
3045 3654 3268 3708 Aetuum
3293 3656 3659 3723 apostolorum

2110 3741 2264 3795 lectio
2286 3780 2300 3804 ,
2339 3756 2455 3809 qua:
2499 3728 2729 3805 asserit,
2774 3741 2990 3796 Petrum
3013 3752 3067 3795 et
3100 3742 3354 3795 Joannem
3384 3742 3660 3808 apostolos

2112 3826 2403 3881 Samariam
2430 3827 2591 3883 fuisse
2618 3830 2864 3894 directos,
2905 3831 2996 3897 qui
3030 3828 3143 3896 jam
3170 3830 3448 3898 baptizatis
3475 3832 3661 3883 trade-

2114 3928 2229 3971 rent
2258 3918 2509 3987 Spiritum
2554 3930 2812 3974 sanctum.
2872 3922 2948 3976 De
2984 3923 3174 3991 quibus
3216 3925 3374 3976 etiam
3413 3924 3609 3977 dicitur
3641 3944 3653 3975 :

2113 4008 2397 4063 Oraeerunt
2423 4028 2513 4080 pro
2544 4011 2646 4065 illis
2688 4022 2743 4066 ut
2782 4014 3060 4081 acciperent
3104 4012 3355 4082 Spiritum
3391 4022 3656 4066 sanctum.

2112 4086 2199 4150 Et:~
2227 4112 2332 4165 quo
2368 4101 2662 4155 ostenditur
2706 4102 2828 4168 quia
2855 4100 3105 4169 Spiritum
3143 4110 3380 4155 sanctum
3410 4101 3662 4170 accipere

2111 4200 2422 4253 possumus,
2454 4192 2581 4242 dare
2611 4203 2713 4242 non
2740 4204 3050 4257 possumus;
3082 4191 3173 4243 sed
3205 4199 3264 4244 ut
3290 4190 3446 4243 detur
3474 4187 3687 4242 Domi-.

2113 4288 2237 4327 num
2264 4276 2587 4331 invocamus.
2649 4277 2714 4330 Et
2738 4286 3017 4347 propterea
3060 4278 3119 4330 tit
3151 4293 3339 4335 manus
3364 4277 3656 4347 impositio,

483 4363 653 4416 omnia
678 4363 929 4417 unctionis
954 4362 1065 4416 oleo
1094 4364 1441 4426 consecrabis,
1472 4372 1527 4415 ut
1552 4366 1654 4417 sint
1676 4376 1853 4419 sancta
1890 4384 2012 4420 san-
2037 4381 2089 4441 ι)
2114 4372 2171 4416 ιιι
2197 4378 2290 4431 per
2315 4364 2606 4418 orationem
2634 4372 2686 4418 et
2715 4364 3129 4420 benedictionem
3156 4365 3441 4419 advocatus
3460 4365 3659 4418 invite-

483 4461 700 4505 clarum.
738 4451 850 4507 Non
875 4453 1043 4507 solum
1066 4453 1263 4516 altare,
1294 4467 1476 4508 verum
1500 4455 1658 4509 etiam
1691 4456 1866 4508 omnia
1891 4470 2017 4509 vasa

482 4540 598 4594 oleo
623 4550 1015 4605 consecrantur,
1057 4543 1179 4610 quia
1208 4544 1382 4597 omnia
1412 4545 1645 4598 membra
1672 4546 1906 4600 ecclesia:
1926 4561 2020 4615 per

482 4628 711 4681 chrisma
736 4627 1023 4682 Christiani
1067 4629 1384 4683 efﬁciuntur.
1441 4631 1752 4687 Sacerdotes
1790 4650 2019 4702 quoque,

485 4715 536 4768 id
582 4723 665 4769 est
706 4714 884 4769 Aaron
908 4723 963 4770 et
996 4715 1088 4770 tilil
1118 4716 1261 4785 ejus,
1320 4720 1374 4771 in
1413 4727 1537 4789 typo
1577 4720 1821 4790 baptismi
1865 4734 2019 4778 antea

484 4817 618 4869 aqua
664 4803 923 4866 lavantur,
968 4811 1021 4857 et
1064 4813 1244 4872 postea
1280 4815 1564 4875 unguntur,
1604 4810 1737 4863 sicut
1764 4810 2013 4866 Dominus

484 4892 549 4943 ad
580 4889 807 4958 Moysem
842 4891 957 4945 ait:
1006 4891 1295 4959 Applicabis
1336 4893 1509 4948 Aaron
1550 4905 1598 4948 et
1636 4896 1770 4963 ﬁlios
1795 4898 1905 4966 ejus
1945 4900 2012 4951 ad

486 4979 620 5045 fores
639 4978 953 5033 tabernaculi
982 4982 1274 5047 testimonii,
1299 4992 1346 5037 et
1374 4983 1503 5039 lotos
1525 5002 1659 5055 aqua
1690 4986 1868 5040 induce
1894 5004 2013 5039 san-

486 5065 578 5117 ctis
605 5065 845 5129 vestibus,
892 5076 948 5119 ut
990 5068 1274 5122 ministrent
1301 5071 1457 5135 mihi,
1492 5082 1540 5125 et
1568 5074 1738 5127 unctio
1756 5090 1931 5127 eorum
1959 5075 2012 5128 in

487 5152 823 5205 sacerdotium
868 5152 1101 5222 proﬁciat
1140 5157 1498 5223 sempiternum
1545 5156 1736 5227 (Exod.
1777 5161 1873 5222 XL,
1902 5159 2007 5229 l5).

488 5239 544 5291 ln
568 5241 758 5307 quibus
779 5242 951 5295 verbis
974 5244 1258 5297 notandum
1283 5244 1433 5299 valde
1454 5253 1533 5298 est
1558 5247 1695 5313 quod
1728 5248 1905 5301 unctio
1929 5247 2014 5300 illa

490 5327 663 5394 typica
692 5328 744 5381 in
768 5330 1116 5385 sacerdotium
1146 5333 1384 5401 proﬁciat
1422 5336 1794 5404 sempiternum
1818 5377 1834 5400 ,
1878 5337 2015 5405 quod

492 5421 575 5466 est
598 5413 793 5470 Christi
812 5426 864 5470 et
892 5417 1155 5473 Ecclesim.
1186 5420 1315 5475 Nam
1341 5424 1687 5477 sacerdotium
1710 5424 1835 5477 illud
1862 5422 2015 5477 Levi-

563 5552 601 5621 ι.
626 5540 736 5621 Non
762 5555 913 5621 erant
932 5561 1293 5621 eumApeccato
1329 5552 1567 5619 originali
1598 5554 1812 5618 apostoli
1851 5569 2017 5621 quan-

495 5606 562 5661 do
589 5607 829 5679 baptizati
856 5627 992 5669 sunt.
1051 5606 1248 5672 Sensus
1276 5634 1399 5688 ergo
1413 5606 1529 5684 "est,
1565 5606 1718 5675 tal'cm
1746 5606 1905 5677 fuisse
1932 5622 2007 5676 eis

2113 4460 2200 4504 tur
2246 4450 2473 4520 Spiritus
2518 4462 2768 4507 sanctus:
2816 4462 2871 4508 et
2906 4463 3029 4508 tunc
3074 4453 3161 4507 ille
3190 4454 3504 4516 Paraclitus,
3530 4460 3660 4520 post

2112 4542 2325 4604 munda,
2353 4541 2623 4595 benedicta
2663 4550 2718 4596 et
2754 4550 2913 4595 uncta
2953 4556 3172 4611 corpora
3192 4581 3206 4606 ,
3234 4542 3401 4596 libens
3436 4556 3465 4594 a
3492 4539 3660 4594 Patre

2112 4627 2397 4681 descendit.

2182 4714 2353 4779 Quazri
2389 4722 2562 4769 autem
2607 4730 2637 4767 a
2679 4717 2991 4784 quibusdam
3035 4716 3199 4779 sciet,
3247 4730 3368 4768 cum
3412 4712 3530 4768 fons
3558 4714 3656 4768 ba-

2116 4803 2375 4870 ptismatis
2395 4804 2510 4858 sine
2535 4803 2734 4871 Spiritu
2754 4814 2935 4858 sancto
2953 4802 3249 4856 nullatenus
3269 4801 3653 4867 sanetillcetur,

2115 4906 2285 4961 neque
2310 4893 2422 4946 sine
2445 4906 2508 4945 eo
2532 4901 2865 4959 peccatorum
2893 4893 3133 4948 remissio
3157 4892 3401 4955 donetur,
3438 4905 3534 4945 cur
3562 4905 3657 4947 Ite-

2114 4996 2263 5037 ecssc
2300 4989 2381 5033 est
2425 4989 2604 5049 postea
2648 4981 2762 5035 ﬁeri
2805 4996 3051 5035 manuum
3091 4980 3514 5048 impositionem?
3541 4976 3654 5033 Sed

2114 5070 2380 5123 sciendum
2412 5069 2589 5122 multis
2620 5070 2786 5124 modis
2823 5070 2935 5124 dari
2976 5069 3229 5137 Spiritum
3254 5076 3511 5131 sanctum,
3542 5080 3655 5121 non

2117 5158 2284 5211 solum
2311 5158 2362 5210 in
2383 5156 2663 5225 baptismo,
2693 5158 2783 5212 sed
2808 5158 2966 5211 etiam
3000 5164 3118 5225 post
3140 5156 3477 5225 baptismum.
3514 5152 3653 5208 Nam

2114 5246 2271 5297 etiam
2309 5244 2436 5313 ipsis
2477 5246 2725 5312 apostolis
2750 5246 3011 5299 credimus
3039 5244 3090 5297 in
3111 5244 3369 5314 baptismo
3395 5242 3653 5298 donatam
3728 5314 3733 5320 ἤ

2117 5332 2369 5400 Spiritum
2399 5343 2658 5396 sanctum,
2699 5342 2758 5386 ut
2786 5335 3176 5389 remitterentur
3201 5346 3384 5387 eorum
3404 5341 3653 5399 peccata,

2116 5423 2224 5476 sive
2245 5437 2337 5490 per
2364 5422 2613 5490 originem
2638 5432 2800 5477 tracta
2824 5440 2871 5487 ι,
2903 5425 3011 5479 sive
3030 5423 3296 5477 voluntate
3322 5428 3654 5490 perpetrata.

2118 5555 2290 5631 datum
2337 5552 2588 5631 Spiritum
2616 5594 2627 5615 ,
2659 5555 2745 5623 qui
2777 5569 2957 5609 omnes
3000 5566 3160 5623 genus
3197 5558 3537 5620 peccatorum
3564 5564 3659 5607 ro-

2119 5630 2324 5674 mntcre
2344 5630 2537 5689 posset.
