3922 6222
226 363 325 415 865

1187 361 1380 415 LIBER
1420 363 1506 415 DE
1543 357 1995 416 SACRAMENTO
2034 359 2338 413 DAPTISMI

3278 363 3380 417 860

220 467 415 517 lterum
442 471 561 532 post
586 462 1278 540 resurrectionemlDomiai,
1310 467 1480 520 adhuc
1509 468 1620 535 ipso
1651 467 1750 520 Do-
1779 469 1822 525 Α
1851 466 2097 533 impletur
2128 466 2177 518 in
2204 466 2356 518 nobis
2381 468 2518 534 quod
2543 468 2733 522 dicitur
2757 487 2767 497 ·
2800 469 2980 525 Ponite
3002 473 3222 527 cidarim
3245 491 3391 528 mun-

224 555 365 607 mino
394 556 445 606 in
481 561 620 607 terra
649 552 990 616 consistente,
1013 563 1325 620 acceperunt
1355 552 1602 621 Spiritum
1628 568 1750 606 san-

223 653 385 702 ctum,
414 649 472 693 ut
505 640 761 693 haberent
779 648 1097 706 potestatem
1127 640 1208 693 vel
1229 641 1490 693 dimittere
1520 642 1600 695 vel
1625 643 1754 695 deti-

223 742 347 780 nere
371 727 591 779 aliomm
615 735 848 794 peccata.
903 726 1052 782 Sicut
1077 727 1326 794 scriptum
1360 736 1440 780 est
1473 747 1484 778 :
1530 729 1754 796 Accipite

221 813 470 882 Spiritum
519 825 769 867 sanctum.
820 813 1048 878 Quorum
1085 815 1376 870 dimiseritis
1403 826 1628 884 peccata,
1675 817 1754 868 di-

221 907 516 966 mittentur;
543 916 589 957 et
613 921 828 973 quorum
850 904 1188 970 detinueritis,
1213 905 1410 958 detenta
1438 915 1602 959 erunt.
1625 906 1755 959 Ter-

222 993 298 1045 tio
344 1001 654 1062 acceperunt
706 993 960 1062 Spiritum
1013 1001 1249 1048 sanctum
1289 991 1398 1058 jam
1445 993 1663 1046 Domino
1700 995 1751 1046 in

220 1084 354 1137 ratio
394 1084 638 1146 sedente,
688 1091 747 1136 ut
795 1079 1049 1136 baberent
1087 1084 1221 1137 dona
1261 1083 1464 1136 diversa
1495 1083 1546 1134 in
1572 1082 1754 1134 eodem

220 1170 454 1240 Spiritu;
487 1171 539 1223 id
566 1179 668 1234 est,
694 1171 911 1238 gratiam
936 1171 1214 1223 sanitatum
1234 1208 1248 1232 ,
1275 1169 1612 1236 operationem
1650 1170 1752 1220 vir-

219 1268 406 1320 tutum,
437 1258 782 1327 prophetiam,
832 1258 1184 1311 discretionem
1227 1256 1525 1324 spirituum,
1571 1271 1752 1322 genera

218 1347 548 1416 linguarum,
591 1347 1051 1411 interpretationem
1089 1361 1398 1399 sermonum.
1440 1342 1549 1396 Non
1589 1342 1753 1396 solum

219 1445 396 1486 autem
425 1434 491 1485 ad
520 1434 632 1486 bare
660 1433 903 1486 sublimia
932 1433 1066 1486 dona
1088 1430 1444 1500 percipienda,
1487 1431 1576 1484 sed
1595 1431 1752 1482 etiam

216 1521 285 1574 ad
307 1535 464 1574 omne
510 1535 641 1587 opus
673 1520 866 1573 bonum
896 1520 1157 1573 credimus
1193 1520 1304 1572 dari
1350 1517 1599 1586 Spiritum
1637 1531 1756 1570 san-

218 1617 383 1660 ctum.
425 1607 722 1676 Quicunque
749 1608 902 1668 enim,
949 1606 1021 1658 ait
1057 1606 1373 1672 Apostolus,
1415 1603 1607 1673 Spiritu
1658 1602 1755 1654 Dei

218 1705 462 1762 aguntur,
507 1695 558 1746 lii
593 1694 690 1761 ﬁlii
715 1703 832 1746 sunt
861 1695 983 1764 .Dei.
1037 1693 1173 1760 Ergo
1216 1694 1270 1746 in
1298 1692 1557 1762 baptismo
1587 1691 1645 1744 fit
1670 1705 1754 1743 re-

1851 555 1971 608 dam
2001 571 2155 623 super
2177 564 2327 621 caput
2353 557 2494 622 ejus,
2525 567 2570 608 et
2604 559 2878 612 induerunt
2917 577 3028 612 eum
3057 561 3295 616 vestibus.
3323 563 3392 616 Ct

1850 644 2159 696 audiamus:
2194 641 2390 695 Fuistis
2434 644 2710 714 aliquando
2755 647 3002 710 tenebrat,
3049 665 3182 702 nunc
3223 662 3391 704 autem

1850 731 1941 784 lux
1962 733 2015 784 in
2033 732 2272 784 Domino.
2303 732 2400 797 Qui
2442 749 2538 801 per
2577 735 2892 802 baptismum
2938 739 3178 791 tenebras
3221 737 3385 806 Eg)”

1849 822 2078 888 ptiorum
2107 821 2318 882 evadit,
2361 829 2412 873 et
2455 837 2646 890 corpus
2694 824 2888 876 Christi
2926 825 3164 887 edicitur,
3202 827 3394 879 merito

1849 908 2179 962 vestimentis
2197 908 2331 962 albis
2353 910 2615 973 induitur;
2634 911 2753 978 quia
2770 921 2822 964 et
2837 927 2958 965 caro
2979 913 3173 967 Christi
3197 915 3392 967 mundo

1851 994 2009 1047 linteo
2038 995 2270 1048 involuta
2297 996 2497 1064 sepulta
2527 1005 2624 1050 est.
2647 997 2744 1061 Qui
2783 1014 2903 1060 cum
2928 999 3139 1054 Christo
3165 1005 3332 1072 surgit
3361 1021 3390 1056 a

1850 1091 2020 1136 morte
2041 1098 2135 1152 per
2165 1085 2443 1136 transitum
2475 1087 2610 1138 sacri
2638 1086 2824 1150 fontis,
2853 1090 3037 1141 merito
3065 1089 3196 1143 albis
3224 1093 3396 1144 indui-

1854 1177 1976 1221 tur:
2006 1171 2126 1238 quia
2157 1179 2212 1224 ct
2238 1180 2396 1224 testes
2427 1175 2832 1228 resurrectionis
2856 1175 2994 1228 illius
3017 1178 3183 1231 sancti
3218 1180 3389 1248 angeli

1856 1259 1906 1311 in
1936 1258 2069 1311 albis
2094 1267 2450 1326 apparuerunt
2476 1261 2729 1314 vestibus.

1918 1344 2064 1398 Alba:
2091 1353 2264 1403 autem
2293 1355 2468 1399 restes
2505 1348 2888 1416 baptizatorum
2919 1358 3026 1405 tres
3051 1353 3392 1421 significatio-

1855 1447 1948 1486 nes
1975 1442 2196 1500 gestant.
2227 1433 2394 1487 Unam
2433 1435 2495 1487 de
2526 1437 2825 1503 prieterito,
2856 1453 2970 1506 qum
3007 1440 3141 1494 facta
3185 1452 3266 1497 est
3298 1459 3396 1514 per

1855 1521 2240 1573 innovationem
2287 1522 2637 1597 baptismatis.-
2662 1523 2830 1577 Aliam
2875 1527 2938 1579 de
2980 1531 3246 1594 praesenti,
3277 1547 3394 1600 quce

1855 1608 1914 1660 tit
1933 1623 2030 1677 per
2052 1610 2330 1664 candorem
2355 1611 2629 1676 virtutum,
2653 1615 2789 1667 sicut
2809 1617 3064 1684 scriptum
3092 1629 3173 1672 est
3199 1639 3210 1671 :
3241 1619 3394 1675 Omni

1855 1703 2075 1764 tempore
2101 1698 2205 1748 sint
2240 1698 2534 1751 vestimenta
2579 1709 2666 1752 tua
2706 1703 2944 1756 candida.
2971 1704 3042 1757 De
3067 1708 3256 1774 quibus
3299 1711 3392 1762 ite-

217 1784 405 1838 missio
442 1793 774 1852 peccatorum
796 1823 810 1846 ,
856 1785 910 1836 in
955 1783 1283 1852 impositione
1306 1797 1552 1835 manuum
1574 1781 1758 1856 _conl'e-
1789 1776 1830 1832 Β
1861 1797 1977 1834 rum
2010 1782 2203 1836 dicitur
2230 1801 2241 1835 :
2271 1784 2460 1838 Beatus
2482 1787 2567 1855 qui
2595 1787 2766 1856 vigilat
2789 1800 2835 1841 et
2861 1792 3076 1844 custodit
3100 1796 3393 1848 vestintenta

219 1884 412 1926 runtur
431 1851 563 1928 dona
607 1873 858 1926 virtutum
886 1914 900 1936 ,
953 1851 1090 1928 sicut
1129 1874 1317 1929 Petrus
1349 1851 1614 1941 apostoliis
1642 1873 1718 1926 ait
1744 1892 1756 1925 :

217 1963 517 2030 Baptizetur
542 1962 751 2032 quisque
785 1972 1000 2015 vestrum
1044 1963 1100 2016 in
1136 1964 1336 2016 nomine
1370 1961 1575 2016 Domini
1601 1964 1760 2041 nostri

216 2049 346 2102 Iesu
373 2049 560 2103 Christi
601 2053 655 2102 in
691 2051 1038 2103 remissionem
1078 2059 1397 2118 peccatorum
1423 2059 1476 2103 ut
1499 2051 1761 2120 accipiatis

216 2139 408 2191 donum
426 2137 646 2206 Spiritus
671 2140 831 2190 sancti
859 2137 990 2207 (Act.
1017 2154 1076 2202 ιι,
1094 2139 1204 2207 58).
1231 2138 1361 2191 Nam
1386 2154 1503 2206 qua:
1525 2139 1593 2191 sit
1611 2137 1760 2192 diﬂ‘e-
1780 2183 1786 2198 ν,

218 2228 389 2280 rentia
409 2227 654 2295 baptismi
679 2235 730 2280 ct
750 2226 1074 2290 chrismatis,
1113 2226 1296 2279 beatus
1317 2226 1640 2295 AuguSIinus
1666 2240 1760 2279 ex-

215 2317 386 2384 ponit,
410 2317 623 2371 dieens:
660 2337 676 2368 ι
701 2318 921 2384 Quando
957 2317 1598 2380 cxorcizanturinl‘antes,
1618 2317 1762 2370 velut

218 2405 542 2460 frumentum
564 2408 859 2473 moluntur;
888 2409 1099 2478 quando
1117 2408 1451 2476 baptizantur
1467 2447 1481 2470 ,
1515 2421 1763 2474 consper-

218 2503 443 2561 guntur;
485 2495 695 2561 quando
726 2497 1103 2559 ehrismantur,
1138 2503 1453 2563 coquuntur.
1479 2514 1495 2546 ι
1539 2494 1760 2547 Pulchra

218 2585 582 2650 comparatio!
617 2584 748 2638 Dum
779 2585 1045 2639 moluntur
1076 2601 1173 2656 per
1190 2586 1560 2648 exorcismum,
1605 2601 1632 2638 a
1669 2599 1762 2653 po-

221 2679 415 2724 testate
459 2671 651 2725 diaboli
698 2681 980 2738 eruantur;
1045 2675 1168 2727 dum
1211 2680 1628 2742 consperguntur
1668 2686 1763 2739 per

219 2759 577 2825 baptismum,
630 2777 659 2813 a
707 2769 1047 2830 peccatorum
1096 2761 1339 2817 sordibus
1374 2762 1760 2824 emundentur;

221 2849 344 2900 dum
368 2863 462 2917 per
489 2850 716 2903 chrisma
756 2857 1073 2918 coquuntur,
1129 2850 1297 2904 sancti
1344 2846 1571 2916 Spiritus
1594 2850 1762 2916 gratia

222 2935 551 2990 illustrentur
585 2942 639 2988 et
665 2935 1062 2990 conﬁrmentur.

617 3032 635 3040 “
796 3045 1016 3101 CAPUT
1053 3047 1184 3101 VIII.

701 3114 777 3166 De
797 3115 1102 3168 vestimentis
1130 3116 1278 3169 albis.

289 3201 550 3269 Baptizati
589 3203 724 3256 albis
762 3203 1052 3257 induuntur
1075 3205 1345 3269 vestibus,
1373 3212 1432 3258 ut
1462 3205 1574 3274 ipso
1606 3205 1765 3258 etiam

218 3290 404 3342 habitu
435 3292 709 3344 exterioris
739 3291 964 3344 hominis
991 3292 1354 3345 demonstrent
1376 3294 1764 3346 innovationcm

217 3388 272 3435 et
301 3382 726 3435 emundationem
770 3381 1055 3434 interioris.
1085 3381 1184 3446 Qui
1227 3382 1364 3435 enim
1400 3382 1464 3435 dc
1507 3389 1766 3450 potestate

219 3471 558 3523 tenebrarum
591 3470 903 3522 transfertur
927 3471 976 3522 in
1006 3485 1223 3540 regnum
1249 3470 1380 3524 lucis
1405 3479 1457 3523 et
1482 3471 1763 3531 claritatis,

217 3565 604 3625 consequenter
649 3560 814 3610 utitur
842 3559 1169 3611 vestimentis
1202 3558 1334 3611 alLis
1373 3559 1438 3611 ad
1473 3559 1764 3624 exemplum

214 3647 342 3702 Jcsu
375 3664 478 3701 non
509 3649 676 3702 solum
706 3648 794 3698 lilii
817 3646 1104 3706 Josedech,
1142 3645 1232 3699 se.)
1263 3653 1316 3698 et
1347 3645 1472 3698 Jesu
1494 3644 1620 3698 Filii
1653 3645 1762 3698 Det.

218 3740 351 3792 Nam
383 3741 434 3792 in
459 3739 582 3793 Jesu
613 3739 716 3791 lilio
735 3737 988 3792 Josedech
1019 3737 1410 3805 prmtiguratum
1438 3743 1520 3788 est
1548 3734 1684 3803 quod
1711 3732 1761 3785 in

214 3830 340 3886 Jcsu
373 3831 507 3885 Filio
542 3830 633 3883 Dei
677 3838 792 3884 erat
829 3829 1167 3897 implendum.
1216 3827 1306 3880 Ait
1351 3842 1474 3897 ergo
1513 3828 1764 3895 propheta

214 3922 508 3974 Zacharias
537 3938 549 3972 :
579 3920 644 3972 Et
667 3921 820 3974 Jcsus
847 3927 954 3971 erat
978 3919 1187 3970 indutus
1213 3916 1429 3968 vestibus
1457 3912 1699 3977 sordidis,
1719 3924 1767 3967 et

214 4009 394 4062 stabat
418 4021 534 4060 ante
572 4008 754 4075 [aciem
778 4004 964 4074 angeli.
989 4003 1087 4069 Qui
1118 4003 1385 4070 respondit
1413 4009 1466 4053 ct
1486 4001 1558 4053 ait
1581 4000 1644 4052 ad
1674 4013 1765 4054 eos

214 4099 306 4166 qui
329 4098 543 4150 stabant
562 4111 740 4149 coram
767 4083 842 4156 se,
870 4094 1078 4147 dicens:
1104 4091 1312 4159 Auferte
1335 4090 1630 4143 vestimenta
1656 4103 1766 4142 sor-

215 4189 341 4242 dida
369 4187 432 4240 ab
459 4203 536 4239 eo.
567 4185 633 4238 Et
656 4184 787 4237 dixit
816 4183 883 4236 ad
908 4199 1021 4235 eum
1045 4197 1061 4232 :
1086 4182 1215 4234 Ecce
1235 4179 1422 4234 abstuli
1450 4198 1481 4233 a
1505 4188 1553 4232 te
1576 4178 1766 4248 iniqui-

217 4289 376 4332 tatem
405 4286 583 4338 tuam;
609 4283 655 4328 et
694 4273 840 4326 indui
880 4281 927 4326 te
969 4272 1288 4348 mutatoriis,
1326 4279 1373 4323 et
1409 4269 1520 4322 dixi
1541 4283 1557 4318 :
1584 4266 1766 4319 Ponite

217 4369 437 4422 cidarim
467 4365 708 4418 mundam
735 4379 886 4431 super
905 4373 1056 4429 caput
1084 4362 1214 4427 eius.
1244 4361 1309 4412 Et
1337 4361 1614 4413 induerunt
1651 4375 1766 4411 eum

1859 1887 1953 1923 sua
1970 1911 1983 1934 ,
2012 1885 2074 1958 pe
2101 1871 2268 1924 nudus
2291 1873 2530 1926 ambulet.
2557 1876 2785 1930 Tertiam
2827 1879 2891 1931 de
2921 1878 3115 1945 futuro,
3141 1898 3256 1951 qua:
3279 1899 3397 1953 spe-

1861 1973 2008 2015 ratur
2047 1962 2099 2014 in
2124 1970 2319 2016 aeterna
2341 1964 2444 2015 vita
2489 1980 2585 2031 per
2623 1966 2918 2021 claritatem
2966 1972 3392 2028 immortalitatis.

1863 2049 2011 2104 Unde
2037 2048 2263 2104 Joannes
2285 2051 2547 2118 apostolus
2574 2053 2769 2106 vidisse
2799 2070 2855 2108 se
2879 2056 3005 2109 dicit
3044 2059 3398 2113 innumerabi-

1859 2138 1935 2192 les
1957 2147 2157 2192 stantes
2199 2147 2320 2192 ante
2348 2140 2593 2199 thronum
2627 2143 2677 2194 in
2705 2153 2986 2211 conspectu
3017 2146 3148 2216 Δειιὶ
3175 2151 3398 2204 amictos

1861 2226 2008 2278 stolis
2037 2226 2188 2287 albis,
2215 2234 2269 2278 et
2294 2227 2608 2297 interrogari
2635 2229 2701 2281 ab
2725 2245 2828 2282 uno
2858 2233 2922 2284 de
2960 2234 3252 2288 senioribus
3279 2253 3289 2288 :
3327 2238 3398 2290 Ili

1859 2313 1946 2380 qui
1977 2311 2149 2364 nniicti
2170 2322 2284 2365 sunt
2311 2314 2454 2366 stolis
2475 2314 2625 2379 albis,
2650 2333 2736 2386 qui
2760 2327 2876 2370 sunt
2903 2328 2948 2370 et
2971 2320 3105 2374 unde
3126 2327 3402 2376 veneruni?

1861 2409 1915 2454 ct
1937 2401 2004 2453 ab
2031 2416 2094 2454 eo
2120 2401 2326 2456 audisse
2349 2420 2362 2453 :
2390 2401 2460 2454 Ili
2481 2412 2600 2456 sunt
2623 2404 2709 2473 qui
2731 2415 2973 2457 venerunt
2994 2406 3056 2459 de
3075 2408 3402 2465 tribulatione

1861 2507 2045 2560 magna
2064 2501 2111 2544 et
2137 2491 2366 2545 laverunt
2384 2493 2537 2545 stolas
2548 2474 2668 2546 suus
2685 2496 2736 2546 in
2752 2497 2997 2562 sanguine
3017 2498 3152 2565 agni.
3180 2497 3404 2567 Propter

1861 2581 1958 2634 has
1984 2582 2140 2651 igitur
2161 2581 2516 2635 dealbationes
2536 2590 2857 2644 renatorum,
2888 2583 3132 2636 dicuntur
3157 2600 3253 2652 per
3275 2583 3403 2639 Pro-

1859 2669 2072 2738 phetam
2100 2667 2190 2721 lilii
2219 2668 2343 2722 Sion
2365 2669 2686 2722 candidiores
2709 2669 2860 2733 lacte,
2880 2671 3261 2726 rubicundiores
3287 2674 3401 2727 ebo-

1862 2775 1916 2811 re
1935 2759 2154 2828 pretioso
2183 2759 2416 2830 (Thren.,
2438 2775 2510 2824 tv,
2536 2759 2612 2828 7).
2640 2760 2706 2814 Et
2733 2761 2983 2814 Dominus
3013 2760 3197 2830 angelo
3216 2761 3403 2815 Laodi-

1861 2849 1956 2902 cia:
1981 2849 2138 2903 scribi
2161 2847 2310 2915 jubet
2348 2863 2444 2918 per
2469 2848 2722 2902 Joannem
2748 2864 2762 2901 :
2789 2848 2990 2903 Sund’eo
3038 2849 3126 2902 tibi
3173 2867 3335 2904 emere
3370 2869 3402 2903 a

1860 2954 1941 2992 me
1966 2955 2148 2992 aurum
2170 2941 2404 3008 ignitum,
2433 2938 2734 3007 probatum,
2758 2948 2814 2990 ut
2852 2938 3073 3008 locuples
3102 2938 3226 3007 fias,
3251 2949 3298 2992 et
3323 2957 3404 2991 ve-

1859 3028 2107 3081 stimentis
2136 3028 2263 3081 albis
2303 3029 2537 3081 induaris
2561 3026 2737 3099 (Apoc.
2771 3044 2865 3091 tu,
2895 3027 3001 3089 l8).
3030 3028 3228 3096 Viginti
3273 3043 3402 3094 qua-

1790 3105 1833 3164 C
1865 3124 1986 3170 tuor
2021 3131 2227 3184 quoque
2265 3118 2498 3172 seniores
2519 3118 2700 3170 sedere
2728 3117 2974 3170 dicuntur
3000 3132 3158 3185 super
3182 3119 3402 3172 thronos

1865 3207 2050 3276 viginti
2084 3214 2307 3274 quatuor
2340 3207 2718 3259 circumamicti
2742 3206 3069 3259 vestimentis
3103 3206 3252 3269 albis,
3275 3215 3328 3258 et
3351 3208 3401 3258 in

1863 3297 2123 3364 capitibus
2153 3311 2334 3349 eorum
2370 3310 2575 3349 coronae
2603 3310 2794 3349 aurete.
2819 3281 2888 3348 Et
2915 3295 3157 3348 omnibus
3179 3295 3232 3348 in
3259 3310 3404 3347 com-

1863 3398 2020 3438 mune
2039 3385 2328 3438 victoribus
2348 3384 2703 3453 promittitur:
2731 3383 2834 3448 Qui
2852 3383 3047 3448 vicerit,
3069 3383 3141 3437 sic
3169 3385 3405 3437 vestietur

1864 3475 2170 3527 vestimentis
2199 3473 2348 3528 albis.

2445 3561 2664 3616 CAPUT
2718 3561 2806 3615 IX.

2143 3651 2217 3704 De
2245 3667 2454 3720 corpore
2475 3650 2744 3703 Dominico
2773 3667 2833 3705 ac
2862 3653 3129 3720 sanguine.

1932 3739 2148 3808 Oportet
2174 3749 2450 3794 renovatos
2477 3754 2572 3808 per
2595 3740 2910 3807 baptismum
2951 3755 3143 3794 mensa:
3170 3740 3401 3795 Domini-

1864 3845 1939 3884 ccc
1973 3829 2254 3898 applicari,
2286 3837 2346 3881 ut
2391 3837 2656 3881 sumentes
2694 3843 2885 3897 panem
2932 3829 3019 3896 qui
3057 3845 3147 3883 cor
3187 3830 3407 3883 hominis

1864 3917 2211 3985 conﬁrmat,et
2232 3916 2404 3968 vinum
2423 3915 2558 3983 quod
2589 3913 2836 3982 la'ti/icat,
2865 3916 3038 3967 dicere
3058 3917 3259 3983 possint
3285 3932 3402 3970 cum

1863 4005 2140 4059 Psalmista
2171 4017 2185 4056 :
2212 4002 2378 4072 Super
2407 4019 2595 4071 aquam
2625 4003 2913 4070 refectionis
2950 4004 3124 4056 eduxit
3154 4021 3262 4067 me,
3293 4007 3408 4058 ani-

1862 4091 1998 4148 inam
2019 4107 2181 4144 meum
2217 4092 2288 4143 ibi
2318 4092 2574 4157 convertit.
2611 4089 2674 4142 Et
2714 4099 2830 4159 post
2861 4090 3122 4158 paululum
3150 4109 3161 4142 :
3198 4089 3405 4145 Parasti

1862 4173 1917 4234 in
1940 4191 2206 4249 conspectu
2235 4195 2343 4232 meo
2373 4161 2611 4231 mensarii
2630 4179 2872 4232 adversus
2909 4196 2991 4232 eos
3032 4180 3117 4249 qui
3160 4180 3406 4234 tribulam

1863 4286 1961 4322 me.
1987 4269 2085 4334 Qui
2117 4271 2254 4322 enim
2285 4268 2416 4321 dixit
2439 4285 2451 4321 :
2486 4267 2604 4321 Nisi
2630 4269 2744 4338 quis
2774 4278 2978 4339 renatus
3001 4269 3154 4338 fuerit
3180 4287 3243 4323 ea:
3269 4287 3405 4339 nque

1865 4369 1912 4412 et
1941 4357 2134 4427 Spiritu
2165 4367 2370 4419 sancto,
2421 4374 2519 4411 non
2563 4358 2768 4409 intrabit
2796 4359 2850 4410 in
2883 4373 3087 4425 regnum
3133 4358 3402 4421 crelorum;

216 4456 440 4511 vestibus
464 4453 642 4524 (Zach.
673 4467 730 4505 in
755 4491 769 4516 ,
793 4451 853 4510 4,
885 4449 958 4520 5).
988 4447 1113 4514 Quae
1142 4448 1264 4502 licet
1293 4448 1344 4500 in
1383 4447 1600 4500 Domino
1631 4445 1756 4498 Jesu
1785 4440 1830 4497 D
1855 4447 1988 4500 dixit
2016 4462 2030 4498 :
2063 4447 2178 4500 Nisi
2211 4445 2638 4499 manducaveritis
2669 4461 2871 4514 carnem
2896 4461 3078 4507 meam,
3108 4454 3154 4496 et
3179 4445 3402 4499 biberilis

217 4547 436 4613 Christo.
459 4560 520 4598 ex
553 4550 702 4612 parte
727 4540 938 4607 impleta
969 4545 1108 4601 sunt,
1133 4538 1299 4605 magis
1329 4544 1500 4588 tamen
1525 4535 1572 4586 in
1599 4548 1762 4586 mem-

218 4636 334 4692 bris
355 4633 468 4701 ejus
486 4632 716 4700 quotidie
745 4628 1045 4695 implentur.
1077 4627 1201 4678 Erat
1223 4625 1432 4691 quidem
1453 4623 1625 4690 aliquo
1650 4637 1760 4676 mo~

219 4723 288 4777 do
309 4731 365 4775 et
393 4718 643 4774 Dominus
669 4717 880 4770 indutus
914 4712 1404 4768 vestibussordidis
1426 4752 1439 4773 ,
1485 4712 1605 4780 quia
1641 4725 1760 4766 Cllm

220 4829 324 4865 non
346 4811 541 4879 fecisset
564 4816 842 4876 peccatum,
873 4822 964 4874 pro
991 4804 1132 4857 nobis
1165 4813 1425 4872 peccatum
1462 4803 1626 4870 factus
1653 4810 1724 4853 est
1743 4840 1756 4862 ,

221 4911 268 4954 et
287 4903 398 4969 ipse
419 4898 738 4966 inﬁrmitates
764 4904 960 4949 nostras
978 4895 1212 4962 portavit,
1235 4901 1281 4943 et
1303 4908 1394 4960 pro
1415 4890 1555 4943 nobis
1578 4889 1759 4947 doluit.

223 4989 425 5042 Tamen
453 4986 572 5054 quia
601 4986 651 5038 in
688 4984 773 5036 illo
801 4982 940 5036 nulla
972 4981 1068 5033 fuit
1105 4981 1356 5048 iniquitas
1396 4995 1512 5046 qua:
1537 4979 1768 5032 auferre-

222 5085 334 5139 tur,
375 5075 463 5128 setl
499 5073 793 5126 vulneratus
842 5083 914 5124 est
958 5079 1161 5140 propter
1199 5071 1488 5140 iniquitates
1535 5077 1768 5130 nostras;

221 5165 435 5222 sordida
463 5163 773 5217 vestimenta
803 5159 1112 5213 auferuntur
1140 5174 1167 5211 a
1204 5159 1354 5212 nobis
1377 5198 1392 5222 ,
1433 5173 1550 5211 cum
1591 5163 1770 5210 nostra

223 5263 442 5324 peccata
464 5252 723 5314 delentur,
753 5257 807 5302 ut
829 5256 1161 5316 resurgentes
1183 5248 1232 5299 in
1258 5261 1339 5309 eo,
1364 5247 1635 5300 audiamus
1654 5255 1772 5313 post

227 5344 487 5411 baptisma
513 5355 525 5392 :
553 5338 682 5391 Ecce
708 5338 854 5390 indui
880 5346 925 5388 te
947 5336 1254 5388 mutatoriis.
1288 5335 1350 5387 Et
1389 5334 1510 5387 illud
1544 5333 1680 5402 quod
1719 5333 1769 5385 in

225 5432 447 5488 Cantico
475 5431 668 5483 dicitur
687 5427 1036 5485 canticorum.
1070 5423 1198 5488 Quae
1220 5427 1291 5475 est
1315 5425 1436 5486 ista,
1459 5439 1574 5492 qua:
1600 5439 1771 5474 ascen-

227 5523 304 5576 dit
332 5519 604 5575 dealbata?
626 5519 691 5571 Et
715 5525 992 5587 postquam
1031 5516 1082 5568 in
1121 5515 1292 5581 capite
1329 5513 1589 5581 angimur,
1620 5512 1768 5580 quasi

297 5643 326 5672 ι
351 5630 542 5698 Expos.
581 5629 809 5681 inchoat.
843 5627 1003 5693 Epist.
1036 5625 1097 5678 ad
1130 5625 1306 5687 Rom,
1339 5637 1480 5675 nutu.
1519 5623 1596 5674 l5.

1865 4539 2162 4607 sanguinem
2201 4552 2366 4588 meum
2389 4576 2402 4600 ,
2431 4552 2531 4587 non
2569 4534 2813 4587 habebitis
2835 4535 2986 4586 vitam
3011 4534 3062 4587 in
3092 4533 3251 4587 vobis.
3278 4533 3403 4588 Om-

1870 4627 1954 4680 nis
1981 4628 2080 4679 ista
2105 4626 2361 4679 sententia
2387 4633 2548 4686 tenet,
2574 4632 2632 4676 ut
2657 4625 2769 4678 sine
2794 4638 3013 4691 corpore
3057 4632 3109 4676 et
3151 4615 3422 4694 sanguine

1870 4718 1960 4771 lilii
1990 4717 2217 4770 hominis
2241 4717 2401 4769 vitam
2440 4715 2633 4770 habere
2658 4731 2761 4770 non
2804 4717 3024 4784 possint.
3049 4718 3182 4770 Dicit
3212 4719 3400 4771 iterum

1865 4805 2115 4858 Dominus
2141 4821 2152 4855 :
2187 4802 2349 4856 Panis
2368 4820 2516 4872 quem
2539 4820 2628 4872 ego
2657 4804 2863 4866 dedero,
2895 4820 3015 4856 caro
3041 4819 3151 4856 mea
3198 4815 3270 4858 est
3309 4823 3400 4873 pro

1863 4895 2040 4949 swculi
2061 4896 2179 4948 rita.
2199 4885 2385 4948 chuli
2411 4895 2510 4946 vita
2532 4895 2742 4947 nomine
2761 4894 3001 4948 homines
3021 4895 3398 4965 signiﬁcantur,

1866 4987 1953 5055 qui
1996 4985 2258 5039 nascendo
2306 4985 2356 5036 in
2398 4984 2496 5036 hoc
2539 4983 2784 5035 sacculum
2813 4985 3063 5036 veniunt:
3096 5000 3158 5037 ac
3185 5001 3277 5052 per
3303 4985 3401 5037 hoc

1865 5088 1962 5141 pro
1989 5073 2260 5126 hominum
2290 5071 2393 5122 vita
2419 5085 2541 5124 cato
2573 5068 2783 5138 Christi.
2813 5071 2931 5122 data
2958 5080 3066 5131 est,
3113 5078 3268 5137 quam
3301 5071 3401 5125 nisi

1868 5163 2316 5221 manducaverint,
2357 5175 2460 5213 non
2493 5161 2760 5214 habebunt
2784 5161 2943 5212 vitam
2972 5167 3244 5212 :eternam.
3268 5159 3402 5212 Bea-

1872 5259 1954 5304 tus
1973 5265 2197 5317 namque
2213 5248 2534 5314 Augustinus
2555 5248 2609 5299 in
2628 5246 2853 5313 quodam
2866 5245 2979 5299 loco
2996 5258 3019 5285 ιι
3032 5247 3134 5299 ait:
3157 5264 3174 5295 ι
3196 5245 3402 5312 Optime

1869 5335 2052 5390 Punici
2077 5337 2350 5389 christiani
2371 5335 2688 5403 baptismum
2716 5335 2884 5401 ipsum
2913 5335 3040 5387 nihil
3076 5333 3215 5386 aliud
3242 5348 3399 5400 quam

1869 5425 2122 5485 salutem;
2154 5433 2208 5476 et
2230 5433 2615 5477 sacramentum
2636 5425 2872 5491 corporis
2891 5423 3084 5477 Christi
3112 5422 3241 5476 nihil
3262 5422 3402 5476 aliud

1868 5532 2021 5584 quam
2046 5516 2208 5568 vitam
2238 5523 2444 5569 vocant.
2474 5514 2654 5567 Unde?
2680 5515 2777 5566 nisi
2819 5531 2880 5568 cx
2924 5513 3156 5580 antiqua,
3183 5521 3239 5566 ut
3263 5511 3375 5567 testi
