3922 6222
487 318 584 372 867

487 517 697 569 insitum
741 522 947 573 tenent,
975 528 1066 580 per
1100 512 1414 578 baptismum
1462 519 1512 562 et
1555 511 2000 577 participationem

486 618 678 656 mensa:
713 603 1018 659 dominicae,
1057 615 1158 652 non
1198 598 1362 651 solum
1392 600 1456 650 ad
1506 613 1720 664 regnum
1758 598 1873 657 Dei,
1914 596 2003 646 sed

485 706 578 742 nec
624 690 687 741 ad
735 691 954 741 salutem
991 698 1043 740 et
1073 688 1232 738 vitam
1261 696 1506 737 :eternam
1539 700 1687 752 posse
1715 686 1997 751 pervenire.

485 775 591 826 lloc
621 790 760 827 cmm
791 782 844 827 et
865 774 1133 840 Scriptura
1165 781 1408 824 testatur.
1441 772 1569 824 Nam
1596 760 1718 838 quid
1757 772 1892 823 aliud
1933 779 2005 823 te-

485 871 606 914 neat
639 863 725 928 qui
756 863 1062 927 baptismum
1093 862 1301 911 nomine
1342 860 1524 912 salutis
1569 858 1825 926 appellant
1853 897 1866 918 ,
1908 859 2003 909 nisi

483 950 620 1015 quod
645 949 839 1000 dictum
871 959 947 1000 est
974 965 986 996 :
1018 948 1202 998 Salvos
1235 961 1328 997 nos
1356 945 1474 998 fecit
1507 961 1600 1012 per
1636 946 1896 997 lavacrum
1929 960 2005 996 re-

482 1033 864 1105 generatiOnis?
915 1037 1047 1100 Quid
1095 1035 1231 1086 aliud
1274 1036 1432 1087 etiam
1485 1035 1572 1102 qui
1621 1043 2003 1086 sacramentum

483 1143 674 1180 menste
703 1127 981 1179 Dominicae
1029 1126 1186 1176 vitam
1234 1133 1452 1184 vocant,
1502 1123 1599 1187 nisi
1645 1123 1780 1188 quod
1808 1123 2002 1173 dictum

480 1224 560 1265 est
587 1233 597 1264 :
621 1213 773 1264 Panis
795 1226 944 1276 quem
967 1225 1062 1277 ego
1083 1206 1301 1269 dedero.
1327 1225 1449 1262 caro
1474 1225 1587 1260 mea
1613 1217 1692 1260 est
1721 1222 1812 1273 pro
1834 1207 2006 1259 saeculi

479 1301 618 1352 vita?
648 1299 784 1350 Idem
819 1299 1064 1349 Dominus
1103 1298 1154 1348 in
1194 1297 1472 1364 Evangelio
1497 1315 1508 1348 :
1535 1294 1666 1347 Caro
1699 1296 1829 1347 enim
1868 1311 2002 1354 mea.

481 1387 670 1452 inquit,
701 1401 806 1436 rere
835 1395 904 1435 est
935 1384 1092 1446 cibus,
1122 1394 1169 1437 et
1197 1385 1403 1451 sanguis
1433 1399 1572 1434 meus
1602 1399 1709 1434 vere
1744 1393 1812 1433 est
1839 1392 2003 1448 potus.

482 1489 505 1514 ο
533 1475 660 1526 Cum
703 1475 839 1525 enim
887 1474 1003 1525 cibo
1049 1480 1101 1523 et
1146 1481 1267 1538 potu
1300 1471 1350 1524 id
1378 1477 1624 1538 appetant
1653 1469 1919 1526 homines,
1953 1475 2010 1518 ut

481 1580 580 1615 non
607 1562 839 1614 esuriant
871 1577 1035 1626 neque
1063 1560 1274 1618 sitiant;
1309 1560 1406 1611 hoc
1435 1557 1690 1610 veraciter
1727 1569 1829 1606 non
1876 1569 2009 1621 pra:-

479 1661 597 1708 stat,
634 1651 728 1702 nisi
762 1651 855 1702 iste
883 1651 1028 1701 cilius
1053 1659 1104 1701 ct
1129 1659 1283 1716 potus
1305 1689 1319 1710 ,
1349 1647 1436 1713 qui
1464 1661 1554 1699 eos
1581 1661 1610 1697 a
1634 1646 1821 1712 quibus
1847 1644 2008 1697 sumi-

1479 314 1784 368 Ll'ZIDRADl
1818 308 2279 366 LUGDUNENSIS
2317 313 2602 367 EPISCOPI

487 444 590 491 mo,
613 437 666 482 et
694 428 970 494 apostolic:
1015 425 1306 484 traditione,
1335 439 1434 490 qua
1463 423 1704 476 Ecclesia:
1735 421 1998 474 Christum
2028 420 2074 475 Α

3517 318 3618 372 888

2695 423 2910 476 CAPUT
2949 425 3009 476 Χ.

2106 505 2176 555 De
2198 507 2472 572 infantibus
2498 509 2569 559 rel
2585 511 2660 561 liis
2679 513 2764 578 qui
2779 529 2868 578 pro
2892 529 2943 564 se
2968 513 3260 579 respondere
3277 529 3378 564 non
3389 525 3618 580 possunt.

2169 594 2496 648 Consuetudo
2523 598 2762 651 Ecclesiae
2802 601 2989 662 habet,
3016 609 3068 652 et
3102 600 3343 653 doctores
3374 602 3620 664 tradunt,

2104 685 2392 737 utomnino
2437 686 2630 739 eisdem
2670 690 2980 741 sacramenti
3024 692 3194 743 verbis
3241 693 3289 743 in
3338 690 3624 743 infantibus

2103 771 2289 836 quibus
2325 780 2377 824 et
2422 773 2476 824 in
2522 774 2808 840 majoribus
2835 777 3075 843 baptismi
3107 779 3356 845 mysteria
3385 778 3622 830 celebre-

2102 872 2234 909 mus.
2257 858 2388 912 Hinc
2407 869 2485 913 est
2510 863 2646 930 enim
2669 865 2804 928 quod
2830 866 3072 918 sacerdos
3088 867 3267 918 eadem
3292 877 3622 918 sacramenta

2102 961 2277 1010 agens,
2309 963 2408 999 non
2436 964 2594 1000 unum
2627 965 2720 1016 pro
2748 952 2911 1003 altera
2937 951 3250 1020 interrogat,
3281 953 3329 1004 id
3353 962 3433 1004 est
3459 953 3628 1019 majo-

2104 1047 2210 1084 rem
2234 1048 2328 1100 pro
2352 1049 2528 1101 parvo,
2558 1045 2729 1089 utrum
2768 1041 3095 1092 ahrcnuntiet
3129 1041 3362 1101 diabolo,
3391 1050 3484 1092 aut
3515 1055 3627 1093 erc-

2101 1118 2191 1171 dat
2218 1121 2266 1171 in
2296 1122 2452 1174 Deum
2484 1142 2493 1174 :
2525 1126 2612 1176 sed
2652 1126 2816 1192 ipsum
2845 1143 2999 1194 quem
3036 1129 3395 1194 baptizaturus
3423 1135 3506 1180 est
3543 1129 3624 1179 in-

2104 1218 2349 1276 terrogat,
2377 1212 2594 1263 dicendo
2616 1227 2628 1262 :
2663 1214 3041 1268 Abi-enunties?
3065 1224 3173 1275 aut,
3197 1213 3409 1266 Credis?
3431 1215 3478 1266 ls
3504 1229 3628 1266 vero

2103 1299 2189 1363 qui
2221 1313 2336 1349 eum
2361 1301 2594 1366 suscipit,
2618 1316 2720 1352 non
2747 1303 2893 1368 quasi
2921 1317 3053 1354 unus
3088 1317 3182 1369 pro
3209 1302 3372 1355 altero
3414 1316 3627 1368 respuu—

2105 1385 2190 1436 det
2217 1401 2288 1459 ac}
2307 1387 2448 1445 dicit,
2477 1388 2822 1440 Abrenuntiat
2843 1429 2857 1451 ,
2886 1397 2974 1442 aut
3002 1389 3179 1442 Credit
3205 1408 3216 1441 :
3242 1392 3328 1442 sed
3357 1392 3624 1442 Abreuun-

2105 1473 2193 1529 tio,
2224 1480 2330 1532 aut,
2357 1471 2536 1524 Credo.
2568 1474 2628 1524 Et
2646 1476 2753 1528 litec
2773 1490 2928 1528 causa
2955 1485 3052 1533 est,
3079 1487 3136 1527 ut
3161 1477 3357 1544 parvuli
3382 1487 3435 1529 et
3456 1478 3626 1544 pretii-

2107 1568 2274 1610 tentcs
2303 1562 2502 1625 possint
2546 1562 2645 1613 dici
2677 1571 2728 1614 et
2755 1562 2952 1616 ﬁdeles.
2985 1563 3131 1616 Unde
3161 1564 3472 1631 quibusdam
3521 1565 3628 1616 hrri-

2107 1647 2433 1712 negantibus,
2464 1648 2530 1699 ita
2561 1665 2587 1700 a
2614 1648 2855 1701 Patribus
2890 1650 3150 1702 invenitur
3196 1666 3500 1718 responsum
3529 1664 3543 1701 :
3575 1650 3628 1702 Si

480 1746 562 1789 tur
589 1738 907 1789 llltltht‘:t|lCS
936 1749 987 1787 et
1019 1735 1438 1802 incorruptibiles
1465 1734 1620 1793 facit;
1647 1735 1715 1785 ita
1743 1741 1931 1793 tamen,
1955 1733 1998 1784 si
2034 1717 2072 1772 Β
2101 1743 2373 1800 propterea
2404 1737 2712 1802 paruitcutes
2735 1737 2941 1789 dicendi
2972 1755 3072 1790 non
3103 1746 3242 1798 sunt,
3271 1739 3391 1803 quia
3418 1753 3630 1790 sensum

479 1835 599 1879 ante
626 1827 797 1878 omnia
826 1827 876 1877 lii
905 1826 988 1891 qui
1019 1833 1233 1876 sumunt
1258 1824 1502 1891 impleant
1531 1822 1652 1874 illud
1674 1822 1810 1889 quod
1832 1819 2003 1887 sequi-

481 1924 562 1965 tur
589 1931 598 1964 :
636 1914 734 1976 Qui
761 1913 1032 1964 manduca!
1066 1928 1226 1963 nteant
1254 1927 1454 1962 carucnt
1485 1919 1529 1961 et
1557 1910 1673 1961 bibit
1698 1925 1861 1960 meum
1887 1923 2003 1958 sau-

479 2002 698 2067 guincm,
733 2002 782 2050 in
828 2015 904 2049 me
944 2009 1107 2050 manet
1153 2011 1194 2049 et
1240 2015 1329 2065 ego
1375 1999 1426 2048 in
1477 1997 1584 2047 illo.
1627 1996 1756 2047 Nam
1801 1996 1897 2048 hoc
1927 2003 2006 2046 est

480 2090 737 2141 veraciter
765 2090 1079 2141 manduCare
1109 2087 1245 2138 illam
1287 2101 1460 2137 escam
1485 2123 1499 2146 ,
1540 2093 1593 2136 et
1643 2084 1785 2136 illum
1831 2084 2006 2136 bibere

479 2184 678 2241 potum.
708 2175 757 2227 in
788 2173 998 2226 Christo
1028 2174 1225 2224 scilicet
1254 2175 1465 2223 Inanere
1487 2211 1500 2232 ,
1530 2180 1582 2224 et
1610 2170 1751 2223 illum
1795 2187 2007 2224 manen-

482 2271 584 2312 tem
621 2262 670 2312 in
707 2276 761 2313 se
809 2261 1017 2312 habere.
1050 2256 1124 2310 Ac
1169 2274 1261 2326 per
1300 2257 1406 2310 hoc
1462 2258 1546 2325 qui
1594 2274 1693 2310 non
1736 2268 1908 2310 manet
1957 2260 2006 2310 in

485 2349 715 2406 Christo,
744 2355 795 2398 et
826 2348 874 2398 in
907 2361 1009 2412 quo
1037 2362 1136 2398 non
1166 2354 1339 2397 manet
1365 2345 1621 2406 Christus,
1650 2346 1826 2412 procul
1855 2346 2011 2397 dubio

482 2447 580 2487 nec
623 2435 900 2486 manducat
944 2431 1056 2499 ejus
1099 2447 1342 2494 carnem,
1371 2447 1466 2485 nec
1490 2433 1621 2484 bibit
1660 2432 1772 2498 ejus
1805 2433 2011 2499 sangui-

486 2540 624 2586 nem,
660 2544 678 2574 ι
715 2525 918 2578 etiamsi
956 2533 1110 2577 tanta}
1139 2525 1210 2576 rei
1244 2507 1630 2576 sacramentitm
1660 2523 1723 2574 ad
1757 2523 2010 2590 judicium

484 2613 580 2666 sibi
612 2613 888 2666 manducet
913 2621 962 2665 et
983 2613 1144 2666 bibat.
1172 2612 1322 2664 Aliud
1343 2621 1422 2665 est
1443 2613 1580 2664 cnim
1607 2621 2008 2672 sacramentum,

483 2700 621 2752 aliud
650 2702 815 2753 virtus
844 2701 1174 2753 sacramenti.
1201 2699 1352 2752 Salus
1394 2711 1565 2752 autem
1595 2709 1646 2752 et
1672 2701 1773 2751 vita
1817 2709 2011 2752 :etcrua

488 2806 590 2842 non
619 2799 698 2842 est
722 2790 955 2841 exterius
978 2789 1028 2840 in
1054 2796 1408 2850 sacramento;
1433 2803 1550 2840 nam
1579 2788 1675 2841 hoc
1704 2788 1862 2840 ctiam
1898 2787 2012 2839 inﬁ-

485 2881 628 2933 deles
657 2894 863 2931 sumere
895 2887 1149 2946 possunt;
1198 2878 1288 2930 sed
1328 2879 1546 2930 interius
1589 2878 1720 2930 sumi
1780 2893 1882 2931 non
1921 2891 2013 2944 po-

490 2975 590 3018 test
619 2967 669 3018 in
698 2967 891 3018 virtute
920 2967 1252 3026 sacramenti,
1288 2981 1403 3033 qua:
1437 2980 1536 3017 non
1566 2966 1790 3018 sumitur
1818 2966 1916 3018 nisi
1945 2966 2012 3018 ab

2097 1821 2379 1888 posuitendi
2435 1838 2534 1874 non
2589 1823 2809 1885 habent;
2858 1839 2953 1875 nec
2999 1824 3174 1875 ﬁdeles
3219 1823 3422 1875 dicendi
3469 1832 3628 1880 sunt.

2100 1909 2217 1973 quia
2254 1909 2492 1960 similiter
2524 1924 2731 1961 sensum
2774 1911 3015 1963 credendi
3059 1925 3160 1962 non
3210 1911 3419 1962 habent.
3449 1909 3507 1961 Si
3540 1924 3628 1960 au-

2103 2003 2202 2046 tem
2242 2004 2514 2062 propterea
2558 2005 2697 2048 recte
2735 1997 2910 2050 ﬁdeles
2939 2005 3187 2050 vocantur
3206 1997 3451 2064 quoniam
3476 1997 3628 2049 ﬁdem

2103 2098 2193 2150 per
2216 2084 2376 2136 verba
2407 2085 2719 2151 gestantium
2752 2085 3134 2151 quodammodo
3169 2084 3502 2150 proﬁtentur,
3532 2099 3627 2136 cur

2106 2186 2203 2223 non
2228 2173 2374 2238 prius
2402 2173 2558 2224 etiam
2600 2174 2909 2239 [imiiiteiites
2952 2174 3228 2232 habentur,
3267 2189 3384 2236 cum
3415 2189 3512 2241 per
3546 2189 3633 2227 eo-

2107 2261 2338 2313 rei-adem
2371 2263 2527 2312 verba
2558 2264 2868 2328 gestantium
2889 2303 2902 2323 ,
2947 2262 3150 2314 diabolo
3184 2272 3235 2314 et
3283 2263 3402 2314 huic
3439 2263 3633 2315 sarculo

2110 2345 2406 2396 renuntiare
2451 2348 2840 2398 monstrantur?
2887 2346 3073 2398 Totum
3125 2358 3220 2399 hoc
3263 2347 3314 2398 in
3347 2362 3439 2415 spe
3491 2347 3549 2398 ﬁt
3585 2349 3630 2399 vi

2108 2433 2418 2484 sacramenti
2447 2441 2500 2485 ct
2527 2435 2710 2485 divinae
2745 2436 2937 2502 gratiae,
2968 2450 3122 2502 quam
3149 2437 3394 2487 Dominus
3419 2438 3634 2487 donavit

2112 2521 2386 2583 Ecclesiae,
2420 2536 2538 2573 cum
2578 2523 2925 2589 laptizantur,
2967 2533 3179 2591 prepter
3203 2525 3451 2576 virtutem
3496 2523 3632 2575 cele-

2111 2608 2500 2673 lsrationemque
2538 2609 2666 2660 tanti
2695 2610 3041 2669 sacramenti,
3073 2611 3313 2675 quamvis
3353 2623 3449 2661 suo
3480 2610 3636 2661 corde

2113 2704 2267 2759 atque
2289 2709 2379 2747 ore
2414 2710 2513 2746 non
2541 2704 2695 2762 agant
2720 2735 2732 2756 .
2761 2695 2898 2762 quod
2923 2697 2986 2748 ad
3025 2696 3339 2748 credendum
3382 2695 3637 2749 conﬁten-

2113 2782 2336 2848 dumque
2378 2783 2652 2851 pcrtineat.
2706 2784 2900 2837 Tamen
2944 2785 2993 2836 in
3043 2800 3260 2838 numero
3309 2784 3637 2838 credentium

2113 2879 2496 2936 computantur.
2526 2869 2790 2936 Plerisque
2815 2871 3023 2933 accidit,
3069 2881 3123 2924 ut
3167 2872 3427 2925 catholico
3464 2874 3638 2925 animo

2114 2969 2166 3012 et
2193 2962 2348 3013 corde
2372 2962 2435 3012 ah
2466 2961 2662 3013 unitate
2685 2963 2826 3028 pacis
2853 2976 2954 3014 non
2984 2961 3229 3024 alienato,
3254 2963 3426 3028 aliqua
3459 2975 3638 3014 neces-

488 3056 570 3106 liis
612 3054 697 3121 qui
724 3055 978 3107 veraciter
1003 3062 1122 3106 sunt
1142 3054 1210 3121 pii
1237 3062 1289 3106 et
1310 3053 1510 3111 ﬁdeles,
1541 3062 1591 3105 et
1616 3054 1890 3106 imitatores
1916 3052 2008 3105 Dei
2038 3032 2080 3092 (ἶ
2113 3049 2263 3101 sitate
2295 3051 2476 3101 mortis
2501 3060 2750 3115 urgente,
2793 3051 2841 3102 in
2879 3051 3102 3116 aliquem
3142 3051 3443 3103 haereticum
3477 3052 3638 3103 irrue-

492 3146 620 3195 sicut
647 3141 741 3208 ﬁlii
769 3143 1074 3202 cliarissimi,
1105 3152 1150 3193 et
1180 3141 1438 3193 antbulaut
1468 3143 1520 3193 in
1552 3141 1836 3201 dilectione,
1876 3141 2005 3192 sicut

494 3242 538 3283 et
575 3229 806 3281 Christus
831 3229 1004 3282 dilexit
1040 3246 1152 3281 uos.

559 3317 706 3369 llunc
731 3330 913 3384 panem
943 3317 1029 3382 qui
1061 3317 1216 3367 vitam
1251 3314 1434 3366 tribuit
1460 3314 1669 3375 mundo,
1701 3315 2013 3382 signiﬁcavit

489 3408 611 3459 illud
660 3423 843 3458 manna
875 3423 976 3472 quo
1003 3406 1107 3457 aliti
1137 3414 1257 3458 sunt
1285 3404 1372 3456 ﬁlii
1405 3404 1559 3457 Israel
1609 3404 1658 3456 in
1701 3404 1935 3465 deserto,
1963 3414 2016 3456 et

496 3497 552 3547 tle
581 3511 684 3562 quo
713 3495 956 3545 Dominus
985 3495 1056 3545 ait
1087 3492 1279 3545 Judazis
1307 3507 1320 3544 :
1353 3491 1532 3543 Patres
1562 3492 1709 3544 vestri
1741 3492 2016 3542 manduca-

491 3593 661 3636 rcrnnt
691 3584 740 3634 in
769 3584 962 3634 deserto
1002 3567 1218 3642 manna,
1265 3590 1309 3633 et
1356 3580 1540 3632 mortui
1579 3588 1694 3631 sunt
1742 3578 1916 3647 (Joau.
1946 3593 2012 3635 vt.

488 3669 596 3738 59).
622 3669 750 3722 Cum
777 3685 901 3737 ergo
930 3670 1260 3735 perspicuum
1288 3671 1356 3721 sit
1383 3669 1521 3735 quod
1551 3669 1799 3721 Dominus
1828 3684 1928 3719 non
1955 3670 2019 3720 de

493 3768 659 3810 morte
688 3759 921 3826 corporis
950 3757 1265 3824 loqueretur,
1291 3773 1393 3824 qua
1424 3766 1476 3810 et
1504 3772 1598 3810 nos
1630 3758 1899 3818 morimur,
1931 3760 2017 3824 qui

491 3862 676 3914 panem
704 3848 767 3900 de
801 3848 933 3900 eielo
969 3848 1368 3900 descendentem
1413 3848 1875 3909 manducavimus,
1926 3851 2016 3902 sed

492 3940 555 3992 dc
583 3947 750 3991 morte
779 3939 984 4000 animm,
1017 3954 1112 3991 cur
1138 3939 1330 3990 dicitur
1372 3938 1509 4004 quod
1550 3939 1638 4004 qui
1669 3939 2018 3990 manducare-

492 4033 613 4078 runt
662 4041 851 4079 manna
899 4027 1088 4078 mortui
1133 4026 1286 4078 sunt?
1329 4024 1570 4092 Nunquid
1619 4033 1672 4078 et
1716 4023 1917 4092 Moyses
1967 4034 2020 4078 et

494 4115 667 4167 cmteri
720 4115 883 4167 sancti
928 4116 1014 4181 qui
1065 4115 1133 4167 ibi
1173 4113 1411 4176 fuerunt,
1470 4113 1661 4167 mortui
1706 4115 1858 4166 sunt?
1916 4113 2018 4167 Sed

495 4207 610 4259 illos
655 4206 778 4258 dicit
821 4215 1054 4258 mortuos
1106 4204 1194 4272 qui
1247 4213 1629 4256 sacramentum
1671 4205 1784 4256 sine
1828 4204 2018 4255 virtute

494 4294 807 4349 sacramenti
855 4302 1217 4365 perceperunt.
1267 4293 1413 4357 Quod
1464 4302 1636 4346 autem
1686 4294 1903 4346 interius
1949 4293 2017 4344 sit

496 4386 662 4436 virtus
699 4384 1043 4442 sacramenti,
1089 4398 1204 4450 qua:
1248 4383 1573 4434 inviSibiliter
1610 4391 1821 4450 prmstat
1872 4385 2018 4436 ablu-

499 4472 712 4532 tionem,
740 4471 1202 4524 sanctiﬁcationem
1245 4480 1298 4523 et
1343 4472 1533 4534 vitam,
1575 4471 1709 4523 sicut
1756 4487 1889 4538 aqua
1931 4473 2021 4524 ba-

498 4559 784 4624 ptismatis,
831 4559 1005 4610 unctio
1053 4560 1383 4621 chrismatis,
1412 4568 1466 4612 et
1505 4574 1692 4626 corpus
1720 4575 1781 4612 ac
1810 4562 2024 4628 sanguis

502 4648 738 4710 Domini,
787 4647 956 4699 nullus
1000 4648 1177 4716 utique
1219 4649 1422 4715 ignorat
1469 4648 1712 4701 ﬁdelium.
1761 4648 1905 4702 Unde
1947 4650 2023 4700 iu-

501 4739 747 4805 telligitur
791 4737 929 4804 quod
974 4746 1027 4788 et
1073 4738 1173 4790 illis
1205 4739 1431 4804 antiquis
1467 4739 1705 4792 Patribus
1744 4741 1830 4806 qui
1868 4741 2026 4806 bapti-

503 4828 600 4877 zati
632 4827 870 4876 dicuntur
899 4827 949 4877 in
978 4827 1104 4877 nube
1130 4835 1174 4877 et
1205 4827 1254 4878 iu
1285 4829 1414 4878 mari
1434 4867 1446 4888 ,
1475 4827 1548 4879 sic
1592 4828 1769 4880 datum
1807 4836 1884 4880 est
1926 4829 2026 4880 sal-

502 4914 633 4973 vari,
661 4913 895 4965 mundari
927 4924 977 4964 et
1006 4917 1317 4968 sanctiﬁcari
1359 4917 1406 4968 in
1443 4917 1632 4968 virtute
1673 4926 2025 4969 sacramento—

506 5017 637 5052 rum.
673 5001 888 5069 Propter
941 5004 1076 5068 quod
1123 5003 1290 5055 nullus
1336 5021 1450 5058 esse
1499 5020 1713 5057 securus
1762 5005 1912 5057 debet
1961 5007 2022 5057 de

504 5090 836 5154 perceptione
867 5103 1310 5144 sacramentorum
1332 5133 1344 5151 ,
1376 5094 1471 5144 nisi
1502 5095 1745 5146 virtutem
1792 5094 2023 5146 invisibi—

507 5177 624 5227 liter
652 5186 822 5227 teneat
849 5188 898 5229 et
928 5181 1203 5230 custodiat.
1235 5180 1350 5230 ll:ec
1390 5180 1545 5244 igitur
1573 5182 1744 5232 omnia
1791 5181 1904 5232 ideo
1935 5182 2020 5230 tali

509 5268 660 5320 modo
699 5267 947 5328 dicimus,
977 5271 1094 5334 quia
1128 5271 1221 5322 nisi
1255 5285 1433 5321 sumus
1462 5284 1736 5337 exponere,
1767 5271 2023 5336 quomodo

509 5353 708 5415 plebem
741 5354 1016 5406 doceamus
1045 5357 1190 5410 nobis
1217 5359 1566 5410 commissam.

581 5536 601 5558 ³
633 5523 866 5590 Αιιειιςι..
898 5533 1046 5576 tract.
1085 5531 1199 5576 xxvi
1237 5525 1288 5578 iu
1317 5526 1497 5578 Joaun.

2107 3148 2242 3199 rent,
2272 3148 2324 3191 et
2349 3138 2414 3190 ab
2440 3153 2502 3191 eo
2525 3139 2717 3191 Christi
2739 3140 3050 3206 baptismum
3072 3141 3183 3194 sine
3209 3140 3345 3192 illius
3370 3139 3657 3208 perversi-.

2109 3233 2214 3279 tate
2242 3226 2596 3294 perciperent,
2639 3236 2693 3280 et
2737 3228 2843 3280 sive
2869 3227 3094 3282 defuncti
3126 3228 3234 3281 sive
3261 3228 3472 3281 liberati
3492 3269 3506 3289 ,
3554 3244 3639 3282 ne-

2109 3326 2367 3378 quaquam
2409 3313 2542 3378 apud
2587 3329 2677 3366 eos
2724 3323 3028 3376 manerent,
3076 3316 3139 3366 ad
3185 3331 3317 3382 quos
3362 3332 3630 3383 nunquam

2111 3401 2269 3452 corde
2310 3400 2642 3452 transierant.
2691 3401 2833 3454 Unde
2862 3404 2957 3455 hoc
2996 3402 3104 3454 ﬁeri
3150 3413 3354 3470 potest,
3397 3415 3458 3458 ut
3506 3406 3639 3473 quod

2112 3500 2248 3539 unus
2273 3486 2564 3554 perniciose
2594 3489 2772 3551 tradit,
2798 3490 2928 3542 alter
2952 3490 3232 3542 salubriter
3254 3493 3519 3560 accipiat?
3543 3494 3640 3544 nisi

2113 3578 2235 3644 quia
2287 3579 2570 3630 secundum
2629 3578 2780 3631 ﬁdem
2831 3581 3196 3646 accipientium
3253 3592 3640 3635 sacramentum

2115 3674 2387 3731 acceptum
2411 3663 2697 3729 indicatur,
2729 3681 2828 3717 non
2868 3668 3148 3719 secundum
3181 3667 3332 3720 ﬁdem
3357 3669 3552 3721 dantis.
3584 3670 3644 3722 Et

2120 3759 2325 3816 propter
2349 3751 2480 3802 hanc
2505 3766 2715 3804 causam
2745 3750 2799 3802 ﬁt
2826 3761 2879 3803 Iit
2902 3752 2951 3803 hi
2975 3751 3063 3818 qui
3092 3754 3236 3806 surdi
3264 3764 3352 3806 aut
3379 3756 3511 3808 muti
3540 3757 3642 3808 nati

2113 3846 2252 3899 sunt,
2280 3846 2367 3890 aut
2396 3838 2770 3890 catholicorum
2802 3848 2893 3890 aut
2939 3841 2987 3890 in
3022 3838 3382 3893 haereticorum
3425 3857 3643 3894 numero

2115 3927 2458 3994 reperiantur.
2490 3927 2551 3978 Et
2584 3942 2701 3980 eum
2727 3925 3004 3994 Apostolus
3027 3927 3164 3978 dicat
3196 3944 3206 3976 :
3242 3924 3513 3988 Quomodo
3535 3944 3639 3980 ore-

2113 4011 2350 4064 dentuisi
2377 4011 2750 4064 audierint?Et
2778 4012 2964 4064 iterum
2992 4031 3002 4063 :
3039 4011 3170 4079 Ergo
3197 4012 3322 4078 ﬁdes
3342 4028 3405 4064 ex
3432 4013 3640 4076 auditu;

2114 4101 2246 4153 miro
2281 4110 2451 4153 tamen
2480 4100 2650 4159 modo,
2679 4101 2788 4154 sive
2807 4101 2912 4152 sint
2937 4101 3099 4162 surdi,
3125 4103 3234 4154 sive
3257 4101 3408 4163 muti,
3438 4102 3550 4156 sive
3569 4103 3643 4156 iu-

2113 4187 2297 4249 rantes,
2331 4201 2422 4255 per
2450 4187 2606 4240 corda
2635 4195 2684 4239 et
2707 4202 2795 4240 ora
2820 4187 3143 4240 oderentium
3169 4196 3220 4241 et
3249 4189 3642 4255 suscipientium

2115 4293 2334 4330 numero
2362 4284 2710 4345 aggregantur
2739 4277 2988 4349 ﬁdelium.

2713 4385 2932 4440 CAPUT
2971 4387 3057 4438 XI.

2418 4450 2506 4506 ’De
2526 4453 2795 4521 disciplina
2816 4455 3010 4506 vivendi
3030 4465 3073 4506 et
3093 4455 3323 4507 docendi.

2190 4547 2260 4597 De
2285 4546 2381 4597 hoc
2406 4554 2578 4595 autem
2605 4542 2742 4610 quod
2765 4543 3019 4608 qumritur
3043 4558 3072 4594 a
3099 4545 3265 4605 nobis,
3308 4553 3364 4597 ut
3402 4545 3644 4598 similiter

2123 4639 2375 4695 dicamus.
2405 4638 2444 4689 si
2475 4638 2525 4688 in
2547 4638 2646 4690 hoc
2665 4621 2802 4702 quod
2825 4636 3168 4702 praedicamus
3193 4653 3286 4689 nos
3308 4638 3449 4704 ipsos
3479 4647 3646 4691 custo-

2124 4727 2356 4785 diamus;
2381 4741 2476 4777 nos
2497 4726 2748 4777 hactenus
2771 4724 3082 4778 nescivimus
3103 4733 3156 4776 et
3177 4724 3345 4778 adhuc
3365 4727 3644 4786 nescimus,

2127 4828 2295 4868 nti-um
2321 4818 2483 4882 possit
2509 4816 2662 4866 homo
2687 4829 2831 4866 suam
2860 4813 3091 4882 proﬁteri
3132 4814 3419 4867 custodiam
3438 4854 3455 4876 ,
3494 4828 3644 4881 quam

2125 4907 2274 4957 habet
2305 4921 2424 4967 erga
2458 4905 2627 4956 divina
2656 4905 2914 4955 mandata.
2945 4903 3072 4954 Nam
3115 4918 3231 4956 cum
3269 4905 3503 4968 quotidie
3529 4904 3648 4955 vite

2121 4995 2490 5045 continentiam
2521 4993 2766 5059 consequi
2796 4994 3061 5050 conemur,
3088 5001 3140 5044 et
3160 4992 3389 5059 quotidie
3411 5001 3502 5044 aut
3523 4991 3648 5042 obli-

2124 5086 2302 5140 vione.
2351 5093 2439 5133 aut
2483 5082 2842 5147 sulireptionc,
2890 5089 2979 5133 aut
3026 5080 3356 5141 inﬁrmitate,
3386 5089 3475 5132 aut
3513 5077 3644 5146 quo-l

2124 5189 2152 5238 μ
2175 5172 2267 5235 'jzts
2299 5180 2396 5226 est.
2431 5171 2693 5221 voluntate
2724 5184 3025 5236 peccemus;
3075 5169 3332 5234 quomodo
3375 5184 3648 5236 possumus

2127 5259 2355 5323 pi-ctitcri
2381 5273 2460 5314 ea,
2486 5273 2599 5322 qu:e
2625 5257 2871 5316 volentes,
2898 5256 3104 5321 quando
3126 5270 3290 5322 neque
3313 5270 3394 5315 eri,
3421 5269 3538 5320 qua:
3559 5270 3645 5304 no-

2128 5349 2289 5396 lentes
2335 5345 2570 5411 agimus,
2621 5345 2985 5408 intelligimus?
3033 5344 3168 5396 sicut
3218 5344 3470 5409 scriptum
3522 5351 3640 5412 est]:

2128 5433 2316 5482 Delicta
2347 5433 2456 5493 quis
2487 5431 2751 5494 intelligit?
2795 5430 2920 5482 Nam
2963 5432 3060 5483 etsi
3105 5431 3292 5482 dictum
3321 5439 3401 5483 est
3428 5445 3441 5481 :
3477 5429 3644 5492 Dens.
