3922 6222
243 343 380 403 sca,

1204 341 1387 394 Lini-iii
1434 342 1514 393 Dii
1553 339 1997 394 SACRAMENTO
2039 344 2364 399 DAPTISHI.

3292 358 3392 411 870

236 456 399 505 vitam
423 467 582 503 nteant
609 451 862 502 enuntiari
887 452 1008 512 tibi,
1040 465 1130 503 nos
1163 459 1402 518 putamus
1430 449 1565 514 quod
1591 449 1651 500 de
1672 446 1775 499 cri-
1802 450 1841 501 Α
1872 447 2104 502 dicamus
2128 468 2140 501 :
2178 452 2293 506 Non
2326 469 2405 506 me
2433 453 2687 522 demergo!
2732 464 2996 526 tempestas
3034 476 3210 529 aqum,
3238 478 3395 534 neque

240 539 477 592 nauibus
520 537 574 590 id
613 552 888 604 possumus
934 537 1123 600 facere,
1160 553 1261 590 non
1304 537 1367 589 de
1412 537 1527 589 aliis
1571 537 1769 588 actibus

240 627 464 681 nostris.
480 625 615 677 sicut
638 624 885 691 scriptum
911 633 1019 678 est:
1049 624 1186 687 Dixi,
1210 625 1484 690 conﬁtebor
1504 625 1681 675 advers
1720 640 1767 674 m

236 727 325 764 me
370 711 675 780 injustmam
714 727 875 762 meam
918 711 1161 772 Domino,
1208 712 1431 777 qualiter
1465 726 1559 764 nos
1594 711 1644 762 in
1689 710 1770 764 bis

234 811 363 863 qum
405 796 749 864 przcdicamus
796 796 1172 857 custodiamus,
1199 796 1284 863 qui
1311 796 1543 863 quotidie
1579 809 1761 865 pecca-

234 895 479 938 mus:et
523 885 600 940 sic
648 893 921 953 peccatum
971 886 1221 955 iniquitas
1264 893 1379 939 est.
1427 887 1818 969 conﬁrmatum-

233 971 492 1038 Apostolo
518 972 605 1039 qui
624 974 697 1025 ait
723 990 734 1024 :
768 971 943 1025 Omnis
963 974 1052 1042 qui
1068 973 1191 1040 facit
1212 982 1488 1042 peccatum,
1516 980 1561 1024 et
1584 973 1770 1039 iniqui-

232 1069 395 1111 tatem
425 1061 576 1128 facit,
616 1070 662 1113 et
701 1070 956 1130 peccatum
980 1068 1053 1113 est
1077 1062 1336 1128 iniquitas.
1360 1052 1497 1129 Ergo
1524 1060 1769 1128 iniquita-

235 1157 348 1199 tem
374 1163 679 1215 operantur;
707 1157 761 1202 et
785 1149 829 1203 si
854 1149 1181 1217 iniquitatem
1222 1136 1525 1217 operamur,
1574 1150 1628 1203 itt
1671 1150 1767 1203 viis

235 1234 451 1288 Domini
468 1251 569 1288 non
588 1237 931 1300 ambulamus,
951 1238 1155 1292 dicente
1172 1236 1472 1292 Psalmista:
1492 1238 1613 1292 Non
1632 1241 1764 1291 enim

230 1323 327 1387 qui
356 1322 668 1392 iniquitatem
695 1334 988 1392 operantur,
1012 1327 1064 1379 in
1099 1327 1193 1378 viis
1217 1326 1328 1395 ejus
1362 1324 1760 1379 ambulaverunt.

229 1409 371 1468 Cum
400 1412 509 1464 lucc
536 1426 661 1481 ergo
684 1413 753 1465 ita
793 1413 929 1477 sint,
955 1414 1080 1482 quid
1117 1415 1182 1468 de
1224 1398 1459 1468 custodia
1497 1415 1767 1469 mandato-

228 1514 357 1551 rum
381 1538 396 1560 ,
442 1499 491 1555 id
533 1508 614 1552 est
660 1500 880 1567 qualiter
917 1517 1012 1556 nos
1051 1503 1103 1555 in
1136 1503 1217 1556 his
1248 1518 1364 1571 qua:
1388 1502 1761 1572 praedicamus,

228 1586 613 1649 custodiamus,
636 1587 811 1641 dicere
832 1588 1019 1642 melius
1035 1605 1331 1658 possumus,
1354 1591 1454 1645 nisi
1474 1591 1601 1645 illud
1625 1591 1764 1658 quod

227 1677 376 1731 idem
399 1678 672 1732 Psalmista
701 1680 776 1745 ait
798 1660 821 1732 ἶ
841 1679 1048 1734 Utinam
1085 1681 1374 1751 dirigantur
1397 1683 1492 1734 via:
1530 1697 1653 1734 mete
1693 1681 1761 1733 ad

223 1769 590 1822 custodiendas
622 1770 1011 1839 justificationes
1046 1771 1194 1825 tuas!
1225 1772 1351 1837 Quis
1375 1772 1512 1825 enim
1546 1770 1763 1838 implere

222 1865 406 1922 potest
429 1857 565 1926 quod
582 1859 731 1913 nobis
755 1858 1083 1929 praecipitur:
1107 1858 1294 1927 Diliges
1316 1860 1598 1928 proximum
1620 1867 1760 1911 tuum

220 1943 362 1994 sicut
404 1943 616 2012 teipsum
639 1958 658 1995 :
682 1953 735 1999 et
775 1945 964 1998 iterum
987 1983 1003 2009 ,
1032 1945 1240 2014 Diligite
1264 1946 1494 1999 inimicos
1538 1947 1766 1999 vestros?

220 2028 333 2081 nisi
364 2029 511 2096 cujus
533 2032 783 2086 Dominus
806 2034 1100 2087 dilatavcrit
1120 2048 1215 2101 per
1247 2034 1558 2088 inlusionem
1596 2037 1761 2090 sancti

222 2117 461 2183 Spiritus
489 2133 582 2171 cor
607 2120 659 2171 in
702 2121 978 2183 citatitatc,
1008 2130 1065 2174 ut
1088 2121 1137 2173 ei
1161 2125 1330 2189 possit
1357 2122 1568 2175 dicere:
1616 2121 1759 2175 Viam

216 2204 588 2259 mandatorum
607 2216 809 2260 tuorum
828 2210 1051 2273 cucurri,
1071 2224 1185 2261 cum
1202 2208 1442 2271 dilatares
1464 2225 1552 2262 cor
1575 2226 1758 2263 meum.

220 2290 561 2347 Terrililiter
603 2294 754 2348 valde
796 2294 1067 2350 Dominus!
1097 2296 1147 2348 iu
1194 2296 1476 2365 Evangelio
1518 2298 1761 2365 proponit

220 2380 442 2435 modum
485 2382 797 2438 humilitatis
837 2391 891 2438 et
930 2384 1312 2452 simplicitatis,
1342 2384 1614 2446 dicendo:
1643 2383 1763 2436 Nisi

218 2475 457 2527 conversi
500 2475 717 2543 fueritis,
762 2484 808 2528 et
847 2475 1130 2544 eﬁiciamini
1156 2476 1285 2527 sicut
1309 2475 1524 2543 parvuli,
1549 2491 1649 2527 non
1675 2476 1761 2527 in-

216 2561 429 2613 trabitis
456 2562 509 2614 in
543 2576 749 2630 regnum
781 2561 1039 2615 caelorum.
1065 2560 1221 2615 Juxta
1259 2575 1415 2631 quem
1460 2563 1670 2617 modum
1707 2572 1787 2629 et,

216 2646 508 2714 Apostolus
547 2648 819 2717 prmcipit:
851 2646 1022 2702 Nolite
1046 2649 1192 2717 pueri
1220 2648 1345 2718 effici
1370 2647 1630 2711 sensibus,
1671 2649 1759 2701 sed

215 2737 426 2790 malitia
444 2737 644 2806 parvuli
665 2747 838 2791 estote.
857 2738 958 2792 Sed
982 2738 1103 2806 quis
1130 2739 1197 2793 ad
1225 2746 1422 2792 tantam
1447 2738 1759 2794 innocentia:

214 2824 600 2891 perfectiunem
646 2826 918 2894 pervenire
959 2834 1159 2894 potest,
1202 2826 1305 2880 nisi
1347 2826 1395 2882 is
1424 2841 1578 2893 quem
1613 2834 1758 2879 tanta

216 2911 319 2964 Dei
361 2912 592 2979 gratuita
622 2912 915 2981 benignitas
956 2914 1308 2987 przevenerit,
1351 2922 1410 2968 ut
1446 2928 1513 2967 ex
1559 2913 1758 2968 intimis

1866 536 2130 590 absorbent
2156 555 2234 591 me
2253 542 2591 609 profundum,
2625 560 2780 612 neque
2817 558 2987 614 urgeat
3017 566 3167 619 super
3191 567 3267 604 me
3300 571 3397 622 ρης
3444 611 3448 615 η

1867 632 1974 675 teus
1997 632 2059 675 οε·
2081 640 2247 677 suum.
2278 627 2482 681 Exaudi
2504 646 2602 691 me,
2628 630 2839 684 Domine
2857 672 2870 693 ,
2911 638 3150 702 quoniam
3184 626 3395 709 benigna

1866 719 1935 760 cst
1967 712 2312 764 misericordia
2341 723 2429 766 tua
2456 729 2473 764 :
2497 719 2771 768 secundant
2797 721 3164 775 multitudinem
3188 727 3405 779 misera-

1867 798 2058 849 tionum
2084 808 2288 852 tuarum
2316 804 2502 870 respice
2523 805 2574 855 in
2603 821 2699 855 me.
2728 805 2888 873 igitur
2910 810 3042 862 sicut
3067 815 3399 878 supradictus

1865 886 2144 951 Apostolus
2180 890 2364 942 docet:
2392 889 2491 961 Qui
2535 910 2632 945 non
2671 895 2835 962 diligit
2875 898 3090 964 fratres,
3133 915 3299 957 manet
3344 907 3396 959 in

1829 961 1843 972 ’
1866 983 2040 1024 morte.
2068 974 2192 1037 Quae
2218 988 2300 1029 est
2321 987 2491 1032 autem
2535 982 2739 1035 dilectio
2758 1023 2771 1045 ,
2796 992 2893 1050 qua
2922 985 3110 1042 fratres
3148 993 3395 1044 debemus

1865 1061 2097 1128 diligere,
2127 1063 2235 1130 ipse
2258 1074 2381 1132 post
2417 1082 2577 1135 pauca
2614 1073 2840 1124 ostendit
2867 1074 3043 1130 dicens
3068 1094 3081 1129 :
3108 1078 3171 1131 In
3193 1080 3288 1133 hoc
3312 1097 3396 1132 co-

1865 1150 2127 1215 gnovimus
2149 1154 2446 1206 charitatem
2468 1155 2600 1220 Dei;
2629 1142 2867 1226 quoniam
2893 1162 2975 1215 ille
3000 1182 3089 1233 pro
3113 1168 3253 1221 nobis
3282 1172 3395 1221 ani-

1864 1252 1998 1288 mam
2026 1255 2172 1291 suam
2198 1244 2385 1308 posuit,
2410 1254 2457 1296 et
2474 1262 2571 1298 nos
2601 1247 2836 1301 debemus
2867 1269 2955 1318 pro
2994 1254 3237 1321 fratribus
3278 1261 3392 1310 ani-

1864 1339 1974 1375 mas
1992 1341 2195 1400 ponere.
2224 1328 2287 1381 Et
2318 1330 2504 1385 iterum
2529 1350 2545 1386 :
2576 1334 2693 1388 Non
2722 1337 2993 1406 diligamus
3018 1344 3165 1395 verbo
3188 1362 3275 1397 nec
3298 1346 3392 1398 lin-

1863 1427 1983 1479 gua,
2006 1415 2093 1471 sed
2113 1432 2259 1484 opere
2278 1427 2323 1469 et
2344 1422 2570 1475 veritate.
2588 1424 2687 1477 Sed
2710 1427 2827 1492 quia
2854 1428 2987 1482 hanc
3008 1439 3112 1484 tam
3133 1449 3391 1491 summam

1864 1500 2193 1556 dilectionem
2241 1506 2457 1574 implere
2494 1525 2606 1563 non
2647 1527 2939 1579 possumus,
2971 1526 3025 1569 et
3050 1536 3149 1573 non
3179 1520 3247 1575 ita
3279 1523 3393 1575 dili—

1864 1592 2033 1659 gendo
2058 1591 2249 1647 fratres
2272 1610 2544 1652 manemus
2580 1600 2632 1652 in
2672 1610 2868 1667 morte;
2900 1602 3087 1661 timore
3124 1613 3385 1676 perterriti

1864 1678 2151 1734 clamamus
2183 1684 2248 1736 ad
2270 1687 2707 1753 omnipotentem:
2729 1692 2954 1746 Adhaesit
2975 1697 3255 1764 pavimento
3277 1704 3391 1752 aui-

1862 1782 1946 1819 ma
1967 1784 2109 1833 mea;
2136 1772 2335 1839 viri/ica
2354 1791 2433 1828 me
2459 1776 2733 1832 secundum
2755 1782 2956 1835 verbum
2983 1793 3141 1838 tuum.
3167 1787 3247 1850 Et,
3279 1788 3381 1841 00--

1861 1855 1994 1920 mine
2018 1856 2064 1908 si
2092 1858 2196 1920 visr
2219 1874 2358 1926 potes
2383 1877 2462 1914 me
2485 1863 2681 1918 salvere

1930 1943 2061 1997 Sunt
2084 1948 2275 2001 ctenim
2305 1949 2355 2001 in
2393 1951 2580 2007 divinis
2612 1958 2887 2023 praeceptis
2923 1959 3090 2015 adhuc
3114 1964 3381 2020 sublimio-

1862 2046 1918 2085 ra
1944 2041 1997 2086 et
2021 2031 2309 2088 diﬂiciliora
2339 2039 2404 2090 ad
2433 2039 2749 2107 implendum
2773 2046 3013 2098 mandata
3041 2067 3052 2099 :
3082 2051 3172 2103 sed
3197 2053 3239 2105 si
3267 2068 3387 2121 pro—

1860 2131 2037 2191 pterea
2060 2126 2182 2193 quia
2216 2141 2311 2181 nos
2337 2143 2398 2181 ea
2428 2128 2642 2196 implere
2676 2148 2779 2186 non
2805 2150 3095 2202 possumus,
3125 2140 3240 2194 aliis
3280 2158 3385 2196 non

1858 2210 2334 2280 prmdicaverimus,
2389 2216 2579 2285 duplex
2629 2230 2687 2273 ut
2727 2231 2969 2290 putamus
3017 2228 3209 2281 malum
3261 2240 3379 2285 erit.

1859 2296 2037 2367 Neque
2065 2301 2206 2354 enim
2246 2318 2340 2357 nos
2377 2307 2640 2374 ambigere
2670 2319 2873 2377 oportet
2898 2327 3013 2367 csse
3045 2314 3095 2368 in
3123 2316 3273 2384 plebe
3300 2320 3382 2373 cui

1859 2386 2058 2456 pnelati
2083 2403 2283 2454 sumus,
2308 2391 2508 2461 aliquos
2536 2408 2658 2449 vasa
2694 2398 2881 2452 divinae
2906 2400 3274 2458 misericordia:
3312 2405 3389 2458 cf-

1861 2473 2058 2540 fcctos,
2097 2477 2150 2530 in
2188 2478 2374 2546 quibus
2424 2482 2662 2535 ostendat
2706 2486 2840 2552 Deus
2882 2488 3109 2542 divitias
3140 2492 3386 2546 bonitatis

1857 2578 1996 2628 sum;
2028 2565 2115 2633 qui
2165 2555 2301 2619 solét
2339 2568 2498 2621 etiam
2533 2570 2594 2625 de
2636 2574 2962 2640 sterquilinio
2989 2577 3221 2643 proferre
3248 2596 3381 2649 prm-

1856 2650 2027 2705 claras
2046 2652 2359 2720 margaritas
2371 2665 2676 2711 ornamento
2701 2674 2937 2727 superna‘.
2955 2663 3183 2719 civitatis
3203 2677 3385 2736 aptan-

1856 2737 1968 2803 das,
1983 2750 2089 2808 pro
2113 2740 2304 2808 quibus
2329 2743 2490 2797 taceri
2517 2761 2619 2799 non
2647 2747 2835 2802 debent
2872 2749 3171 2821 Scriptum.
3200 2754 3384 2810 Sciunt
3457 2808 3461 2813 .

1857 2827 1995 2881 enim
2040 2829 2280 2883 doctores
2306 2830 2500 2885 nullam
2538 2847 2653 2888 esse
2695 2835 2747 2889 in
2792 2839 3086 2896 hominibus
3127 2845 3386 2900 conditio-

1855 2929 1994 2979 nem,
2037 2916 2237 2972 nullum
2278 2919 2535 2983 ordinem,
2578 2924 2770 2978 nullam
2807 2935 3033 2994 aetatem,
3072 2933 3267 2988 nullum
3299 2936 3383 2990 in-

215 2998 514 3053 visceribus
545 2999 718 3054 dicere
762 3000 926 3069 possit
998 2999 1172 3054 Dilexi
1214 3002 1453 3071 quoniam
1496 3002 1753 3054 exaudivit
1779 3032 1829 3098 ϐ
1854 3002 2084 3069 genium,
2114 3006 2249 3059 unde
2284 3023 2385 3061 non
2412 3020 2662 3078 'percant,
2705 3021 2757 3066 et
2789 3017 2927 3070 unde
2971 3034 3072 3072 non
3118 3021 3384 3077 solventur

216 3088 472 3142 Dominus
496 3105 662 3143 vocem
694 3089 938 3143 orationis
962 3104 1114 3152 metu,
1138 3090 1259 3159 quia
1284 3088 1542 3143 inclinavit
1579 3107 1754 3144 aurem

214 3192 370 3227 suam
398 3175 540 3229 mihi.
571 3175 637 3229 Et
664 3183 782 3244 post
809 3191 1009 3244 pauca:
1040 3175 1338 3231 Custodiens
1369 3177 1609 3246 parvulos
1647 3179 1756 3233 Do-

214 3264 421 3324 minus;
454 3263 750 3316 humiliatus
782 3279 894 3316 sum
923 3273 969 3316 et
997 3262 1229 3317 liberavit
1247 3280 1345 3317 me.
1366 3265 1444 3319 Ac
1464 3266 1648 3321 deinde
1672 3282 1751 3321 se-

212 3366 414 3405 curus:
442 3348 762 3416 Convertere,
808 3351 1009 3419 inquit,
1051 3352 1223 3405 a‘nima
1264 3368 1405 3418 mea,
1448 3354 1502 3407 in
1532 3354 1751 3424 requiem

212 3451 383 3493 tuam.
412 3440 601 3494 Dicunt
621 3441 961 3496 ecclesiastici
978 3440 1235 3504 doctores,
1262 3442 1531 3511 speculum
1559 3444 1749 3497 anima:

210 3546 338 3586 esse
362 3531 603 3586 mandata
628 3531 822 3597 divina,
854 3541 911 3585 ut
934 3548 1258 3602 unaquchue
1278 3533 1583 3590 ﬁdelissima
1611 3535 1667 3587 in
1688 3549 1751 3587 co

210 3635 274 3675 se
300 3621 537 3683 intuens,
579 3620 935 3689 deprehendat
961 3620 1014 3674 in
1035 3623 1314 3688 semetipsa
1341 3621 1425 3675 vel
1461 3620 1749 3676 fmditatcm

209 3706 465 3760 vitiorum
489 3745 504 3771 ,
549 3704 633 3759 vel
679 3704 1118 3779 pulchritudinem
1165 3706 1439 3760 virtutum.
1468 3706 1532 3760 Et
1556 3707 1751 3762 ideirco

211 3792 495 3847 Psalmista
526 3793 638 3847 ait:
664 3791 804 3846 Tunc
846 3809 947 3847 non
987 3793 1291 3862 confundor,
1315 3811 1428 3847 cum
1456 3812 1751 3866 perspexero

208 3885 271 3935 in
310 3880 541 3935 omnibus
581 3881 836 3934 mandatis
878 3881 996 3934 tuis.
1034 3866 1387 3953 Subauditur,
1420 3884 1464 3936 si
1505 3884 1751 3939 direxeris

210 3970 327 4022 vias
366 3984 504 4023 meas
542 3967 610 4020 ad
654 3968 1011 4021 custodiendas
1044 3967 1441 4035 justiﬁcationes
1486 3978 1619 4023 tuas.
1651 3972 1751 4027 Sed

211 4056 338 4123 quis
358 4063 596 4109 nostrum
618 4056 815 4122 absque
839 4055 939 4108 hac
970 4053 1278 4109 confusione
1302 4065 1516 4112 cantare
1542 4068 1711 4126 potest
1734 4077 1746 4114 :

210 4148 433 4201 Domine
456 4146 702 4201 Dominus
729 4155 895 4200 noster
912 4148 957 4200 si
978 4147 1073 4215 feci
1095 4148 1247 4212 istud,
1270 4149 1314 4202 si
1335 4158 1405 4202 est
1425 4150 1666 4218 iniquitas
1699 4146 1752 4204 in

211 4233 452 4288 inanibus
486 4234 639 4297 meis,
670 4234 715 4287 si
749 4233 948 4286 reddidi
984 4234 1374 4288 retribuentibus
1418 4237 1541 4290 milii
1582 4236 1748 4299 mala,

209 4323 450 4378 decidant
474 4323 650 4375 merito
678 4322 740 4374 ab
764 4322 981 4376 inimicis
1003 4323 1125 4376 meis
1149 4323 1354 4376 inanis?

288 4411 359 4464 De
379 4411 481 4464 hac
507 4410 666 4478 igitur
689 4408 993 4463 confusione
1018 4424 1112 4463 nos
1136 4410 1386 4464 Dominus
1415 4412 1479 4464 ad
1500 4412 1743 4481 gaudium

209 4499 328 4561 vult
369 4499 529 4553 levari
561 4513 679 4552 cum
715 4498 877 4553 dicit:
905 4498 1052 4551 Beati
1093 4501 1210 4552 estis
1244 4515 1357 4551 cum
1396 4499 1747 4565 maledixeriut

207 4589 354 4642 vobis
372 4587 621 4650 licinium,
641 4596 689 4639 et
710 4574 958 4655 persecuti
990 4604 1073 4641 vos
1096 4588 1307 4655 fuerint,
1338 4600 1384 4640 et
1405 4589 1625 4643 dixerint
1642 4606 1748 4642 om-

210 4696 281 4731 ne
304 4676 495 4731 malum
522 4677 789 4729 adversum
816 4692 901 4728 vos
929 4664 1240 4740 mentientes,
1264 4688 1464 4747 propter
1486 4694 1564 4731 me
1584 4692 1601 4728 :
1622 4696 1748 4747 gau-

209 4769 328 4820 dete
373 4777 420 4820 et
465 4765 732 4819 exsultate.
768 4766 832 4819 Et
871 4766 922 4818 in
965 4765 1067 4819 alio
1104 4765 1250 4820 loco:
1280 4764 1433 4819 Orate
1462 4783 1552 4835 pro
1582 4784 1747 4833 perse-

209 4852 481 4925 quentibus
516 4862 561 4906 et
600 4852 1021 4906 calumniantibus
1064 4870 1165 4915 vos,
1211 4865 1279 4911 ut,
1308 4856 1417 4907 sitis
1446 4854 1541 4921 ﬁlii
1578 4854 1747 4909 Patris

211 4945 384 5005 vestri,
412 4945 499 5014 qui
532 4943 584 4996 in
625 4942 759 4996 caelis
791 4951 882 4996 est.
914 4942 1218 5009 Quicunque
1258 4943 1355 4996 hoc.
1402 4957 1466 4995 cx
1508 4944 1747 4999 medullis

162 5016 169 5027 ’λ
211 5031 392 5087 cordis
436 5031 654 5099 implere
676 5026 924 5100 potuerit,
963 5031 1048 5086 ille
1092 5047 1190 5083 non
1231 5030 1591 5098 confundetur,
1632 5050 1745 5085 cum

209 5122 520 5193 perspexerit
540 5122 591 5173 in
619 5122 846 5174 omnibus
870 5121 1124 5174 mandatis
1146 5122 1239 5175 Dei
1280 5132 1521 5190 tanquam
1552 5124 1601 5175 in
1631 5137 1745 5190 spe-

212 5211 354 5265 culo.
406 5209 634 5265 Joannes
675 5226 900 5279 namque
938 5211 1204 5278 apostolus
1241 5213 1352 5264 ait:
1388 5213 1487 5276 Qui
1538 5213 1657 5264 dicit
1692 5229 1745 5264 se

214 5315 363 5353 nosse
400 5298 562 5351 Deum
583 5338 597 5361 ,
628 5308 673 5352 et
702 5300 942 5353 mandata
971 5300 1082 5367 ejus
1119 5317 1216 5351 non
1250 5303 1494 5359 custodit.
1528 5302 1744 5353 mendax

213 5397 308 5440 cst.
336 5387 402 5440 Et
427 5388 611 5441 iterum
636 5404 648 5440 :
680 5387 778 5451 Qui
808 5388 927 5440 dicit
953 5404 1006 5441 sc
1034 5389 1085 5441 in
1110 5389 1216 5455 ipso
1234 5406 1455 5451 manere,
1477 5390 1616 5442 debet
1646 5392 1743 5441 sir-

212 5481 272 5526 ut
311 5471 397 5527 ille
426 5474 717 5538 ambulavit,
752 5475 823 5527 sic
863 5484 907 5527 et
950 5476 1051 5544 ipse
1098 5476 1373 5529 ambulare.
1404 5478 1504 5530 Sed
1543 5479 1604 5531 ad
1632 5480 1743 5532 lucc

214 5562 342 5625 quid
363 5563 505 5616 aliud
526 5566 672 5619 nobis
697 5566 951 5633 agendum
979 5574 1053 5617 est
1075 5605 1089 5627 ,
1118 5566 1213 5618 nisi
1250 5573 1305 5616 ut
1344 5568 1742 5635 iugemisccntcs

1857 3089 1907 3140 in
1936 3088 2117 3142 vitam.
2149 3091 2213 3143 Et
2251 3092 2349 3145 hoc
2375 3108 2438 3147 ex
2461 3096 2659 3162 judicio
2687 3097 2922 3165 justitim,
2954 3112 3005 3157 et
3029 3109 3254 3174 gratuita
3284 3111 3384 3162 uti-

1851 3175 2135 3230 sericordia
2177 3178 2268 3232 Dei
2309 3179 2444 3233 [tunc
2488 3182 2802 3239 Itumiliantis
2833 3188 3039 3242 ethunc
3086 3175 3383 3259 exultantis,

1849 3264 1971 3332 quia
2008 3265 2145 3318 calix
2196 3267 2250 3319 in
2295 3284 2450 3320 manu
2478 3269 2588 3337 ejus
2632 3272 2735 3324 vini
2775 3276 2901 3328 meri
2937 3275 3115 3347 plenus
3141 3281 3311 3344 misto,
3337 3299 3385 3335 et

1848 3353 2062 3407 inclinat
2093 3371 2157 3408 ex
2195 3355 2290 3409 hoc
2327 3358 2378 3410 in
2414 3357 2562 3411 illud.
2595 3360 2658 3413 Et
2680 3370 2955 3429 propterea
2982 3366 3170 3423 debent
3194 3372 3383 3437 pranli-

1850 3442 1956 3493 cari
2005 3440 2311 3511 Scriptum,
2361 3446 2515 3499 debet
2562 3462 2748 3500 sonare
2791 3449 3149 3519 Erangelium,
3191 3455 3382 3510 debent

1848 3530 2148 3583 auunutiari
2190 3538 2244 3584 et
2289 3541 2517 3585 terrores
2563 3534 3047 3601 comminationum,
3082 3548 3135 3592 et
3180 3541 3383 3597 blandi-

1849 3624 2023 3669 menta
2072 3617 2508 3671 consolationem.
2553 3619 2682 3685 Quia
2732 3622 2783 3674 in
2827 3622 2980 3690 plebe
3025 3626 3379 3683 ecclesiastica

1847 3704 2105 3758 exsistunt
2137 3712 2191 3758 et
2218 3705 2540 3769 duricordes,
2573 3708 2762 3776 quibus
2796 3711 2941 3763 utilia
2989 3720 3112 3766 sunt
3148 3716 3376 3770 tonitrua

1848 3799 1901 3843 ct
1929 3792 2127 3861 grando
2155 3806 2453 3845 sermonum
2495 3793 2609 3857 Dei,
2656 3810 2774 3862 qua:
2819 3798 3044 3865 primum
3088 3802 3382 3869 percutiant

1848 3886 1902 3931 et
1924 3886 2102 3946 postea
2135 3879 2370 3946 irrigeut.
2395 3880 2638 3934 Existunt
2664 3892 2719 3935 et
2745 3884 2914 3946 mites,
2944 3889 3132 3953 quibus
3154 3897 3383 3944 tantum-

1847 3968 2003 4022 modo
2032 3967 2162 4022 lenis
2206 3976 2261 4021 et
2295 3967 2532 4037 placidus
2558 3984 2733 4025 sermo
2757 3972 2900 4026 verbi
2929 3974 3088 4027 divini
3112 3978 3377 4044 expediat.

1850 4055 1938 4109 Sic
1962 4056 2103 4109 enim
2148 4056 2201 4109 in
2230 4057 2330 4109 hoc
2356 4057 2550 4109 mundo
2574 4052 2816 4120 vivimus,
2847 4065 2903 4111 ut
2929 4073 3134 4129 semper
3173 4063 3380 4121 solliciti

1848 4146 1957 4200 Deo
1998 4145 2171 4200 dicere
2212 4160 2316 4197 non
2343 4158 2609 4222 cessemus
2636 4159 2649 4197 :
2681 4142 2846 4200 Sitivit
2870 4147 2924 4199 in
2951 4157 2997 4200 te
3022 4151 3195 4222 anima
3233 4166 3380 4214 mea;

1846 4249 1999 4303 quam
2024 4230 2368 4301 multipliciter
2391 4219 2484 4285 tibi
2522 4249 2642 4289 caro
2668 4235 2812 4287 mea!
2847 4235 2899 4288 in
2924 4244 3060 4290 terra
3083 4219 3304 4302 deserta,
3332 4251 3379 4294 et

1790 4331 1824 4393 ξι
1848 4324 1984 4377 invia
2009 4332 2056 4376 et
2078 4324 2343 4393 inaquosa.
2370 4323 2593 4378 Vascula
2634 4324 2917 4377 enimsunt
2951 4327 3137 4380 anima:
3166 4336 3377 4384 nostne.

1849 4413 1983 4482 Ergo
2030 4412 2248 4468 levanda
2295 4422 2418 4468 sunt
2457 4413 2523 4466 ad
2552 4406 2716 4467 Deuin
2756 4428 2785 4465 a
2824 4412 2975 4467 nobis
3001 4417 3295 4483 petentibus
3328 4426 3381 4472 et

1842 4503 2215 4569 qumreutibus,
2238 4509 2294 4556 et
2337 4500 2613 4555 dicendum
2646 4498 2873 4554 :Anima
2898 4517 3011 4555 utea
3060 4503 3190 4557 sicut
3239 4515 3376 4559 terra

1844 4592 1953 4642 sine
1974 4606 2107 4659 aqua
2135 4589 2246 4642 tibi.

1913 4680 2046 4733 Ecce
2080 4680 2191 4732 hzcc
2240 4677 2389 4744 juxta
2414 4676 2750 4747 exiguitatem
2776 4693 2960 4731 sensus
2986 4680 3150 4733 nostri
3191 4680 3257 4732 ad
3296 4681 3376 4733 in-

1844 4776 2104 4835 terrogata
2146 4766 2509 4836 respondimus
2548 4766 2805 4828 breviter,
2846 4760 3197 4835 signiﬁcantes
3240 4784 3372 4836 quo-

1844 4855 1997 4909 modo
2028 4854 2228 4922 plebem
2277 4864 2509 4908 nostram
2561 4855 2861 4916 doceamus,
2900 4859 2953 4907 et
2993 4868 3053 4907 ca
3079 4869 3194 4923 qua:
3219 4854 3374 4909 doce-

1843 4960 1990 5005 mus,
2039 4945 2262 5011 qualiter
2308 4958 2404 4996 nos
2447 4943 2544 5011 ipsi
2590 4941 2961 4996 custodiamus.
3006 4942 3152 4995 Nunc
3196 4952 3372 4997 auten

1842 5033 2098 5085 maximas
2134 5034 2280 5086 vobis
2322 5031 2599 5085 referimus
2632 5033 2842 5102 gratias,
2871 5031 3286 5085 constantissime
3319 5043 3369 5088 et

1841 5122 2213 5191 gloriosissime
2249 5121 2552 5189 imperator,
2582 5136 2788 5187 semper
2830 5118 2972 5183 felix,
3020 5121 3233 5188 optime,
3281 5137 3373 5173 an-

1842 5221 2010 5281 gusto,
2038 5213 2123 5280 qui
2155 5226 2250 5265 nos
2277 5212 2359 5279 pia
2384 5220 2556 5265 vestra
2598 5210 2943 5264 sollicitudine
2981 5219 3227 5276 tanquam
3251 5210 3370 5262 dor-

1842 5304 2061 5355 mieutcs
2105 5300 2366 5364 excitatis,
2410 5308 2463 5354 et
2492 5309 2753 5366 torporem
2787 5298 2978 5351 mentis
3005 5304 3191 5350 nostra-
3215 5312 3373 5351 excu-

1842 5391 1969 5453 titis,
2016 5398 2067 5442 et
2115 5389 2179 5442 ad
2226 5396 2461 5443 sanctum
2509 5387 2816 5440 exercitium
2862 5384 3174 5452 provocatis,
3222 5389 3376 5454 quasi

1842 5495 1961 5533 eum
2008 5480 2257 5547 propheta
2306 5484 2498 5531 sancte
2527 5477 2760 5530 dicentes
2803 5475 3065 5537 Ecclesiae,
3104 5490 3197 5542 pro
3225 5474 3372 5539 cujus

1843 5566 2141 5621 defensione
2190 5581 2279 5620 vos
2318 5565 2565 5619 Dominus
2598 5562 2757 5618 'Jcsus
2799 5562 3035 5616 Christus
3064 5575 3371 5615 conservare
