3922 6222
531 349 627 403 871
1539 337 1851 391 LEIDRADI
1892 332 2363 391 LUGDUNENSIS
2408 330 2701 387 EPISCOPI
3627 325 3721 378 872

530 459 777 524 dignatur
807 472 820 508 :
854 454 1101 508 Excutere
1135 454 1195 506 de
1230 452 1449 521 pulvere,
1483 466 1747 518 consurge,
1781 449 1896 501 sede
1924 449 2073 501 Jeru-
2103 455 2147 507 Α
2175 447 2462 513 perducere
2493 444 2752 513 dignetur,
2804 438 3163 495 transferendo
3205 439 3267 490 dc
3312 451 3479 506 regno
3533 438 3603 488 ad
3644 451 3713 489 re

532 547 688 598 autem
707 586 720 607 ,
753 544 816 598 ad
842 544 991 612 cujus
1017 543 1275 612 fastigium
1306 542 1357 593 in
1401 540 1720 608 sempiterna
1760 538 1925 605 gloria
1950 551 2071 604 par—

533 634 871 700 ticipandum,
893 646 1004 694 vos,
1023 640 1078 685 ut
1100 641 1219 699 po:c
1233 629 1598 681 charissimum
1622 626 1915 679 membrum
1937 623 2069 690 ejus,

2175 548 2353 601 gnum,
2389 531 2491 583 Rea:
2520 546 2691 599 regum
2719 540 2765 581 et
2797 529 3043 582 Dominus
3073 527 3471 581 dominantium.

1968 769 2278 777 Μ.

1268 874 2001 1002 LEIDRADI
2094 874 2928 998 EPISTOL/E.

1005 1170 1328 1227 EPISTOLA
1366 1168 1589 1222 PRIMA.

752 1277 777 1304 ⁸
816 1280 882 1318 ΑΙ)
918 1274 1159 1315 εΛιιοιωι
1199 1272 1409 1313 ΙΙΑϐΝυΙ
1448 1272 1841 1310 ΙΙΡΕΒᾹΤΟΜΞΜ.

600 1353 820 1407 Summo
866 1350 1057 1404 Carolo
1104 1345 1408 1415 imperatori
1464 1344 1756 1399 Leidradus
1799 1346 2075 1413 episcopus

538 1440 905 1511 Lugdunensis
932 1439 1173 1493 salutem.

586 1530 803 1582 Domine
815 1536 1011 1590 noster,
1028 1534 1275 1580 constans
1290 1534 1345 1578 et
1356 1540 1508 1580 sacer
1521 1524 1825 1592 imperator,
1841 1521 2077 1601 supplico

530 1616 822 1670 clementia:
849 1615 1176 1668 celsitudinis
1212 1623 1419 1675 vestrm,
1450 1622 1509 1666 ut
1536 1613 1675 1666 hanc
1700 1612 1915 1666 brevem
1959 1626 2077 1679 sug-

2178 1165 2384 1218 scholas
2422 1165 2693 1227 lectorum,
2720 1183 2822 1221 non
2847 1169 3017 1223 solum
3045 1171 3133 1237 qui
3158 1171 3451 1225 officiorum
3484 1174 3721 1227 lectioni-

2182 1255 2277 1305 lms
2325 1262 2653 1315 exercentur,
2700 1256 2790 1308 sed
2835 1259 2993 1309 etiam
3032 1259 3083 1310 in
3124 1260 3419 1313 divinorum
3471 1261 3726 1314 librorum

2177 1342 2514 1404 meditatione
2530 1343 2779 1410 spiritalis
2800 1344 3153 1415 intelligentia:
3175 1348 3198 1399 f
3198 1356 3375 1402 ructus
3394 1364 3726 1417 consequan-

2178 1437 2287 1491 tur;
2334 1444 2397 1483 ex
2428 1431 2618 1497 quibus
2645 1432 2877 1485 nonnulli
2918 1436 2982 1487 de.
3008 1433 3143 1489 libro
3164 1435 3577 1505 Evangeliorum
3611 1453 3725 1491 scn-

2178 1533 2293 1570 sum
2345 1518 2630 1585 spiritalem
2696 1520 2853 1572 etiam
2905 1536 2967 1573 ex
3025 1530 3175 1590 parte
3224 1520 3442 1591 adipisci
3488 1534 3725 1593 possunt.

2179 1605 2419 1672 Plerique
2444 1620 2569 1658 vero
2588 1605 2779 1659 librum
2800 1608 3174 1676 prophetarum
3198 1612 3489 1664 secundum
3518 1613 3727 1679 spiritao

525 1703 909 1771 gestiunculam
936 1716 1107 1777 meam
1127 1701 1274 1755 vultu
1300 1700 1639 1755 serenissimo
1664 1700 1888 1754 audiatis
1914 1717 1927 1751 :
1951 1716 2079 1768 qua-
2112 1706 2153 1763 Β
2182 1692 2283 1765 lem
2316 1692 2707 1758 intelligentiam
2733 1694 2906 1760 adepti
2931 1704 3073 1749 sunt.
3105 1695 3359 1751 Similiter
3382 1697 3554 1752 libros
3586 1698 3727 1753 Salo-

528 1794 847 1859 tenus'qure
896 1775 983 1843 hic
1037 1790 1235 1842 inserta
1286 1788 1444 1851 ‘sunt,
1493 1788 1745 1857 piissima:
1787 1789 2078 1857 prudentia:

527 1889 717 1936 vestra:
752 1887 873 1932 nota
902 1878 1018 1931 fieri
1048 1885 1271 1945 queant,
1298 1885 1353 1930 et
1379 1877 1602 1931 intentio
1630 1892 1761 1931 mete
1781 1878 2081 1945 postulatio-

532 1970 616 2021 nis
640 1969 707 2021 ab
748 1968 969 2035 ingenua
1012 1966 1287 2019 clementia
1322 1975 1498 2019 vestra
1525 1966 1916 2020 reminiscatur.
1943 1964 2078 2019 Olim

530 2071 616 2108 me
641 2054 1036 2124 exiguissimnm
1066 2052 1378 2109 famulorum
1407 2062 1702 2108 vestrorum
1745 2053 1811 2107 ad
1846 2055 2078 2121 regimen

538 2143 787 2197 Ecclesia:
832 2142 1201 2211 Lugdunensis
1251 2143 1517 2195 destinare
1553 2142 1809 2219 voluistis,
1838 2157 1956 2196 cum
1985 2156 2081 2210 ego

534 2234 659 2286 huic
701 2230 878 2287 oflicio
923 2234 1091 2299 impar
1122 2232 1406 2284 existerem
1432 2238 1490 2284 et
1531 2231 1790 2299 indignus.
1824 2231 1926 2285 Sed
1967 2248 2078 2291 vos,

531 2323 620 2390 qui
652 2336 757 2372 non
785 2320 1058 2373 attenditis
1084 2319 1353 2395 hominum
1384 2320 1594 2384 merita,
1622 2321 1713 2373 sed
1741 2328 1969 2373 vestram
2000 2336 2084 2372 so-

530 2413 679 2465 litam
709 2410 1065 2472 clementiam,
1092 2410 1274 2477 egistis
1315 2408 1379 2460 de
1409 2423 1491 2461 me
1518 2410 1655 2462 sicut
1698 2406 1944 2462 ineffabili
1975 2410 2083 2476 pie-

530 2500 626 2553 tati
649 2508 837 2552 vestrm
854 2498 1069 2566 placuit,
1087 2484 1229 2549 nullo
1248 2497 1508 2550 existente
1525 2498 1713 2550 merito
1735 2511 1877 2559 meo;
1899 2512 2084 2564 meque

532 2586 815 2641 admonere
850 2587 1046 2654 dignati
1081 2585 1228 2648 estis,
1268 2592 1323 2637 ut
1356 2599 1453 2653 ego
1495 2584 1862 2639 sollicitudinis
1901 2600 2082 2637 curam

533 2689 790 2743 gererem,
817 2684 870 2726 et
906 2682 962 2726 ut
990 2674 1319 2742 negligentia
1347 2689 1465 2741 quae
1490 2675 1541 2725 in
1568 2674 1814 2741 ptmdicta
1848 2674 2080 2727 Ecclesia

532 2771 845 2832 perpetrata:
866 2764 1235 2824 noscebantur,
1259 2762 1665 2814 emendarentur
1686 2772 1737 2813 et
1774 2770 2083 2829 perpetrau-

535 2854 614 2906 «ιω
641 2854 955 2905 vitarentur.
988 2852 1113 2904 Erat
1154 2852 1293 2903 enim
1348 2850 1486 2903 dicta
1537 2850 1768 2903 Ecclesia
1817 2851 1993 2903 multis
2033 2852 2083 2903 in

536 2944 692 2994 rebus
714 2940 967 2993 destituta
1002 2940 1223 2991 interius
1270 2939 1625 3004 exteriusque,
1670 2945 1775 2989 tam
1808 2938 1857 2989 in
1896 2937 2085 2991 officiis

2178 1780 2366 1841 monis,
2398 1780 2479 1832 vel
2520 1780 2682 1835 libros
2729 1781 3074 1847 Psalmorum,
3119 1792 3275 1852 atque
3317 1788 3481 1840 etiam
3521 1785 3641 1839 Job.
3676 1789 3725 1839 ln

2181 1867 2330 1920 libris
2357 1865 2566 1936 quoque
2614 1872 3031 1936 conscribendis,
3078 1874 3131 1925 in
3159 1876 3341 1927 eadem
3382 1875 3647 1939 Ecclesia,
3676 1879 3725 1929 in

2180 1966 2433 2025 quantum
2456 1960 2621 2025 potui,
2641 1960 2928 2013 elaboravi.
2947 1961 3201 2016 Similiter
3213 1965 3531 2018 vestimenta
3554 1981 3725 2019 sacer-

2183 2047 2363 2099 dotum
2394 2046 2472 2099 vel
2503 2048 2790 2101 ministeria
2811 2051 3109 2115 procuravi.

2254 2136 2324 2187 De
2370 2138 2752 2189 restauratione
2779 2139 2939 2189 etiam
2983 2138 3370 2202 ecclesiarumw
3386 2142 3437 2195 in
3470 2152 3722 2209 quantum

2183 2223 2341 2285 valui,
2367 2239 2469 2276 non
2498 2224 2728 2288 cessavi;
2757 2227 2827 2278 ita
2854 2235 2909 2279 ut
2928 2225 3161 2292 ejusdem
3182 2229 3414 2283 civitatis
3441 2233 3722 2284 maximan

2183 2312 2479 2374 ecclesiam,
2504 2327 2620 2378 qua:
2643 2321 2724 2367 est
2750 2314 2802 2365 in
2828 2315 3081 2368 honorem
3111 2319 3277 2370 sancti
3306 2316 3528 2373 Joannis
3559 2320 3725 2390 Bapti-

2184 2408 2295 2462 stae,
2326 2416 2355 2453 a
2386 2414 2521 2452 novo
2552 2401 2875 2468 operuerim,
2917 2410 2970 2456 et
2994 2404 3251 2458 macerias
3276 2420 3339 2459 ex
3370 2418 3523 2475 parte
3552 2422 3726 2462 erexe—

2184 2491 2304 2544 rim.
2333 2490 2588 2545 Similiter
2614 2492 2850 2547 ecclesia:
2878 2496 3044 2548 sancti
3077 2495 3329 2565 Stephani
3366 2506 3722 2568 tegumentum

2184 2579 2247 2632 de
2280 2592 2417 2632 novo
2458 2578 2766 2633 instauravi.
2796 2581 3084 2637 Eeclesiam
3114 2599 3324 2654 quoque
3348 2588 3522 2641 sancti
3545 2587 3723 2641 Nicetii

2185 2667 2250 2720 de
2281 2682 2419 2720 novo
2446 2668 2604 2721 etiam
2631 2670 2904 2725 aediﬁcavi.
2945 2672 3200 2727 Similiter
3221 2676 3499 2730 ecclesiam
3537 2685 3723 2729 sancta:

2185 2753 2380 2807 Maria.
2414 2753 2611 2807 Prazter
2631 2758 3071 2812 monasteriorum
3094 2750 3524 2826 restaurationes,
3547 2763 3723 2816 domus

2183 2856 2390 2910 quoque
2412 2843 2752 2912 episcopales,
2779 2845 2911 2899 inter
2936 2860 3068 2914 quas
3094 2864 3250 2902 unam
3274 2851 3591 2912 restauravi,
3614 2866 3723 2918 qua:

2177 2928 2286 2995 jam
2311 2944 2445 2997 pene
2464 2930 2732 2985 destructa
2752 2938 2886 2995 erat,
2916 2950 3072 3002 quam
3100 2938 3302 3004 operui.
3332 2938 3503 2992 Aliam
3527 2954 3722 3008 quoque

535 3044 695 3097 quam
722 3029 772 3079 in
802 3027 1038 3079 aediliciis
1064 3034 1115 3079 et
1134 3027 1340 3079 caeteris
1368 3025 1740 3078 ecclesiasticis
1766 3026 2082 3078 ministeriis.

2193 3016 2405 3071 domum
2433 3033 2550 3072 cum
2577 3019 2769 3075 solario
2802 3022 3073 3087 aedificavi,
3104 3032 3158 3078 et
3179 3026 3468 3093 duplicavi;
3502 3037 3558 3080 et
3598 3028 3723 3080 hanc

536 3117 645 3184 Ego
667 3114 990 3167 humillimus
1004 3114 1241 3166 servulus
1261 3122 1450 3174 vester,
1468 3122 1745 3181 postquam
1762 3113 1952 3167 ibidem
1967 3129 2086 3182 per-

538 3206 678 3267 veni,
707 3218 823 3271 qua:
849 3218 965 3255 cum
997 3203 1086 3255 Dei
1114 3201 1374 3268 adjutorio
1410 3211 1461 3255 et
1485 3211 1659 3255 vestro
1685 3202 1861 3271 peregi
1887 3200 2080 3254 audite.

536 3294 818 3359 Quoniam,
846 3302 901 3343 ut
930 3294 1195 3359 inspector
1221 3290 1662 3348 conscientiarum
1692 3290 1945 3343 Dominus
1964 3304 2082 3341 om-

534 3384 777 3450 nipnteus
804 3381 928 3433 mihi
962 3379 1109 3431 testis
1136 3388 1235 3441 est,
1266 3394 1368 3432 non
1400 3378 1487 3430 tali
1518 3379 1807 3432 intentione
1844 3394 1905 3432 ea
1933 3380 2015 3430 vol
2042 3379 2083 3430 is

537 3470 796 3540 patefacio
827 3483 943 3538 qua:
982 3468 1219 3521 dicturus
1270 3455 1402 3530 Sum,
1430 3475 1485 3520 ut
1526 3476 1802 3535 propterea
1846 3468 1898 3519 in
1932 3468 2087 3520 rebus

537 3561 717 3623 augeri
744 3571 987 3620 merear;
1020 3571 1189 3623 neque
1215 3556 1356 3609 aliud
1385 3556 1489 3610 tale
1531 3556 1582 3608 in
1623 3556 1939 3625 cogitatione
1970 3570 2085 3609 mea

537 3646 828 3712 mniposui,
859 3654 916 3698 ut
946 3647 1309 3713 acquisitionis
1338 3645 1464 3698 mihi
1492 3646 1700 3698 occasio
1722 3646 1811 3707 sit,
1846 3659 1943 3697 nec
1966 3659 2085 3711 sug-

531 3753 694 3803 gere,
750 3738 995 3804 quoniam
1040 3736 1273 3802 quotidie
1322 3736 1520 3789 exitum
1572 3751 1598 3786 a
1642 3735 1801 3787 rebus
1843 3735 2086 3785 humanis

532 3828 795 3894 suspicor,
826 3836 1038 3891 propter
1068 3822 1426 3878 infirmitatem
1458 3837 1650 3883 meam,
1679 3831 1732 3874 et
1765 3822 2088 3876 incessanter

530 3919 599 3967 de
645 3923 813 3965 morte
853 3920 1129 3980 suspectus
1164 3926 1300 3965 sum.
1348 3912 1411 3964 Et
1458 3911 1574 3965 ideo
1617 3911 1728 3963 lucc
1754 3924 1997 3978 suggero,
2028 3918 2085 3961 ut

537 4018 658 4057 cum
680 4001 1065 4069 benignissimis
1087 4000 1304 4053 auribus
1326 4001 1516 4053 vestris
1534 4007 1847 4066 prmsentata
1867 3998 2081 4058 fuerint.

537 4100 591 4143 et
618 4090 901 4161 clementer
935 4090 1187 4156 inspecta,
1228 4089 1271 4139 si
1313 4103 1417 4155 qua
1443 4089 1577 4141 bene
1601 4094 1656 4139 et
1679 4087 1964 4139 secundum
1992 4103 2081 4137 vo-

538 4179 791 4230 luntatem
823 4185 1049 4228 vestram
1094 4177 1252 4244 geSsi,
1292 4184 1411 4242 post
1454 4190 1629 4228 meum
1666 4174 1955 4227 discessum
1983 4192 2082 4226 una

543 4266 807 4325 deficiant,
833 4272 922 4315 aut
951 4275 1187 4329 pereant.

2188 3114 2400 3174 prepter
2425 3121 2519 3166 vos
2542 3110 2756 3175 paravi;
2782 3117 2840 3162 ut
2864 3111 2907 3163 si
2931 3110 2982 3163 in
3010 3111 3111 3164 illis
3137 3114 3376 3180 partibus
3398 3122 3575 3168 vester
3595 3124 3721 3168 esset

2185 3195 2458 3256 adventus,
2496 3196 2547 3249 in
2584 3211 2646 3249 ea
2690 3197 2884 3267 suscipi
2926 3201 3171 3267 possetis.
3200 3201 3499 3257 Claustrum
3526 3220 3721 3273 quoque

2183 3289 2494 3341 clericorum
2541 3290 2833 3354 construxi,
2874 3291 2925 3343 in
2955 3307 3060 3359 quo
3098 3307 3284 3347 omnes
3332 3310 3471 3348 nunc
3500 3297 3599 3349 sub
3628 3311 3718 3348 uno

2184 3377 2419 3429 conclavi
2466 3395 2680 3432 manere
2725 3389 3031 3434 noscuntur.
3059 3381 3113 3435 In
3142 3383 3325 3437 eadem
3356 3386 3570 3439 civitate
3600 3385 3719 3438 alias

2186 3467 2473 3519 rcstauravi
2495 3467 2746 3521 ecclesias
2772 3485 2784 3518 :
2814 3483 2972 3520 unam
2997 3469 3209 3536 quidem
3237 3471 3287 3523 in
3322 3472 3577 3527 honorem
3605 3488 3716 3528 san-

2184 3561 2281 3605 cta:
2310 3553 2541 3614 Eulalia»,
2565 3554 2652 3606 ubi
2680 3553 2776 3607 fuit
2809 3557 3183 3610 monasterium
3207 3558 3522 3626 puellarum,
3554 3562 3605 3614 in
3631 3561 3718 3613 ho-

2185 3656 2365 3695 norem
2400 3642 2571 3695 sancti
2622 3643 2852 3713 Georgii,
2886 3659 3043 3710 quam
3072 3645 3136 3698 de
3181 3661 3316 3699 novo
3340 3649 3547 3715 operui,
3578 3658 3629 3701 et
3661 3662 3716 3700 ex

2186 3740 2332 3796 parte
2356 3732 2610 3782 macerias
2629 3729 2743 3795 ejus
2765 3747 2793 3783 a
2818 3730 3176 3785 fundamentis
3194 3735 3359 3786 erexi.
3383 3735 3501 3788 Alia
3526 3750 3717 3805 quoque

2185 3819 2371 3870 domus
2397 3818 2448 3871 in
2486 3820 2736 3872 honorem
2764 3820 2930 3873 sancti
2967 3819 3114 3872 Pauli
3142 3820 3205 3874 de
3244 3836 3378 3877 novo
3420 3832 3604 3891 operta
3626 3832 3715 3877 est.

2256 3905 2628 3960 Monasterium
2652 3921 2860 3975 quoque
2881 3906 3169 3974 puellarum
3211 3909 3263 3961 in
3286 3909 3543 3963 honorem
3564 3911 3715 3965 sancti

2185 3993 2324 4048 Petri
2388 3996 2719 4063 dedicatum,
2778 3997 2865 4049 ubi
2925 4012 3117 4066 corpus
3175 3999 3343 4051 sancti
3398 3999 3716 4053 Annemundi

2186 4085 2430 4152 martyris
2476 4085 2744 4136 humatum
2792 4094 2905 4148 est,
2952 4088 3091 4153 quod
3130 4088 3249 4155 ipse
3277 4096 3489 4142 sanctus
3538 4098 3716 4157 martyr

2183 4180 2235 4221 et
2286 4172 2559 4238 episcopus
2614 4172 2865 4231 instituit,
2908 4188 3005 4241 ego
3039 4189 3068 4225 a
3104 4174 3458 4230 fundamentis
3499 4186 3608 4230 tam
3642 4192 3695 4230 ec

2184 4261 2396 4311 etesiam
2427 4275 2585 4327 quam
2630 4261 2841 4313 domum
2882 4264 3193 4325 restauravi,
3224 4265 3312 4315 ulti
3358 4279 3496 4317 nunc
3543 4264 3714 4318 sancti

608 4354 840 4419 Denique
874 4362 1168 4419 postquam,
1205 4353 1489 4405 secundum
1511 4350 1799 4417 iussionem
1830 4362 2077 4408 vestram,
2117 4343 2160 4397 l)
2186 4349 2439 4400 moniales
2468 4365 2687 4402 numero
2715 4350 2922 4419 triginta
2948 4350 3084 4428 dum,
3126 4353 3412 4406 secundum
3444 4351 3714 4407 institutio-

540 4443 871 4509 sa'pedictam
902 4441 1189 4493 Ecclesium
1220 4442 1446 4509 suscepi,
1467 4440 1616 4508 juxta
1645 4442 1785 4495 vires
1808 4442 2083 4507 parvitatis

543 4544 671 4581 meae
699 4530 840 4580 omni
881 4529 1133 4581 industria
1164 4529 1265 4594 egi,
1289 4538 1346 4580 ut
1366 4529 1586 4581 clericos
1610 4526 1860 4580 officiales
1886 4530 2084 4595 potuis-

539 4632 649 4669 sem
680 4616 813 4667 sicut
840 4615 948 4680 jam
994 4616 1097 4666 Deo
1130 4614 1333 4667 favente
1359 4630 1418 4667 ev
1452 4630 1639 4682 magna
1670 4623 1817 4681 parte
1845 4615 1968 4665 mihi
1994 4614 2084 4665 ha—

542 4707 663 4758 here
689 4705 885 4757 videor.
924 4704 984 4754 Et
1015 4703 1128 4753 ideo
1158 4701 1332 4755 ofﬁcio
1361 4715 1545 4757 vestne
1570 4703 1784 4772 pietatis
1806 4703 2002 4771 placuit
2031 4712 2087 4754 ut

540 4796 605 4847 ad
634 4794 938 4863 petitionem
982 4809 1149 4845 meam
1178 4792 1305 4845 mihi
1343 4778 1700 4845 concederetis
1726 4792 1960 4845 redditus
1996 4793 2082 4859 qui

542 4885 606 4936 ab
652 4884 866 4949 antiquo
915 4880 1120 4933 fuerant
1170 4881 1234 4933 de
1290 4878 1621 4949 Lngdun’ensi
1676 4880 1902 4933 Ecclesia
1946 4898 1956 4931 :
1994 4895 2088 4947 per

542 4988 719 5039 quam,
754 4972 861 5024 Deo
883 4969 1118 5035 juvaute,
1160 4979 1211 5022 et
1244 4970 1482 5023 mercede
1512 4976 1682 5021 vestra
1712 4977 1992 5029 annuente,
2033 4970 2084 5020 in

546 5060 876 5127 Lugtunensi
908 5058 1137 5111 Ecclesia
1177 5064 1256 5108 est
1287 5057 1415 5109 ordo
1455 5056 1701 5122 psallendi
1743 5058 2082 5117 instauratus,

542 5157 598 5199 ut
629 5148 776 5213 juxta
801 5148 938 5198 vires
965 5154 1171 5197 nostras
1211 5142 1497 5196 secundum
1538 5144 1692 5196 ritum
1735 5146 1868 5199 sacri
1899 5143 2085 5196 Palatii

542 5234 684 5287 omni
714 5249 772 5285 ex
803 5242 947 5299 parte
977 5234 1056 5299 agi
1081 5216 1321 5285 videatur
1342 5230 1592 5298 quidquid
1621 5234 1684 5286 ad
1714 5234 1943 5287 divinum
1975 5248 2087 5300 per-

544 5321 846 5391 solvendum
875 5319 1103 5371 ofticium
1140 5320 1269 5373 ordo
1295 5321 1551 5388 exposcit.
1582 5320 1709 5373 Nam
1737 5322 1904 5375 habeo
1930 5322 2085 5375 scho-

548 5410 625 5462 las
647 5419 939 5471 cantorum,
970 5423 1032 5461 ex
1062 5411 1249 5475 quibus
1274 5410 1511 5479 plerique
1541 5409 1609 5461 ita
1638 5419 1757 5463 sunt
1781 5412 1993 5473 eruditi,
2031 5419 2087 5464 ut

549 5498 677 5549 alios
706 5498 861 5549 etiam
890 5496 1095 5549 erudire
1134 5498 1353 5563 possint.
1406 5497 1601 5551 Pl‘:ClCl‘
1626 5498 1735 5551 haec
1764 5512 1887 5549 vero
1919 5499 2085 5551 balteo

617 5599 640 5622 δ
681 5584 750 5637 liv
783 5585 989 5639 Baluzio
1014 5588 1199 5654 prima.

2181 4453 2300 4491 nem
2333 4439 2623 4506 regularem
2655 4439 2907 4501 viventes,
2953 4441 3192 4495 habitare
3217 4442 3477 4495 videntur.
3509 4442 3574 4495 Et
3613 4455 3710 4495 mo-

2184 4529 2472 4580 naszcrium
2518 4527 2690 4597 regale
2737 4527 2919 4580 insulae
2964 4528 3205 4583 Barbarae
3239 4529 3433 4600 (situm
3466 4531 3517 4583 in
3561 4528 3713 4583 medio

2183 4618 2364 4669 Araris
2393 4616 2554 4677 fluvii,
2578 4616 2715 4681 quod
2735 4615 3026 4683 antiquitus
3045 4624 3126 4669 est
3156 4616 3457 4671 dedicatum
3483 4618 3540 4671 in
3568 4617 3712 4670 hono-

2185 4721 2295 4759 rem
2317 4707 2481 4759 sancti
2512 4706 2735 4758 Andrea:
2762 4707 2980 4773 apostoli
3010 4715 3063 4759 et
3090 4706 3323 4759 omnium
3351 4707 3709 4775 apostolorum.

2185 4814 2324 4850 nunc
2352 4804 2523 4849 autem
2556 4796 2604 4847 in
2650 4796 2900 4848 honorem
2933 4796 3099 4849 sancti
3130 4795 3340 4848 Martini
3371 4803 3558 4850 reCens
3586 4792 3713 4847 vide-

2187 4895 2272 4937 tur
2296 4900 2410 4937 esse
2456 4883 2725 4936 fundatum
2768 4882 2917 4950 jussu
2947 4884 3122 4937 domni
3154 4883 3325 4937 Caroli
3376 4882 3707 4953 imperatoris,

2184 4973 2271 5038 qui
2304 4972 2491 5025 i'~idem
2533 4969 2766 5038 prmfeeit
2794 4972 3060 5024 dominum
3102 4971 3442 5024 Benedictum
3463 4972 3705 5027 abbatem,

2185 5077 2301 5114 cum
2332 5076 2435 5128 quo
2474 5062 2629 5118 simul
2674 5062 2867 5114 direxit
2892 5062 2963 5115 ibi
3005 5075 3128 5115 suos
3156 5059 3385 5129 codices)
3418 5062 3490 5115 ita
3522 5068 3705 5115 restau-

2188 5149 2314 5210 ravi,
2346 5158 2404 5201 ιιι
2428 5158 2564 5203 tecta
2592 5150 2654 5201 de
2680 5163 2816 5201 novo
2843 5149 3054 5214 fuerint,
3080 5158 3133 5203 et
3156 5149 3329 5218 aliqua
3370 5150 3434 5203 de
3487 5146 3711 5202 maceriis

2186 5254 2212 5290 a
2248 5238 2598 5290 fundamentis
2626 5228 2943 5301 erecta;'ubi
2990 5253 3129 5290 nunc
3172 5236 3415 5290 monachi
3442 5234 3706 5291 secundum

2187 5327 2476 5395 regularem
2520 5326 2846 5393 disciplinam
2891 5341 3110 5379 numero
3159 5325 3438 5395 nonaginta
3490 5324 3709 5378 habitare

2187 5419 2445 5469 videntur.
2499 5416 2591 5467 Cui
2630 5416 2787 5468 etiam
2832 5416 3006 5467 abbati
3056 5415 3365 5468 tradidimus
3413 5399 3704 5481 potestatem

2189 5506 2377 5574 ligandi
2413 5514 2464 5556 et
2484 5505 2714 5557 solvendi
2744 5506 2816 5557 uti
2860 5506 3153 5557 habuerunt
3183 5504 3597 5570 prmdecessores
3617 5499 3707 5560 sui,
