3922 6222
211 417 316 475 επ

1614 392 1976 448 EPISTOUE.

3257 394 3361 454 871

212 530 416 583 scilicet
457 524 783 585 Ambrosius,
818 519 1144 577 Maximinus,
1185 514 1432 573 Licinius,
1461 507 1736 563 clarissimi
1765 511 1803 563 Α
1902 506 1964 559 il.
1997 507 2230 561 Vestram
2276 508 2449 573 itaque
2485 504 2917 572 sapientissimam
2957 486 3362 577 admonitionem

214 617 341 678 viri,
383 615 468 682 qui
517 615 680 682 ipsum
724 612 895 663 locum
926 613 1172 660 rexerunt
1206 617 1220 655 :
1259 616 1390 670 quos
1437 597 1744 670 Eucherius,

1844 595 1987 648 omni
2014 608 2192 648 amore
2227 592 2526 660 amplcxati,
2574 592 2721 644 valde
2771 595 3015 649 admirati
3044 610 3224 658 sumus
3245 613 3368 666 pro-

215 681 418 771 Lupus,
461 681 613 769 atque
655 698 928 758 Genesius,
973 693 1247 770 caeterique
1276 688 1502 757 episcopi
1545 685 1750 754 Lugdu-
1845 684 2155 738 {nuditatem
2177 689 2362 734 vestrae
2388 689 2581 734 sanctae
2605 681 3054 737 considera’tionis.
3092 684 3234 740 Inter
3258 688 3372 743 tunc

213 803 432 850 ueuses,
459 787 546 840 ubi
575 787 672 854 ipsi
700 787 932 844 deerant,
978 789 1067 834 aut
1110 793 1212 832 non
1256 783 1500 844 poterant
1548 774 1748 833 adesse,

213 879 501 930 mittebant
524 874 823 944 cognituros
846 880 1020 923 utrum
1044 868 1301 924 catholica
1327 864 1453 917 ﬁdes
1475 869 1615 916 recte
1641 873 1752 912 cre-

219 965 459 1026 deretur,
487 976 553 1014 ne
577 960 718 1012 fraus
739 958 982 1012 haeretica
1016 955 1307 1025 pullularet.
1351 951 1548 1016 Quibus
1570 947 1671 1000 illis
1697 945 1750 1010 in

223 1058 428 1102 tantum
456 1055 571 1102 erat
595 1046 870 1100 commissa
910 1058 1059 1106 cum,
1089 1051 1148 1094 ut
1190 1041 1234 1093 si
1281 1037 1512 1091 Ecclesia
1544 1033 1750 1102 Lugdu-

221 1133 407 1186 nensis
447 1133 751 1183 vicinaretur
795 1126 1007 1197 proprio
1055 1132 1296 1193 patrono,
1342 1111 1438 1188 ipsi
1472 1120 1523 1172 in
1552 1117 1755 1171 cunctis

224 1221 472 1272 adessent
499 1226 749 1276 rectores,
773 1221 826 1266 et
845 1211 1215 1271 consolatores,
1239 1220 1506 1274 quousque
1527 1203 1755 1258 Ecclesia

224 1323 255 1358 a
290 1308 509 1360 Domino
533 1303 832 1372 dignissimo
859 1300 1204 1353 illustraretur
1229 1302 1456 1363 pastore.
1487 1291 1592 1343 Nos
1613 1285 1757 1342 simi-

223 1397 352 1449 liter
376 1393 598 1464 posteris
643 1391 848 1443 illorum
898 1389 1034 1452 hanc
1078 1391 1388 1452 potestatem
1426 1377 1752 1430 tradidimus.

223 1485 446 1550 Insuper
480 1478 730 1545 iussimus
787 1477 896 1528 fieri
958 1474 1166 1556 decre'ta
1224 1471 1516 1540 priscorum
1579 1477 1758 1533 regum

225 1568 487 1627 Fraucim,
537 1575 593 1618 ut
633 1561 1067 1632 quemadmodum
1096 1550 1211 1626 'ipsi
1258 1561 1553 1610 statuerunt
1592 1550 1758 1604 moni-

225 1665 408 1708 menta
450 1652 651 1706 emendi
687 1660 741 1703 et
768 1648 983 1718 augendi
1023 1645 1190 1699 locum
1230 1645 1281 1696 in
1309 1642 1549 1699 omnibus
1581 1637 1756 1702 rebus,

1848 773 2039 843 igitur,
2077 786 2193 824 cum
2239 767 2484 838 ingenioli
2534 768 2699 820 nostri
2736 770 3085 838 praepediente
3127 775 3374 829 tarditate

1849 877 1952 916 non
2000 862 2128 915 satis
2163 859 2432 913 advertere
2458 858 2828 925 potuissemus,
2872 867 3044 912 utrum
3075 859 3173 913 ista
3199 871 3371 917 vestra

1849 943 2123 1002 laudabilis
2167 947 2456 1000 admonitio
2503 946 2894 1014 responsionem
2939 962 2969 1000 a
3003 949 3152 1002 nobis
3197 951 3372 1012 vellet,

1850 1043 1916 1088 an
1959 1035 2317 1088 tantummodo
2353 1040 2583 1086 nostram
2624 1033 2777 1086 nobis
2821 1033 3135 1102 imperitiam
3185 1051 3377 1106 cogno—

1852 1123 2094 1176 scendam
2139 1121 2547 1174 commendare:
2580 1120 2680 1173 hac
2728 1121 3068 1188 ambiguitate
3116 1127 3382 1193 suspensi-

1850 1211 2047 1265 nullum
2072 1206 2389 1277 probabilius
2409 1207 2679 1260 consilium
2701 1246 2714 1269 ,
2748 1214 2806 1259 ut
2834 1209 2983 1262 nobis
3006 1218 3179 1266 tamen
3209 1212 3378 1271 visum

1853 1308 1952 1363 est,
1998 1300 2226 1367 reperire
2273 1298 2554 1366 potuimus,
2582 1313 2740 1366 quam
2780 1305 2838 1349 ut
2885 1311 2946 1350 ea
2995 1311 3111 1365 quae
3153 1315 3247 1367 per
3286 1315 3380 1354 vos

1854 1387 2190 1450 cognovimus
2236 1401 2338 1439 non
2388 1385 2618 1453 legitime
2658 1402 2687 1440 a
2731 1387 2879 1440 nobis
2924 1373 3084 1440 fuisse
3131 1403 3379 1455 responsa

1853 1474 2018 1542 prius,
2056 1473 2204 1540 juxta
2232 1473 2570 1541 pusillitatem
2595 1488 2780 1528 sensus
2827 1475 3016 1537 nostri,
3046 1475 3097 1529 in
3127 1483 3380 1543 quantum

1854 1563 2126 1616 videbatur
2152 1563 2557 1629 explicaremus;
2595 1576 2656 1615 ac
2697 1561 2943 1631 deinceps
2977 1565 3058 1618 his
3086 1564 3278 1618 litteris
3303 1579 3386 1619 se

1856 1650 2144 1704 renissima:
2170 1648 2459 1702 clementia:
2501 1656 2693 1700 vestra:
2736 1647 3107 1713 iudicaremus,
3137 1664 3254 1718 quae
3296 1651 3386 1704 du-

225 1755 363 1806 quas
391 1740 456 1792 ad
483 1751 711 1806 praesens
735 1735 926 1788 habere
951 1732 1210 1793 videntur,
1237 1731 1320 1783 vel
1353 1729 1404 1781 in
1432 1727 1628 1788 futuro,
1652 1726 1760 1778 Deo
1788 1797 1825 1806 _
1858 1737 2064 1798 bitatio,
2093 1735 2176 1789 vel
2203 1735 2377 1802 potius
2416 1749 2532 1802 quae
2556 1735 2844 1790 necessitas
2865 1750 2961 1791 nos
2995 1734 3289 1791 arctaverat
3315 1739 3385 1792 ad
3470 1732 3474 1734 ’

225 1827 532 1887 auxiliante,
570 1822 842 1889 acquirere
869 1825 1129 1888 poterunt,
1165 1817 1277 1870 sine
1303 1816 1404 1868 ulla
1431 1812 1754 1882 querimonia
1787 1797 1828 1856 Β
1858 1797 2186 1876 εει-ἱδθῂἀυηι
2204 1797 2274 1876 —ea
2301 1837 2416 1889 qua:
2433 1797 2496 1875 -ίῃ
2534 1810 2800 1889 prioribus
2837 1823 3263 1892 responsionibus
3289 1839 3388 1877 ηο..

226 1929 328 1980 per
357 1913 542 1966 saecula
570 1911 888 1980 possideant.

765 2028 789 2055 ⁸
815 2015 1134 2070 EPISTOLA
1169 2015 1229 2069 ll.

510 2086 537 2124 ι’
565 2100 690 2139 imi
727 2100 792 2137 an
828 2099 1064 2137 canonum
1102 2088 1511 2137 tMPEMTOREI.'
1607 2086 1615 2094 '

304 2174 524 2226 Domino
569 2165 939 2241 gloriosissimo
963 2179 1016 2224 et
1034 2186 1157 2224 vere
1179 2171 1413 2239 piissimo
1437 2169 1759 2238 imperatori,

225 2270 290 2317 et
302 2263 354 2316 in
366 2260 786 2323 Christovictori,
806 2275 866 2312 ac
880 2259 1243 2328 triumphatori
1260 2258 1622 2320 invictissime,
1634 2271 1764 2310 sem-

229 2331 331 2420 [ἵει-
355 2358 592 2418 augusto,
621 2348 924 2412 Leidradus,
956 2348 1075 2400 licet
1100 2347 1360 2415 indignus,
1389 2346 1560 2400 divina
1588 2352 1763 2398 tamen

230 2438 624 2505 dispensatione
644 2444 696 2490 et
725 2431 896 2490 vestra
924 2434 1259 2488 miseratione
1283 2424 1641 2503 Lugdunensis
1666 2431 1764 2485 Ee-

229 2526 414 2581 clesize
432 2524 722 2592 episcopus.
1617 2516 1622 2521 ’

308 2615 347 2668 l.
383 2614 826 2668 Christianissima
874 2621 927 2668 et
972 2613 1293 2668 admirabilis
1333 2611 1530 2682 religio
1555 2620 1762 2676 vestra,

231 2711 396 2770 atque
420 2701 470 2754 in
501 2699 662 2778 Deum
686 2700 1044 2754 ardentissima
1071 2700 1198 2754 fides
1227 2700 1399 2754 divina
1427 2699 1767 2767 inspiratione

235 2799 459 2852 attacta,
491 2798 547 2844 ‘ct
578 2791 810 2859 piissima
840 2787 1184 2843 sollicitudine
1208 2794 1464 2857 permota,
1499 2785 1656 2853 jussit
1673 2802 1769 2839 nn—

234 2892 336 2948 per
363 2878 556 2945 aliquid
581 2892 676 2930 nos
708 2878 772 2930 de
798 2875 1139 2930 sacramentis
1177 2879 1370 2927 nostra:
1416 2871 1769 2924 renovationis

237 2965 314 3018 ad
339 2972 542 3017 vestras
560 2962 922 3031 sagacissimas
948 2962 1310 3031 inquisitiones
1332 2959 1665 3028 respondere.
1689 2958 1769 3013 Ad

235 3067 378 3120 quas
407 3066 503 3104 nos
547 3049 676 3102 nihil
719 3049 1029 3116 condignum
1064 3049 1430 3112 intelleximus,
1477 3046 1580 3101 nisi
1629 3047 1767 3116 quod

241 3152 345 3190 nec
373 3137 686 3204 respondere
721 3134 1008 3197 facilitatis,
1036 3148 1131 3188 nec
1157 3131 1484 3187 dissimulare
1507 3127 1770 3186 facultatis

241 3232 443 3278 nostra:
474 3237 590 3276 esse
617 3224 992 3290 perspeximus.
1026 3221 1255 3275 Tandem
1283 3221 1406 3274 licet
1431 3221 1498 3275 ad
1521 3227 1768 3273 neutrum

239 3312 439 3373 idonei,
466 3310 612 3378 juxta
636 3309 983 3378 exiguitatem
1027 3301 1199 3362 tamen
1229 3308 1491 3377 ingenioli,
1525 3308 1644 3361 ﬁdei
1677 3321 1770 3360 no—

239 3408 372 3452 stra:
395 3390 642 3452 rationem
656 3397 972 3451 confidenter
991 3397 1158 3459 vobis,
1174 3396 1320 3465 juxta
1337 3395 1474 3463 quod
1493 3396 1768 3455 sentimus,

240 3487 625 3559 patefecimus,
669 3487 1086 3564 prudentissimo
1110 3473 1323 3553 utique,
1368 3483 1657 3553 iustissimo
1710 3496 1772 3534 ac

239 3577 488 3644 piissimo
527 3575 781 3627 dictorum
804 3574 978 3641 iudici.
1007 3575 1112 3628 Vos
1139 3581 1311 3627 autem
1347 3579 1593 3627 consueta
1621 3571 1771 3626 boni-

245 3671 380 3725 tate,
405 3661 593 3715 auditis
625 3661 1045 3728 tespousionibu‘s
1069 3658 1280 3722 nostris,
1307 3671 1438 3725 quas
1455 3672 1551 3711 nos
1579 3659 1772 3724 absque

245 3749 657 3818 reprehensione
680 3747 859 3814 utique
884 3747 1056 3798 dicere
1078 3760 1181 3798 non
1210 3745 1488 3813 potuimus,
1517 3743 1665 3810 juxta
1689 3742 1774 3794 be-

243 3818 832 3906 nignitatem'vestnm,
861 3848 960 3900 qua
1000 3841 1214 3886 etinctos
1254 3831 1499 3884 mortales
1543 3828 1770 3889 anteitis,

245 3933 501 3992 tanquam
544 3923 691 3976 vobis
732 3923 952 3988 placitas
995 3921 1207 3973 laudare
1243 3919 1437 3986 dignati
1483 3918 1629 3969 estis.
1670 3914 1776 3966 Nec

245 4023 430 4067 tamen
466 4012 599 4065 inter
629 4011 740 4064 haec
763 4009 989 4077 negastis
1013 4007 1162 4060 nobis
1182 4005 1632 4058 atiluentissimam
1652 4016 1775 4055 eru-

246 4102 503 4153 ditionem
524 4106 770 4158 vestram,
799 4097 1076 4163 quominus
1089 4093 1412 4159 iudicaretis,
1436 4092 1573 4160 quod
1591 4092 1644 4144 in
1673 4090 1773 4153 his,

245 4189 319 4242 ad
354 4203 469 4254 quae
506 4201 598 4238 vos
624 4185 824 4237 avidius
853 4183 1108 4236 audienda
1142 4181 1426 4249 parabolis,
1470 4185 1648 4231 nostra
1677 4178 1777 4228 im-

244 4274 443 4345 peritia
476 4273 686 4325 minime
728 4269 1057 4324 satisfecerit.
1099 4269 1246 4320 Tunc
1287 4267 1496 4319 demum
1539 4275 1642 4318 non
1673 4271 1777 4316 tam

246 4360 512 4430 imperiali
543 4374 698 4427 quam
730 4367 942 4425 paterna
966 4357 1317 4410 admonitione
1343 4355 1665 4407 innotescere
1685 4368 1779 4406 uo-

249 4451 338 4502 bis
364 4447 557 4516 dignati
583 4446 729 4508 estis,
759 4446 930 4498 minus
959 4458 1054 4497 nos
1093 4444 1288 4498 dixisse
1328 4444 1391 4494 de
1439 4441 1774 4494 abrenuntia-

249 4537 400 4589 tione
428 4533 646 4593 diaboli,
684 4541 739 4585 et
762 4547 941 4584 earum
966 4547 1083 4598 quae
1112 4530 1227 4595 ejus
1252 4535 1370 4581 sunt
1398 4541 1592 4588 rerum,
1622 4540 1779 4592 quam

249 4630 431 4675 vestra
462 4621 626 4685 pietas
664 4619 898 4684 optabat.
940 4615 1287 4668 Intelleximus
1333 4613 1506 4680 itaque
1551 4620 1668 4681 post
1692 4626 1782 4664 vc-

251 4718 425 4762 stram
452 4706 870 4773 benignissimum
896 4705 1319 4766 admonitionem,
1358 4704 1478 4771 quia
1518 4704 1580 4756 de
1615 4702 1776 4769 Operi-

252 4799 362 4848 hus
402 4803 454 4846 et
499 4796 701 4859 pompis
749 4793 936 4845 diaboli
985 4791 1318 4859 multiplicius
1366 4789 1783 4858 respondendum

250 4892 396 4945 erat,
425 4897 578 4950 quam
613 4882 675 4934 de
705 4882 907 4933 caeteris
934 4882 1089 4931 rebus
1123 4897 1132 4929 :
1163 4880 1406 4946 quoniam
1435 4893 1531 4946 per
1569 4891 1662 4929 cas
1689 4889 1781 4928 cu-

250 4971 523 5039 piditates,
553 4977 605 5022 et
637 4984 730 5037 per
771 4952 1080 5034 cupiditates
1106 4965 1348 5018 scandala
1375 4964 1552 5017 mundi
1576 4962 1785 5016 crebre-

255 5066 416 5110 scunt
461 5057 718 5122 quotidie.
764 5065 815 5107 ct.
862 5055 997 5120 quod
1040 5052 1184 5120 pejus
1230 5059 1324 5111 est,
1367 5050 1503 5103 inter
1543 5049 1785 5104 Ecclesia:

258 5156 530 5205 rectores,
579 5152 630 5196 et
675 5144 969 5209 reipublicu:
1022 5142 1469 5193 administratorcs
1515 5138 1786 5191 discordiae

256 5235 502 5288 oriuntur
526 5251 539 5294 ;
570 5243 620 5285 ct
644 5233 780 5299 quod
815 5233 983 5285 adhuc
1011 5234 1195 5284 horum
1224 5240 1304 5284 est
1326 5232 1627 5298 pessimum,
1654 5229 1788 5280 inter.

258 5323 508 5375 doctores
530 5329 582 5374 et
607 5321 871 5373 auditores
897 5319 1012 5370 odia
1050 5332 1107 5370 se
1144 5319 1475 5371 iuterserunt.
1506 5316 1786 5368 iv’nicitiaa

258 5407 618 5467 concitantur,
650 5408 996 5462 detractiones
1023 5405 1305 5470 agitantur.

342 5563 367 5590 α
394 5549 514 5604 “me
550 5553 749 5618 censeri
789 5552 940 5604 debet
967 5551 1118 5618 quasi
1163 5549 1323 5603 altera
1350 5564 1470 5616 pars
1507 5548 1790 5616 superioris

265 5619 436 5672 libelli
463 5619 522 5670 de
550 5617 830 5686 Baptismo.

587 5711 842 5766 Parum.
891 5708 1108 5765 XCIX.
1165 5784 1167 5786 η

1857 1911 1982 1965 stris
2006 1910 2179 1964 minus
2204 1909 2360 1964 fuisse
2386 1924 2478 1977 per
2503 1924 2598 1963 vos
2612 1911 2964 1976 cognovimus.
2980 1909 3174 1966 Deinde
3197 1911 3389 1980 glorio-

1858 2000 2065 2053 sissimo
2111 1999 2410 2068 conspectui
2454 2006 2631 2052 vestro
2677 1997 2973 2070 destinatis,
3015 1998 3058 2073 si
3098 2001 3384 2076 secundum

1854 2086 2139 2156 iussionem
2175 2093 2405 2139 vestram
2459 2084 2677 2138 fecimus
2716 2093 2805 2137 aut
2858 2098 2982 2147 non,
3031 2070 3174 2138 ecce
3201 2070 3390 2140 adsunt

1859 2173 1911 2226 in
1956 2179 2236 2239 conspectu
2265 2171 2443 2240 glorite
2468 2178 2677 2234 vestrae,
2700 2181 2754 2225 et
2797 2186 2861 2225 ea
2905 2186 3019 2241 quae
3048 2173 3099 2225 in
3125 2173 3388 2240 prioribus

1859 2263 2032 2318 minus
2078 2259 2305 2321 fuerunt,
2335 2266 2388 2312 et
2417 2273 2579 2326 quare
2606 2273 2742 2311 nunc
2771 2272 2832 2311 ea
2871 2259 3099 2311 Scribere
3129 2267 3182 2310 et
3221 2266 3393 2312 trans-

1860 2351 2070 2403 mittere
2093 2348 2234 2411 ausi,
2259 2348 2362 2400 imo
2390 2346 2554 2401 coacti
2581 2360 2776 2400 sumus.
2802 2343 2948 2410 Quod
2977 2345 3019 2399 si
3047 2359 3110 2398 ea
3138 2344 3392 2416 aliquateo

1861 2447 1960 2491 nus
1993 2445 2183 2490 vestrae
2214 2434 2466 2489 voluntati
2505 2432 2867 2488 convenientia
2909 2432 3172 2502 judicatis,
3209 2421 3411 2485 secunQ

1863 2528 1983 2580 dum
2012 2513 2393 2579 indeficientem
2415 2524 2717 2576 thesaurum
2746 2522 2998 2575 bonitatis
3023 2530 3210 2574 vesti-te
3234 2519 3285 2572 id
3310 2518 3391 2573 fa—

1864 2614 1998 2668 citis.
2024 2612 2115 2666 Sin
2146 2619 2317 2664 autem
2354 2625 2486 2663 vana
2530 2618 2582 2661 et
2620 2610 2791 2662 minus
2819 2607 2984 2671 utilia,
3012 2607 3146 2664 sicut
3175 2606 3392 2662 forsitan

1864 2714 2004 2766 sunt,
2029 2719 2123 2757 nos
2142 2703 2380 2756 novimus
2397 2710 2450 2754 et
2473 2698 2780 2754 conﬁtemur
2802 2696 3185 2755 multitudinem
3207 2695 3259 2750 id
3279 2709 3395 2764 pro-

1865 2792 2056 2845 mereri
2085 2791 2358 2858 imperitiaa
2385 2797 2598 2849 nostrm,
2629 2789 2715 2855 qui
2745 2795 2974 2840 vestram
2993 2786 3312 2842 voluntatem
3341 2791 3394 2838 et

1866 2887 2101 2943 tenorem
2150 2877 2416 2930 servitutis
2461 2885 2653 2928 nostra:
2701 2875 2874 2926 minus
2907 2866 3176 2927 advertere
3213 2885 3398 2942 possu-

1869 2979 2002 3017 mus.
2043 2957 2350 3031 Quanquam
2379 2962 2478 3015 etsi
2507 2963 2860 3023 adi'ertamus,
2886 2972 3212 3028 nequaquam
3241 2956 3394 3012 simul

1871 3049 2043 3106 idonei
2069 3050 2134 3103 ad
2157 3049 2573 3117 respondendum
2603 3055 2786 3102 vestrae
2810 3057 2914 3100 tam
2941 3046 3322 3101 sublimissimze
3345 3056 3400 3100 et

1871 3140 2166 3194 inimitabili
2193 3133 2596 3206 investigationi,
2629 3148 2800 3193 tamen
2823 3129 3054 3203 oramus,
3083 3148 3142 3193 ut
3165 3153 3258 3194 vos
3293 3151 3398 3192 non

1868 3228 2049 3289 lateat,
2081 3243 2197 3296 quae
2235 3230 2330 3280 nos
2354 3242 2510 3280 causa
2540 3228 2847 3294 compulerit
2875 3228 2937 3280 ad
2963 3207 3294 3283 scribendum
3330 3227 3400 3282 de

1869 3319 1954 3372 his
1977 3324 2297 3386 quaz,vestra
2315 3331 2409 3394 nos
2435 3316 2708 3369 clementia
2731 3302 2786 3368 et
2810 3323 3026 3394 paterna
3053 3311 3400 3370 sollicitudine

1872 3409 2202 3466 admonente,
2239 3391 2575 3471 cognovimus
2622 3404 2793 3457 minus
2837 3391 2998 3459 fuisse
3042 3403 3095 3456 in
3122 3399 3399 3478 prioribus
3447 3398 3453 3403 ’

1872 3496 1976 3549 illis
2005 3493 2446 3567 responsionibus.

1938 3584 2019 3638 lli.
2049 3584 2297 3648 Dominus
2314 3593 2491 3638 noster
2523 3582 2673 3636 Jesus
2709 3571 2966 3643 Christus",
3001 3577 3396 3658 cujus'egressio

1872 3691 1903 3726 (ι
1937 3665 2133 3724 summa
2167 3672 2297 3735 caeli,
2325 3669 2599 3740 pestqnam
2625 3668 2860 3738 processit
2904 3657 3145 3736 tanquam
3186 3657 3400 3734 sponsus

1873 3761 1933 3812 de
1961 3760 2181 3812 thalamo
2208 3776 2298 3812 suo
2317 3799 2331 3820 ,
2360 3759 2635 3825 insignitus
2685 3756 2976 3810 humilitate
3005 3761 3058 3807 et
3095 3752 3400 3806 inﬁrmitate

1874 3847 2178 3901 substantia:
2208 3853 2426 3907 nostrte,
2461 3844 2650 3897 bellum
2677 3850 2919 3912 gesta-us
2955 3841 3231 3895 adversum
3255 3837 3400 3904 priu-

1873 3933 2057 4002 cipem'
2088 3931 2242 3999 hujus
2295 3930 2501 3991 mundi,
2540 3943 2600 3981 ac
2637 3928 2882 3980 mundum
2913 3923 3261 3980 debellaturus
3296 3919 3397 3974 Do-

1875 4021 2040 4071 minus
2069 4019 2213 4086 fortis
2253 4024 2299 4068 et
2322 4025 2515 4084 potens,
2540 4015 2784 4066 Dominus
2811 4023 2986 4082 potens
3011 4012 3063 4063 in
3100 4011 3277 4078 pra‘lio
3319 4008 3402 4060 fn-

1875 4109 2007 4161 turis
2031 4106 2282 4160 militibus
2310 4104 2435 4166 suis,
2466 4102 2782 4169 fugientibus
2821 4099 3001 4152 mundi
3043 4113 3104 4150 ac
3148 4097 3402 4164 principis

1875 4194 1994 4261 cjus-
2033 4194 2390 4253 dominatum,
2447 4190 2594 4246 initia
2647 4188 2904 4258 pactionis
2952 4194 3005 4239 et
3053 4184 3401 4253 expeditionis

1875 4294 2157 4348 exponens,
2183 4279 2288 4330 imo
2323 4291 2618 4350 proponens
2645 4276 2715 4328 ait
2745 4292 2758 4327 :
2783 4274 2885 4337 Qui
2910 4287 3010 4326 non
3039 4267 3400 4324 renuntiaverit

1811 4393 1855 4450 υ
1879 4368 2107 4420 οηιηίῡιιδ
2134 4381 2246 4434 quae
2282 4365 2522 4434 possidet,
2562 4379 2661 4415 non
2684 4369 2841 4430 potest
2875 4375 2981 4413 esse
3015 4374 3154 4410 meus
3181 4357 3407 4424 discipu-

1878 4456 1974 4508 lus.
2017 4454 2164 4519 Quod
2188 4455 2399 4522 quidam
2441 4451 2672 4512 audiens,
2701 4449 2777 4502 ait
2814 4449 2888 4502 illi
2922 4466 2934 4500 :
2967 4445 3161 4515 Sequar
3203 4454 3268 4504 te,
3299 4443 3400 4496 Do-

1878 4545 2040 4605 mine;
2070 4543 2154 4595 sed
2191 4543 2408 4610 primum
2435 4539 2662 4606 permitte
2705 4537 2826 4588 mihi
2873 4534 3163 4588 renuntiare
3191 4531 3269 4583 his
3313 4533 3402 4599 qui

1878 4632 2014 4683 domi
2061 4639 2197 4682 sunt.
2231 4627 2422 4680 Sancta
2453 4640 2578 4678 vero
2622 4631 2790 4700 mater
2810 4619 3126 4676 universalis
3166 4618 3399 4700 Ecclesia

1881 4735 1981 4771 non
2013 4717 2165 4771 aliter
2207 4717 2423 4784 suscipit
2470 4715 2520 4768 in
2542 4694 2794 4781 gremium
2821 4712 2885 4765 a'd
2920 4725 2978 4766 se
3015 4694 3401 4766 converterites,

1880 4805 1978 4858 nisi
2026 4805 2169 4872 prius
2223 4803 2591 4856 abrenuntient
2633 4799 2838 4851 diabolo
2864 4807 2917 4850 et
2935 4796 3176 4850 omnibus
3206 4790 3405 4862 angelis

1880 4891 2011 4957 ejus,
2039 4891 2282 4959 operibus
2306 4903 2512 4956 quoque
2557 4895 2714 4954 atque
2743 4886 2999 4940 universis
3036 4883 3240 4951 pompis
3265 4881 3400 4950 ejus.

1948 4980 2035 5033 ιν.
2065 4977 2412 5032 Discernenda
2441 4983 2562 5027 sunt
2591 4976 2750 5045 igitur
2775 4975 2886 5027 haec
2927 4973 3058 5033 duo;
3105 4969 3230 5037 quid
3268 4969 3406 5023 inter

1882 5083 1938 5122 se
1980 5067 2220 5120 differant
2269 5065 2594 5127 renuntiare,
2654 5070 2706 5117 et
2753 5063 3126 5114 abrenuntiare.
3174 5057 3404 5123 Quorum

1883 5153 2171 5208 differentia
2197 5152 2250 5204 in
2273 5167 2336 5204 eo
2361 5151 2441 5205 vel
2472 5151 2696 5204 maxime
2720 5155 2953 5216 apparet,
2983 5146 3119 5213 quod
3150 5143 3406 5198 renuntia-

1883 5257 1994 5293 mus
2018 5241 2176 5293 rebus
2195 5240 2380 5302 licitis,
2415 5237 2825 5290 abrenuntiamus
2850 5243 3023 5287 autem
3053 5231 3246 5286 illicitis
3281 5246 3295 5280 :
3325 5244 3406 5284 re-

1884 5331 2183 5384 nuntiamus
2203 5328 2580 5389 affectionibus,
2596 5324 3020 5378 abrenuntiamus
3046 5328 3218 5373 autem
3234 5316 3409 5371 illece-

1884 5418 1993 5470 bris
2017 5430 2030 5468 :
2054 5416 2412 5470 renuntiamus
2437 5413 2757 5480 parentibus,
2778 5409 3202 5465 abrenuntiamus
3231 5413 3405 5457 autem

1956 5544 1982 5582 δ
2017 5542 2093 5595 Ex
2115 5539 2378 5596 Analectis
2413 5537 2585 5594 ﬂabit.

2802 5711 2808 5716 θ
2876 5685 2950 5743 28
