3922 6222
624 360 725 415 8⁸15

1609 354 1911 407 LElDllADl
1947 351 2413 406 LUGDUNENSIS
2452 354 2744 409 EI’ISCOPI
3644 349 3728 406 816

625 468 844 523 diabolo.
871 465 1148 519 Renuntiat
1190 479 1311 530 ergo
1337 463 1575 515 omnibus
1600 477 1713 528 quae
1754 460 1999 528 possidet,
2041 456 2128 523 qui
2157 456 2202 515 Α
2230 457 2281 507 in
2316 439 2799 523 homine,defcetus
2825 458 2997 526 potius
3022 458 3115 512 fuit
3138 460 3351 526 quidam
3388 460 3451 511 ab
3477 473 3631 526 apere
3652 457 3731 510 Dei

626 561 700 611 sic
727 564 865 610 tenet
890 570 950 609 ea
996 569 1109 621 qua:
1144 552 1319 605 mundi
1350 559 1489 613 sunt,
1516 559 1574 603 ut
1601 560 1771 613 tamen
1801 562 1893 616 per
1931 562 1991 601 ea
2030 561 2131 600 non

628 653 863 699 teneatur
890 658 919 695 a
940 643 1129 695 mundo
1162 658 1172 691 :
1207 641 1361 693 habet
1390 653 1496 691 rem
1524 638 1856 705 temporalem
1884 635 1935 687 in
1962 650 2130 697 usum,

626 742 869 803 aeternam
895 732 945 785 in
987 728 1271 789 desiderio;
1320 734 1372 780 et
1395 726 1599 779 exclusa
1628 725 1908 793 cupiditate
1938 722 2131 783 mundi,

627 824 798 875 divina
836 821 887 872 in
910 832 972 871 eo
1017 817 1243 870 charitas
1268 822 1484 883 augetur
1509 822 1660 881 atque
1689 812 1972 880 perﬁcitur.
2000 810 2135 877 Ergo

631 911 718 977 qui
748 910 905 962 Deum
928 896 1039 961 vult
1078 905 1365 973 possidere,
1382 900 1900 961 rénuntiat‘mundo;
1924 913 2025 951 non
2048 906 2138 950 auJ

629 1007 734 1051 tem
789 994 1044 1046 renuntiat
1083 992 1291 1046 mundo.
1336 989 1424 1055 Qui
1453 988 1668 1047 terrenis
1698 985 2024 1038 facultatibus
2072 996 2137 1035 ex

631 1087 969 1143 delcetatione
1003 1081 1307 1138 succumbit.
1339 1079 1639 1144 Quicunque
1665 1090 1788 1143 ergo
1822 1076 2000 1127 volunt
2024 1086 2139 1125 esse

634 1176 868 1245 discipuli
918 1172 1129 1233 Christi,
1158 1185 1266 1237 pra:
1314 1181 1490 1220 amore
1534 1166 1669 1218 illius
1716 1163 1885 1216 omnia
1927 1175 2040 1227 qum
2087 1159 2138 1211 in

634 1265 822 1317 mundo
845 1270 982 1324 sunt,
1021 1259 1227 1313 etiamsi
1255 1258 1498 1317 habeant,
1527 1253 1811 1313 fastidiunt,
1841 1258 1897 1301 ut
1924 1250 2025 1301 sint
2050 1248 2140 1299 Iza—

630 1354 791 1404 bcntes
827 1359 1061 1417 tanquam
1120 1361 1217 1397 non
1267 1342 1541 1395 habentes:
1566 1349 1619 1393 et
1671 1340 1874 1391 discunt
1909 1351 2007 1387 non
2055 1351 2141 1385 su—

629 1440 773 1507 perbe
797 1452 983 1505 sapere,
1020 1449 1171 1503 neque
1195 1446 1366 1499 sapere
1394 1432 1444 1481 in
1466 1430 1654 1480 incerto
1697 1427 2011 1485 dicit'arum,
2050 1420 2140 1473 sed

632 1506 680 1576 in
725 1523 828 1575 Deo
853 1522 968 1573 vivo
992 1520 1077 1586 qui
1107 1523 1317 1585 prtestat
1354 1514 1502 1567 nobis
1526 1514 1698 1565 omnia
1728 1529 1739 1563 :
1768 1511 1943 1576 sicque
1980 1506 2143 1559 facul-

632 1619 763 1663 tates
790 1618 1022 1661 tcrrenas
1044 1606 1107 1657 ad
1130 1602 1555 1657 sustentationem
1579 1598 1861 1664 possident,
1885 1602 1940 1645 ut
1969 1602 2141 1645 tamen

628 1698 786 1750 etiam
812 1710 875 1747 ex
904 1695 979 1745 eis
1019 1693 1123 1743 Deo
1151 1672 1409 1749 serviant,
1458 1684 1602 1749 cujus
1629 1692 1819 1736 aeterna
1849 1682 1981 1735 bona
2011 1679 2141 1731 desi-

632 1748 832 1838 derant.
868 1781 932 1847 Et
974 1779 1092 1847 quia
1119 1779 1169 1829 in
1198 1748 1401 1829 divinis
1430 1748 1616 1825 litteris
1663 1770 1919 1837 cupiditas
1964 1781 2140 1833 repre-
2174 1748 2215 1814 Β

632 1873 896 1932 henditur,
933 1884 1033 1920 non
1056 1865 1304 1925 facultas;
1337 1861 1556 1914 sollicita
1594 1866 1767 1910 mente
1800 1853 2141 1922 perpendunt,

633 1968 691 2014 ut
717 1976 777 2014 ea
807 1974 919 2026 qua}
944 1948 1157 2007 habent
1194 1967 1295 2005 non
1340 1950 1566 2002 habeant
1612 1958 1787 1998 amore
1814 1940 2145 2012 possidendi,
2192 1960 2195 1963 ·

631 2049 721 2103 sed
745 2045 1050 2099 necessitate
1078 2039 1302 2092 vivendi.
1338 2038 1412 2089 Ea
1459 2042 1630 2087 autem
1660 2033 1849 2101 quibus
1895 2030 2148 2082 abrenun-

635 2140 869 2193 tiandum
903 2142 981 2189 est
1006 2174 1019 2198 ,
1066 2132 1205 2185 nullo
1252 2130 1398 2183 nobis
1436 2135 1586 2197 pacto
1634 2124 1815 2178 haberi
1861 2120 2148 2179 concedun-

634 2234 741 2289 tur,
796 2223 917 2291 quia
961 2218 1102 2273 nullo
1145 2218 1300 2269 modo
1353 2213 1535 2268 haberi
1570 2218 1788 2279 possunt
1832 2223 1951 2261 cum
1996 2207 2145 2257 Deo:

636 2304 725 2369 sed
751 2329 816 2366 ex
842 2319 949 2365 toto
976 2309 1133 2362 corde
1162 2303 1630 2358 abrenuntiandum
1653 2296 1876 2357 diabolo,
1906 2295 2151 2363 operibus

635 2418 696 2455 ac
724 2398 923 2468 pompis
948 2396 1078 2463 ejus,
1118 2401 1175 2444 ut
1205 2391 1341 2443 nulla
1390 2388 1536 2441 nobis
1572 2401 1691 2439 cum
1735 2383 1832 2435 illis
1860 2380 2152 2435 communio

642 2493 980 2559 relinquatur,
995 2502 1060 2540 ne
1081 2500 1261 2539 eorum
1285 2483 1486 2535 actione
1507 2494 1689 2531 rursus
1709 2490 1955 2545 cogamur
1976 2475 2026 2526 in
2040 2472 2151 2540 ejus

637 2593 851 2648 regnum
878 2574 1056 2637 dilabi,
1082 2573 1228 2640 cuius
1271 2568 1459 2620 invidia
1502 2581 1634 2617 mors
1682 2564 1883 2615 intravit
1928 2562 1980 2612 in
2008 2576 2155 2612 mun-

638 2668 779 2729 dum,
803 2664 889 2732 qui
915 2670 1023 2714 erat
1042 2658 1293 2711 honu'cida
1324 2657 1384 2707 ab
1430 2654 1592 2716 initio,
1622 2653 1859 2705 incentor
1884 2649 2026 2710 mali,
2049 2648 2153 2701 col-

637 2756 773 2810 lator
797 2752 1013 2822 peccati.

678 2843 767 2895 ιν.
798 2838 1025 2893 Contulit
1066 2849 1287 2903 namque
1315 2832 1482 2900 primo
1511 2832 1707 2884 homini
1758 2830 1904 2881 fenus
1931 2825 2154 2894 peccati,

643 2930 970 2999 quotidianas
998 2926 1063 2976 ab
1084 2923 1169 2975 illo
1190 2930 1466 2974 exacturus
1494 2932 1699 2971 usuras.
1721 2917 1958 2970 Creditor
1990 2914 2157 2967 malus

648 3019 768 3072 fecit
796 3015 892 3070 sibi
924 3012 1099 3065 usuris
1128 3010 1408 3064 obnoxium
1434 3023 1593 3074 genus
1620 3008 1921 3068 humanum,
1950 3005 2032 3057 cui
2061 3004 2157 3055 m‘i-

647 3119 731 3159 ser
777 3101 978 3155 debitor
1004 3097 1158 3152 solvit
1182 3095 1445 3164 peccando
1482 3109 1581 3147 non
1610 3092 1773 3147 solum
1818 3108 1881 3145 ea
1929 3107 2043 3159 qua:
2074 3090 2158 3143 illo

647 3192 925 3258 instigante
969 3184 1167 3247 didicit,
1208 3199 1387 3235 verum
1414 3184 1572 3235 etiam
1602 3174 1990 3232 adinventiones
2036 3194 2159 3246 pro—

648 3280 808 3348 prias,
837 3290 966 3343 quas
987 3274 1052 3326 ad
1076 3271 1337 3325 cumulum
1366 3270 1617 3324 scelerum
1647 3267 1861 3345 addidit.
1886 3266 1948 3318 Et
1968 3258 2160 3319 idcirco

648 3381 761 3422 cum
787 3380 879 3433 per
905 3362 1125 3432 gratiam
1146 3360 1301 3424 illius,
1324 3360 1411 3426 qui
1439 3374 1500 3411 ea:
1528 3358 1697 3411 usuris
1724 3366 1769 3409 et
1797 3357 2058 3424 iniquitate
2085 3372 2161 3407 re-

642 3454 794 3506 demit
847 3453 1043 3505 animas
1088 3460 1307 3510 nostras,
1350 3448 1583 3501 cruimur
1628 3445 1691 3497 de
1737 3451 1992 3511 potestate
2040 3443 2161 3494 mali

644 3541 936 3603 creditoris,
968 3554 1029 3593 ac
1064 3552 1157 3607 per
1198 3538 1299 3590 hoc
1325 3533 1544 3602 improbi
1571 3533 1859 3593 exactoris;
1904 3532 2161 3583 abrenun-

644 3631 879 3684 tiandum
907 3637 987 3682 est
1011 3628 1106 3693 illi,
1143 3643 1203 3681 ac
1231 3622 1638 3679 denuntiaudum
1666 3621 1793 3673 nihil
1823 3636 1915 3673 nos
1942 3621 1989 3672 ei
2019 3620 2161 3673 dein-

648 3733 770 3787 ceps
797 3717 1005 3770 debere.

716 3808 801 3859 Vl.
831 3806 954 3871 Quae
981 3807 1051 3859 sit
1074 3810 1245 3857 autem
1275 3804 1420 3871 origo
1449 3809 1500 3855 et
1528 3800 1732 3853 initium
1765 3813 1979 3868 operum
2007 3805 2161 3864 atque

643 3912 943 3967 pomparum
989 3895 1200 3956 diaboli,
1234 3894 1505 3959 Scriptura
1536 3890 1960 3945 manifestissime
1988 3891 2158 3951 docet,

648 4000 763 4055 qua:
789 3986 861 4038 ait
890 4002 902 4036 :
950 3984 1160 4036 Initium
1190 3982 1351 4034 omnis
1394 3981 1584 4048 peccati
1624 3978 1855 4045 superbia
1886 3975 2066 4042 (Eccli.
2104 3992 2158 4040 x,

650 4075 755 4145 l5).
809 4072 942 4138 Quid
989 4073 1252 4139 apertius,
1284 4070 1407 4137 quid
1452 4067 1773 4135 probabilius
1822 4066 1923 4118 dici
1959 4065 2163 4132 potest?

650 4160 877 4221 Initium,
911 4158 1095 4224 inquit,
1124 4170 1228 4209 non
1255 4154 1487 4220 alicujus,
1530 4155 1619 4207 sed
1665 4155 1824 4206 cuiuis
1848 4154 2035 4222 peccati
2074 4170 2160 4205 su-

645 4249 817 4315 perbia
833 4260 849 4295 :
867 4255 920 4298 ut
946 4247 1211 4299 evidenter
1226 4245 1523 4299 ostenderet
1546 4236 1683 4311 quod
1709 4243 1820 4309 ipsa
1848 4243 1916 4295 sit
1933 4244 2160 4295 omnium

2184 3060 2231 3121 Ο

2232 547 2298 599 ad
2318 562 2411 601 sua
2435 558 2625 615 opera;
2642 562 2798 615 quam
2823 562 2950 614 opus
2979 547 3130 615 illius.
3156 547 3218 598 Et
3244 548 3360 599 ideo
3383 546 3521 598 mala
3561 561 3730 612 opera.

2231 642 2352 710 quia
2377 642 2657 695 secundum
2697 656 2769 703 se,
2802 656 2901 693 non
2923 642 3203 694 secundum
3232 641 3396 693 Deum
3427 655 3440 691 :
3483 648 3541 692 ut
3566 655 3730 692 eorum

2232 744 2445 795 operum
2494 737 2735 795 tanquam
2765 729 3026 782 fructuum
3054 729 3311 782 malorum
3355 729 3592 781 voluntas
3635 730 3730 795 ipsa

2233 825 2371 871 esset
2391 817 2532 870 velut
2558 816 2715 871 arbor
2752 816 2907 868 mala.

2301 906 2405 959 Vll.
2442 904 2719 971 Apostolus
2758 917 2961 970 quoque
2989 903 3059 954 ait
3090 921 3100 954 :
3126 901 3294 954 Radix
3327 902 3550 953 omnium
3592 901 3735 951 ωαξη-

2235 1009 2346 1045 rum
2392 1001 2463 1044 est
2489 990 2736 1059 cupiditas
2786 988 2837 1059 (Ι
2867 988 2994 1041 Tim.
3024 1005 3095 1052 vi,
3150 987 3253 1062 10).
3308 986 3539 1040 Sollicite
3579 988 3735 1051 itaque

2236 1081 2567 1133 considerare
2588 1078 2838 1132 debemus
2881 1092 3041 1144 quare
3072 1077 3269 1128 initium
3315 1076 3506 1142 peccati
3553 1075 3737 1127 dicatur

2237 1167 2507 1235 superbia:
2538 1166 2685 1219 radiat
2727 1167 2948 1218 omnium
2975 1164 3226 1216 malorum
3263 1171 3337 1214 est
3362 1161 3629 1228 cupiditas.
3670 1163 3736 1211 Aa

2238 1256 2370 1309 forte
2399 1268 2687 1309 sermonem
2716 1255 3074 1320 propheticum
3122 1252 3314 1305 Paulus
3363 1252 3655 1318 apostolus.
3691 1260 3739 1301 ut

2239 1344 2390 1407 solet,
2430 1342 3160 1409 exposuit;pquandoquidcm
3205 1341 3315 1393 sive
3353 1340 3553 1390 initium
3598 1340 3740 1389 omnis

2238 1432 2445 1500 peccati,
2493 1432 2601 1484 sive
2628 1430 2777 1482 radiat
2806 1431 3028 1481 omnium
3060 1430 3308 1481 mulorum
3350 1428 3570 1487 dicatur,
3599 1442 3739 1477 unum

2239 1522 2478 1589 idemque
2504 1506 2794 1587 signiﬁcat?
2814 1502 2977 1572 Pdrro
2997 1519 3251 1586 cupiditas
3264 1526 3423 1585 atque
3447 1517 3679 1583 superbia
3698 1518 3739 1567 in

2240 1616 2441 1662 tantum
2464 1622 2624 1661 unum
2651 1616 2733 1661 est
2752 1606 2962 1668 malum,
2997 1614 3058 1659 ut
3102 1621 3197 1659 nec
3247 1606 3487 1674 superbia
3518 1606 3625 1658 sine
3665 1621 3742 1657 cu-

2238 1697 2475 1765 piditate,
2509 1709 2607 1748 nec
2634 1694 2747 1747 sine
2766 1695 3007 1761 superbia
3033 1695 3197 1761 possit
3237 1693 3454 1746 inveniri
3484 1693 3738 1760 cupiditas.

2242 1782 2666 1850 Quandoquidem
2703 1790 2755 1834 et
2799 1782 3036 1835 diabolus
3086 1782 3137 1834 in
3189 1788 3291 1850 quo
3338 1790 3477 1834 tenet
3524 1780 3741 1848 superbia

2243 1872 2607 1939 principatum,
2637 1872 2858 1937 preprim
2900 1870 3173 1936 potestatis
3217 1885 3278 1922 ac
3321 1871 3625 1937 perditionis
3662 1870 3741 1922 lu:-

2244 1976 2407 2014 manm
2434 1961 2649 2026 cupidus
2677 1958 2772 2010 fuit
2804 1976 2817 2009 :
2850 1966 2901 2011 et
2926 1960 3036 2024 ipse
3059 1958 3213 2011 homo
3239 1972 3332 2024 per
3371 1959 3646 2025 appetitam
3675 1973 3745 2007 ar-

2243 2038 2387 2101 boris
2414 2046 2729 2109 iuterdictte,
2761 2061 2821 2099 ac
2842 2045 3028 2099 divinae
3056 2045 3410 2099 similitudinis
3440 2044 3743 2098 aﬂectaliene

2245 2136 2497 2189 morboste
2516 2136 2814 2203 cupiditatis
2832 2135 3059 2188 ostendit
3089 2133 3352 2187 aﬂ‘ectum.
3384 2134 3449 2185 Et
3472 2134 3535 2186 de
3561 2132 3744 2186 diabolo

2246 2224 2473 2290 quidem,
2502 2222 2639 2289 quod
2678 2223 2813 2275 malo
2862 2223 3116 2287 superbiae
3169 2221 3437 2282 ceciderit,
3465 2220 3628 2272 nullas
3670 2220 3743 2285 qui

2250 2309 2494 2376 ambigat.
2526 2309 2596 2360 Dc
2617 2308 2800 2375 primis
2822 2315 2995 2359 tamen
3024 2306 3319 2360 hominibus
3340 2306 3572 2374 diligenti
3591 2306 3745 2358 consi—

2249 2402 2514 2456 deratione
2540 2401 2817 2464 invenitur,
2849 2400 2971 2467 quia
2992 2401 3041 2451 in
3075 2399 3279 2451 occulto
3303 2400 3449 2467 prius
3490 2398 3603 2450 mali
3646 2412 3745 2448 esse

2249 2497 2535 2558 cmperunt,
2565 2496 2622 2541 ut
2649 2490 2699 2541 in
2729 2496 2963 2555 apertam
2999 2486 3402 2541 inobcdientiam
3448 2486 3742 2539 laberentur.

2234 2577 2364 2631 .Non
2394 2577 2533 2630 enim
2559 2578 2623 2630 ad
2648 2576 2841 2629 malum
2868 2591 2997 2642 opus
3018 2576 3403 2643 perveniretur,
3431 2576 3528 2627 nisi
3554 2588 3747 2641 praees-

2244 2663 2405 2717 sisset
2425 2662 2662 2715 voluntas
2682 2662 2837 2714 mala.
2860 2661 3027 2716 Porro
3056 2664 3203 2715 malae
3241 2664 3524 2715 voluntatis
3547 2664 3742 2719 initium.

2254 2751 2388 2817 quod
2414 2751 2580 2817 potuit
2604 2765 2739 2812 esse,
2772 2751 2871 2803 nisi
2900 2751 3178 2818 superbia?
3209 2751 3343 2815 Quid
3368 2760 3447 2804 est
3474 2760 3637 2802 autem
3676 2765 3748 2801 su-

2252 2838 2451 2903 perbia,
2483 2837 2582 2889 nisi
2626 2851 2888 2904 perversa:
2938 2837 3264 2889 celsitudinis
3306 2837 3589 2905 appetitus?
3636 2834 3744 2888 Per-

2256 2938 2403 2976 versa
2438 2925 2576 2976 enim
2612 2933 2694 2978 est
2742 2924 3014 2988 celsitudo,
3047 2926 3253 2979 deserto
3280 2940 3342 2979 eo
3369 2927 3453 2978 cui
3479 2926 3622 2978 debet
3656 2927 3749 2977 aui-

2260 3029 2374 3066 mus
2394 3014 2646 3067 iubmrere
2670 3015 2943 3082 principio,
2970 3015 3066 3067 sibi
3091 3015 3471 3082 quodammodo
3492 3014 3597 3067 ﬁeri
3613 3024 3748 3082 atque

2261 3115 2376 3154 esse
2402 3101 2733 3167 principium.
2766 3101 2873 3153 lloc
2909 3102 2967 3153 ﬁt
3017 3116 3135 3153 cum
3181 3102 3279 3153 sibi
3322 3101 3535 3154 animus
3564 3100 3747 3168 placet:

2260 3190 2359 3242 sibi
2385 3204 2508 3242 vero
2528 3189 2717 3256 placet,
2740 3204 2857 3241 cum
2885 3191 2951 3242 ab
2977 3189 3062 3242 illo
3082 3191 3218 3243 bono
3248 3188 3551 3243 immutabili
3579 3188 3747 3247 deﬁcit.

2259 3276 2397 3341 quod
2421 3275 2467 3327 ei
2497 3275 2660 3343 magis
2686 3276 2890 3341 placere
2917 3277 3111 3341 debuit,
3144 3292 3299 3345 quam
3330 3279 3443 3345 ipse
3468 3279 3579 3331 sibi.
3607 3277 3750 3344 Spem

2261 3372 2443 3417 taneus
2470 3373 2646 3417 autem
2671 3373 2752 3417 est
2788 3365 2873 3417 ille
2920 3366 3152 3419 defectus
3183 3383 3194 3418 :
3227 3367 3471 3433 quoniam
3510 3368 3552 3419 si
3598 3367 3749 3420 volun-

2260 3462 2341 3506 tas
2370 3453 2421 3505 in
2454 3467 2631 3505 amore
2658 3440 2941 3519 superioris
2966 3454 3307 3508 immutabilis
3337 3454 3479 3518 boni,
3510 3471 3537 3507 a
3566 3469 3661 3523 quo
3698 3452 3748 3505 il-

2258 3540 2578 3594 lustrabatur
2602 3547 2660 3592 ut
2701 3540 2930 3604 videret,
2969 3551 3021 3595 et
3046 3543 3427 3597 accendebatur
3466 3554 3523 3596 ut
3555 3552 3745 3599 amaret.

2260 3630 2464 3682 stabilis
2502 3637 2862 3696 permaneret;
2907 3645 3007 3681 non
3050 3630 3171 3682 inde
3215 3629 3280 3682 ad
3324 3630 3422 3681 sibi
3471 3628 3745 3697 placendum

2260 3724 2594 3780 averteretur,
2622 3724 2676 3769 et
2702 3732 2764 3770 ex
2786 3718 2885 3770 hoc
2910 3717 3315 3783 tenebresceret,
3344 3725 3435 3770 aut
3458 3718 3744 3786 Frigesoeret,

2263 3813 2318 3858 at
2339 3805 2419 3858 vel
2445 3804 2529 3856 illa
2555 3804 2791 3857 crederet
2817 3818 2999 3859 verum
3029 3806 3221 3858 dixisse
3247 3814 3557 3873 serpentem,
3580 3805 3655 3858 vel
3676 3803 3745 3856 illc

2259 3896 2351 3947 Dei
2380 3895 2623 3947 mandato
2663 3893 2844 3946 u'xoris
2887 3903 3187 3961 praeponent
3233 3895 3579 3958 voluntatem,
3623 3903 3745 3963 puta-

2262 3989 2441 4046 retqne
2488 3995 2542 4032 se
2570 3981 2839 4032 venialiler
2870 3989 3307 4049 transgressorem
3354 3997 3470 4035 esse
3512 3981 3744 4050 prmcepti.

2260 4071 2303 4121 si
2330 4070 2577 4123 vitze'suac
2604 4070 2796 4123 sociam
2825 4085 2927 4123 non
2957 4072 3222 4125 desereret
3249 4072 3405 4125 etiam
3436 4074 3487 4125 in
3528 4074 3745 4126 societate

2259 4162 2475 4227 peccati.
2500 4160 2611 4213 Non
2632 4176 2756 4229 ergo
2782 4160 2976 4213 malum
3010 4176 3140 4229 opus
3168 4161 3361 4216 factum
3386 4173 3481 4225 est,
3511 4164 3558 4216 id
3587 4161 3744 4217 cstill:

2262 4251 2627 4316 transgressio,
2652 4258 2709 4301 ut
2748 4251 2864 4303 cibo
2890 4250 3147 4317 prohibito
3184 4260 3540 4324 vescerentur,
3581 4250 3670 4304 nisi
3690 4248 3746 4302 ab

645 4340 995 4420 peccatorqu
1022 4346 1196 4420 causa
1245 4330 1498 4420 Quoniam
1543 4344 1645 4382 non
1687 4328 1851 4420 solum
1890 4339 2159 4420 peccatum
2196 4367 2237 4420 υ
2263 4339 2338 4391 eis
2370 4340 2456 4407 qui
2480 4340 2587 4405 jam
2633 4340 2755 4391 mali
2786 4349 2955 4393 erant.
2995 4340 3143 4392 Patet
3190 4355 3316 4409 ergo
3361 4330 3744 4394 manifestissime

647 4428 727 4474 est
751 4420 880 4487 ipsa,
911 4419 1000 4471 sed
1019 4418 1175 4472 etiam
1205 4416 1399 4469 nullum
1421 4427 1689 4484 peccatum
1718 4415 1828 4469 ﬂeri
1857 4419 2040 4485 potuit,
2065 4434 2161 4485 po-

647 4514 750 4561 test
789 4514 881 4559 aut
912 4506 1101 4573 poterit
1147 4506 1260 4560 sine
1304 4505 1414 4572 ipsa
1446 4522 1456 4555 :
1484 4514 1536 4558 et
1579 4505 1694 4557 ideo
1742 4506 1939 4556 initium
1976 4505 2162 4556 dicitur

653 4592 817 4646 omnis
835 4594 1045 4661 peccati,
1068 4592 1187 4658 quia
1216 4592 1324 4659 ipsa
1361 4592 1629 4659 praecessit
1656 4592 1709 4644 in
1737 4591 1961 4653 diabolo,
1990 4601 2043 4644 et
2068 4606 2161 4659 per

649 4678 817 4745 ipsam
845 4677 1121 4731 subversas
1146 4685 1225 4729 est
1246 4678 1417 4731 homo.
1444 4677 1556 4730 Non
1577 4679 1714 4751 enim
1736 4679 1913 4732 ederet
1938 4678 2001 4732 de
2021 4678 2159 4747 ligno

650 4764 926 4833 prohibito,
958 4766 1058 4818 nisi
1103 4767 1516 4832 concupisceret;
1562 4780 1658 4819 nec
1696 4767 2020 4833 concupisset
2059 4768 2157 4819 nisi

651 4862 903 4916 tentatus;
932 4867 1027 4907 nec
1059 4861 1363 4915 tentaretur,
1395 4856 1499 4908 nisi
1518 4856 1781 4917 desertus;
1824 4868 1919 4907 nec
1954 4854 2161 4907 desere-

652 4949 796 4993 retur
817 4953 847 4993 a
871 4939 996 5002 Deo,
1018 4942 1116 4994 nisi
1139 4942 1282 5008 prius
1308 4942 1415 5008 ipse
1441 4943 1733 5004 desereret;
1778 4956 1873 4994 nec
1899 4942 2163 4993 desereret

650 5027 837 5093 Deum,
862 5028 960 5083 nisi
998 5030 1304 5098 superbiret,
1336 5041 1389 5085 et
1413 5031 1797 5085 similitudinem
1824 5033 1914 5085 Dei
1944 5034 2159 5085 damna-

650 5113 823 5169 biliter
854 5116 1161 5184 appetisset.
1184 5116 1323 5171 Fecit
1352 5120 1526 5185 itaque
1563 5116 1722 5181 Deus,
1751 5118 1885 5170 sicut
1912 5120 2160 5186 scriptum

648 5211 752 5266 est,
786 5203 1031 5256 hominem
1066 5213 1249 5255 rectum
1293 5203 1471 5270 (Ecch'.
1504 5220 1579 5258 vn
1600 5243 1614 5268 ,
1645 5203 1732 5273 50)
1758 5244 1772 5267 ,
1823 5220 1885 5257 ac
1924 5220 2017 5272 per
2062 5208 2160 5259 hoc

648 5286 928 5343 voluntatis
955 5291 1120 5344 bonae.
1150 5291 1259 5345 Non
1283 5294 1420 5345 enim
1448 5302 1621 5346 rectus
1661 5302 1816 5357 esset,
1844 5295 2030 5348 bonam
2056 5312 2155 5349 non

653 5377 851 5432 habens
874 5378 1209 5433 voluntatem.
1239 5380 1379 5434 Bona
1427 5383 1581 5449 igitur
1625 5384 1863 5437 voluntas
1901 5400 2029 5453 Opus
2081 5396 2159 5439 est

654 5465 762 5527 Dei,
792 5480 909 5519 cum
949 5480 1009 5518 ea
1057 5468 1245 5535 quippe
1289 5470 1353 5521 ab
1384 5468 1469 5521 illo
1512 5468 1676 5523 factus
1703 5481 1783 5525 est
1809 5474 1979 5527 homo.
2026 5473 2155 5526 Mala

652 5567 773 5603 vero
793 5554 1046 5619 voluntas,
1069 5556 1310 5623 quoniam
1336 5557 1505 5609 omnia
1537 5572 1688 5624 Opera
1733 5561 1865 5612 mala
1897 5563 2160 5627 praecessit

2263 4441 2363 4477 non
2390 4427 2553 4480 solum
2590 4428 2641 4479 in
2675 4428 2896 4488 diabolo,
2927 4442 3103 4480 verum
3132 4429 3287 4481 etiam
3315 4430 3366 4481 in
3394 4429 3571 4496 primis
3604 4426 3744 4481 homi-

2264 4515 2446 4577 nibus,
2489 4518 2682 4569 malum
2728 4518 2979 4583 superbia:
3030 4518 3361 4585 praecessisse
3400 4518 3453 4571 in
3498 4515 3671 4579 abdito,
3697 4522 3743 4566 ut

2260 4613 2568 4671 sequeretur
2588 4606 2683 4657 hoc
2710 4600 3063 4671 malum'quod
3090 4613 3444 4672 perpetratum
3460 4606 3596 4659 estin
3618 4616 3742 4671 aper-

2261 4698 2332 4742 to.
2357 4692 2545 4743 Verum
2567 4698 2648 4743 est
2672 4690 2809 4742 enim
2836 4691 2973 4757 quod
2998 4692 3245 4757 scriptum
3267 4700 3347 4744 est
3379 4710 3391 4742 :
3422 4693 3545 4745 Ante
3572 4693 3737 4744 ruinam

2257 4779 2513 4831 exaltatur
2548 4796 2633 4831 cor
2658 4777 2832 4847 (Prov.
2860 4796 2966 4841 xvi,
2998 4782 3079 4843 18)
3103 4821 3116 4842 ,
3143 4792 3195 4835 et
3214 4792 3334 4835 ante
3362 4784 3577 4850 gloria’m
3607 4781 3738 4839 humi-

2257 4867 2411 4918 liatur
2435 4866 2577 4935 (Luc.
2596 4883 2703 4930 xiv,
2724 4869 2825 4937 Η).
2842 4868 3060 4921 Prorsus
3082 4871 3228 4921 ruina
3255 4886 3371 4934 qua:
3394 4870 3451 4922 lit
3478 4870 3529 4922 in
3547 4867 3739 4929 occulto.

2258 4957 2500 5021 praecedit
2528 4958 2728 5008 ruinam
2755 4972 2869 5024 qua:
2897 4958 2951 5008 ﬁt
2978 4959 3029 5009 in
3058 4957 3352 5019 manifesto,
3378 4960 3502 5013 dum
3522 4960 3599 5013 illa
3617 4958 3739 5012 ruina

2258 5057 2375 5095 esse
2418 5058 2521 5096 non
2550 5043 2777 5109 putatur.
2823 5044 2949 5107 Quis
2984 5046 3122 5096 enim
3173 5046 3541 5100 exultationem
3567 5046 3738 5099 ruinam

2259 5137 2423 5195 putat,
2471 5142 2587 5181 cum
2631 5128 2739 5194 jam
2786 5130 2857 5182 ibi
2902 5130 2971 5182 sit
3016 5128 3266 5194 defectus,
3295 5147 3399 5199 quo
3443 5141 3523 5185 est
3561 5131 3739 5185 relictus

2261 5215 2533 5269 excelsus?
2590 5214 2716 5279 Quis
2760 5222 2931 5268 autem
2988 5216 3189 5268 ruinam
3239 5231 3355 5270 esse
3407 5232 3508 5271 non
3557 5218 3739 5276 videat,

2262 5305 2465 5369 quando
2510 5303 2565 5355 fit
2603 5303 2829 5355 mandati
2858 5304 3068 5357 evidens
3105 5310 3260 5370 atque
3284 5304 3570 5359 indubitata
3596 5313 3739 5361 mns-

2263 5392 2496 5458 grcssio?
3668 5446 3676 5455 .

2329 5478 2454 5531 Vill.
2488 5477 2651 5543 Quam
2679 5481 2963 5547 primorum
2992 5478 3257 5533 hominum
3282 5482 3733 5573 transg/mssiM.

2260 5567 2301 5620 si
2345 5568 2395 5620 in
2442 5582 2532 5624 sua
2561 5569 2707 5636 quasi
2765 5568 2996 5622 membra
3046 5567 3245 5636 singula
3291 5567 3615 5635 dividamus,
3655 5579 3736 5621 non
