3922 6222
139 466 227 519 87ῗ

1517 453 1880 507 ΕΡΙΞἸῸιιΑι.

3158 443 3257 498 8'18

140 576 348 633 absuide
376 575 657 626 creduntur
680 572 836 623 etiam
865 577 1047 623 ccetera
1067 568 1135 619 ibi
1154 566 1379 619 admissa
1408 572 1641 631 peccata.
1674 567 1719 623 Α
1746 576 1901 617 causa
1924 563 2132 616 inimico
2151 564 2411 623 inimicus,
2441 562 2521 614 vel
2545 559 2861 628 adipiscendi
2884 555 3095 621 alicujus
3114 566 3261 609 extra

141 667 304 718 Primo
332 662 570 730 superbia
617 668 697 711 est
748 658 871 719 illic,
904 656 1024 723 quia
1070 655 1224 707 homo
1270 654 1322 705 in
1349 666 1442 704 sua
1469 652 1643 717 potius
1742 651 2018 714 commodi,
2051 653 2186 704 sicut
2212 650 2344 702 latro
2372 650 2589 712 viatori;
2623 647 2703 701 vel
2730 644 2961 700 evitandi
2989 644 3133 706 mali,
3160 644 3263 699 εἰο-

141 768 246 807 esse
283 764 438 818 quam
460 750 511 801 in
537 748 626 799 Dei
653 753 907 813 potestate
937 743 1136 795 dilexit.
1167 740 1365 793 Deinde
1406 737 1643 798 avaritia,

140 843 253 910 quia
292 839 406 906 plus
432 852 587 903 quam
630 834 703 887 illi
756 832 989 886 sullieere
1018 830 1221 892 debuit,
1274 827 1551 895 appetivit;
1596 832 1648 877 et

142 925 491 992 sacrilegium,
551 912 681 987 quia.
715 934 817 971 non
872 916 1122 979 credidit;
1176 923 1228 967 et
1271 913 1604 966 homicidium
1633 950 1646 972 ,

143 1014 254 1078 quia
274 1025 327 1062 se
348 1006 691 1077 praecipitavit
708 1007 759 1057 in
785 1013 1035 1066 mortem;
1066 1011 1119 1056 et
1134 1001 1407 1056 fornicatio
1436 999 1648 1066 spirita-

143 1101 220 1163 lis,
248 1098 367 1165 quia
402 1095 674 1161 integritas
722 1094 911 1146 mentis
936 1093 1173 1145 humanae
1209 1090 1503 1156 serpentina
1533 1102 1650 1139 sua-

143 1190 278 1240 sione
307 1192 551 1251 corrupta
579 1191 685 1247 est;
710 1190 763 1235 et
792 1181 1005 1243 furtum,
1033 1181 1155 1247 quia
1184 1180 1330 1232 cibus
1358 1178 1651 1245 prohibitus

142 1279 411 1337 usurpatus
434 1277 547 1329 est;
578 1276 631 1319 et
673 1268 717 1319 si
744 1268 867 1334 quid
895 1267 1032 1318 aliud
1058 1267 1107 1331 in
1144 1266 1242 1318 hoc
1279 1279 1383 1316 uno
1426 1264 1651 1334 admisso

144 1356 369 1425 diligenti
395 1353 813 1409 consideratione
864 1352 1084 1405 inveniri
1124 1358 1313 1418 potest.
1360 1349 1469 1401 lloc
1496 1350 1654 1416 igitur

141 1448 358 1513 primum
406 1454 659 1499 creaturae
700 1443 971 1497 rationalis
1016 1442 1209 1495 malum
1263 1448 1439 1495 secuta
1490 1447 1651 1499 sunt,

144 1533 432 1603 ignorantia
491 1547 666 1587 rerum
737 1532 1056 1597 agendarum
1122 1538 1175 1583 et
1234 1527 1655 1595 concupiscentia

143 1624 427 1685 noxiarum,
476 1624 666 1691 quibus
710 1621 925 1675 comites
970 1618 1366 1674 subinferuntur
1418 1632 1565 1672 error
1604 1624 1656 1669 et

145 1713 286 1766 dolor
316 1730 329 1764 :
376 1726 493 1779 qum
521 1712 621 1764 duo
649 1709 781 1762 mala
808 1708 1014 1777 quando
1063 1705 1387 1760 imminentia
1418 1704 1654 1757 sentiun-

145 1808 240 1861 tur,
270 1796 539 1865 [agitantis
565 1812 625 1849 ea
668 1794 824 1847 animi
855 1802 1026 1847 motus
1053 1802 1269 1845 vocatur
1288 1790 1655 1845 metus.Porro

1742 746 1801 790 ut
1846 738 1894 790 ei
1936 739 2023 804 qui
2073 738 2314 800 timetur;
2373 736 2454 789 vel
2505 735 2818 797 invidendo,
2871 734 3005 785 sicut
3042 732 3260 786 feliciori

1745 826 2003 887 miserior,
2035 834 2123 879 aut
2152 827 2203 878 in
2241 826 2415 892 aliquo
2455 832 2764 891 prosperatu
2813 821 2923 887 ejus
2966 837 3121 888 quem
3162 821 3259 873 sibi

1745 914 1938 981 aequari
1967 915 2130 974 timet,
2163 922 2251 965 aut
2278 913 2529 979 aequalem
2560 911 2727 973 dolet;
2767 910 2845 962 vel
2872 910 2979 961 sola
3003 909 3265 961 voluntate

1746 1002 1899 1055 alieni
1927 1003 2066 1063 mali,
2117 1004 2249 1055 sicut
2296 1008 2616 1070 spectatores
2644 1000 3007 1069 gladiatorum,
3036 1007 3125 1051 aut
3151 999 3267 1051 irri-

1746 1104 1911 1152 seres,
1961 1097 2052 1142 aut
2084 1090 2325 1144 illusores
2349 1090 2721 1157 quorumlibet,
2747 1088 2834 1156 qui
2871 1088 3108 1139 lwtanlur
3146 1103 3258 1138 cum

1746 1176 1877 1229 male
1920 1176 2143 1244 fecerint,
2174 1184 2228 1227 et
2274 1177 2537 1229 exsultant
2586 1176 2638 1227 in
2679 1175 2833 1228 rebus
2877 1174 3135 1242 pessimis,
3166 1172 3269 1225 dis—

1749 1264 1914 1331 ruptis
1963 1263 2214 1315 limitibus
2244 1263 2484 1315 humana:
2530 1262 2815 1316 societatis.
2847 1261 2986 1314 Nihil
3025 1262 3163 1315 enim
3196 1269 3275 1313 est

1750 1348 2007 1402 infelicius
2036 1348 2282 1402 felicitate
2303 1350 2646 1416 peccantium,
2677 1362 2776 1414 qua
2798 1348 3017 1414 poenalis
3048 1348 3275 1399 nutritur

1751 1438 2030 1505 impunitas
2052 1448 2105 1492 et
2128 1438 2265 1490 mala
2293 1437 2551 1501 voluntas,
2581 1436 2661 1489 vel
2690 1436 2927 1489 uthostis
2952 1435 3166 1488 interior
3190 1448 3267 1487 ro-

1752 1529 1982 1580 boretur.

1819 1614 1906 1668 XI.
1937 1614 2121 1668 Omnia
2148 1628 2355 1683 quoque
2378 1629 2492 1683 qum
2538 1614 2832 1667 demulcent
2870 1626 3051 1665 sensus
3088 1626 3272 1678 corpo-

1754 1702 1845 1766 ris,
1885 1712 1934 1756 et
1973 1719 2067 1770 per
2109 1718 2200 1757 eos
2245 1704 2538 1772 irrumpunt
2579 1704 2644 1757 ad
2678 1704 2979 1755 vastandam
3026 1710 3273 1757 mentem.

1754 1799 1810 1844 ut
1836 1791 1884 1843 ei
1922 1791 2077 1844 liceat
2102 1805 2197 1858 per
2236 1792 2393 1844 latam
2434 1800 2483 1844 et
2536 1791 2817 1859 spatiosam
2868 1790 3003 1839 viam
3048 1802 3162 1853 quae
3192 1786 3255 1837 du

147 1886 344 1937 animus
380 1900 500 1937 cum
544 1883 845 1950 adipiscitur
871 1881 1165 1947 concupita,
1213 1880 1451 1947 quamvis
1487 1878 1657 1947 perni-
1688 1872 1727 1927 B
1755 1880 1827 1933 cit
1849 1879 1913 1932 ad
1939 1888 2178 1942 mortem,
2211 1880 2427 1946 ingredi,
2458 1879 2754 1946 corporales
2794 1890 3035 1944 quterens
3062 1888 3278 1942 carpere.

146 1974 278 2025 eiosa
310 1973 389 2025 vel
424 1971 617 2034 inania,
655 1972 901 2039 quoniam
930 1970 982 2022 id
1005 1984 1186 2022 errore
1211 1983 1311 2022 non
1340 1968 1532 2029 sentit;
1577 1966 1657 2018 vel

148 2061 485 2114 delectatione
534 2058 766 2113 morbida
796 2059 1037 2121 vincitur,
1082 2057 1161 2110 vel
1193 2056 1350 2110 etiam
1396 2066 1529 2107 vana
1576 2054 1659 2107 he-

146 2148 252 2200 titia
276 2147 573 2200 ventilatur.
611 2147 684 2200 Ex
714 2148 795 2199 his
822 2147 1121 2199 morborum
1146 2160 1249 2197 non
1271 2142 1525 2196 ubertatis
1567 2142 1657 2194 sed

147 2236 457 2303 indigentize,
481 2243 721 2300 tanquam
764 2232 990 2286 fontibus
1014 2234 1185 2286 omnis
1220 2232 1429 2284 miseria
1459 2242 1658 2283 natura!

148 2321 410 2372 rationalis
435 2329 641 2373 emanat
666 2322 716 2372 in
746 2333 768 2358 δ
810 2320 998 2386 quibus
1016 2320 1175 2388 jacet,
1204 2319 1286 2372 vel
1314 2319 1471 2372 etiam
1498 2318 1660 2372 volvi-

147 2420 241 2470 tur,
276 2418 329 2461 et
356 2410 424 2462 de
451 2410 600 2462 malis
628 2410 679 2461 in
721 2410 853 2461 mala
886 2411 1259 2477 prtecipitatur.

208 2497 295 2551 l.\'.
323 2497 461 2549 Ecce
508 2499 661 2549 arbor
707 2497 855 2549 mala:
904 2497 1219 2559 voluntatis,
1248 2511 1363 2563 qua}
1406 2498 1662 2564 superbiae

146 2585 305 2636 oritur
354 2578 576 2645 semine,
603 2590 657 2635 et
697 2584 747 2635 in
781 2584 1079 2650 cupiditatis
1121 2584 1436 2637 convalescit
1467 2585 1659 2650 radice,

148 2670 317 2735 quales
337 2669 650 2736 multiplicat
677 2667 903 2722 fructus!
936 2671 1156 2739 ideoque
1195 2672 1238 2724 si
1278 2671 1516 2725 volumus
1540 2689 1663 2725 con-

150 2770 407 2808 summare
463 2755 625 2808 nostri
670 2756 971 2809 certaminis
1008 2773 1235 2819 cursum,
1289 2774 1566 2812 caveamus
1611 2760 1664 2811 in

147 2841 325 2908 primis
350 2842 688 2908 cupiditatem
715 2851 869 2908 atque
893 2846 1209 2910 superbiam,
1254 2861 1357 2897 non
1380 2847 1484 2900 duo
1508 2849 1665 2910 mala,

148 2929 233 2979 sed
256 2942 441 2991 unum,
481 2942 511 2979 a
537 2943 637 2995 quo
665 2929 888 2981 trahitur
914 2931 1085 2983 omnis
1112 2931 1232 2983 mali
1262 2939 1410 2985 actus
1440 2933 1663 2985 initium.

149 3016 273 3069 Nam
294 3018 409 3070 sine
438 3018 698 3085 superbia,
721 3034 837 3087 qua:
863 3030 1077 3086 possunt
1096 3022 1271 3075 saltim
1298 3023 1531 3075 inchoari
1553 3038 1670 3090 pee-

150 3114 280 3166 eata,
310 3120 433 3157 eum
470 3106 673 3158 dicatur
712 3106 911 3158 initium
958 3110 1119 3160 omnis
1166 3111 1360 3176 peccati
1390 3112 1668 3178 superbia?

148 3192 246 3245 Aut
284 3192 402 3246 siue
439 3194 720 3260 cupiditate
760 3195 991 3247 onmium
1039 3196 1295 3250 malorum
1325 3199 1519 3263 radice,
1550 3214 1667 3266 qua:

148 3292 364 3347 possunt
390 3282 503 3336 fieri
532 3284 683 3347 mala,
714 3300 831 3338 cum
859 3287 970 3359 sine
1014 3289 1188 3341 radice
1211 3296 1300 3341 aut
1340 3290 1478 3343 nulla
1510 3289 1670 3359 depu-

148 3379 321 3425 tentur
358 3381 453 3425 aut
478 3374 711 3425 mortua?
755 3375 949 3428 Deinde
1000 3378 1041 3429 si
1091 3380 1356 3444 quodlibet
1399 3391 1669 3448 peccatum

150 3466 450 3526 perpetrare
477 3458 647 3512 nullus
676 3467 883 3527 potest,
910 3462 1010 3515 nisi
1064 3466 1289 3531 propriae
1341 3466 1670 3521 delectationi

150 3548 467 3609 consentiat,
480 3547 614 3615 quod
631 3549 927 3617 cupiditatis
946 3558 1028 3604 est
1048 3554 1333 3620 proprium,
1351 3562 1404 3608 et
1428 3555 1520 3608 Dei
1540 3570 1675 3623 pra:-

151 3642 295 3700 cepta
325 3643 647 3698 contemnat,
676 3637 814 3701 quod
857 3646 939 3691 est
988 3641 1243 3708 superbia
1284 3642 1477 3721 malpm
1506 3663 1517 3696 :
1542 3661 1673 3713 quo-

152 3721 302 3776 modo
314 3736 421 3773 non
442 3736 507 3774 ex
525 3722 823 3790 cupiditate,
841 3738 956 3789 quae
974 3725 1123 3777 radix
1146 3726 1396 3779 malorum
1410 3731 1670 3794 omnium;

152 3821 291 3867 etex
338 3814 603 3881 superbia,
631 3828 747 3880 quae
789 3816 989 3867 initium
1027 3820 1187 3871 omnis
1225 3822 1414 3887 peccati
1458 3822 1673 3888 dicitur,

149 3902 386 3969 procedit
430 3918 583 3955 omne
628 3905 934 3971 peccatum?
959 3904 1143 3959 Omnia
1190 3909 1347 3977 igitur
1373 3912 1529 3973 mala,
1560 3927 1676 3979 qua:

151 4004 241 4056 per
266 3988 608 4043 seminarium
630 3990 882 4056 superbia:
908 3992 973 4045 de
1016 3994 1190 4047 radice
1218 3997 1455 4049 oriuntur
1480 3999 1679 4066 cupidi-

151 4077 293 4139 tatis,
314 4077 372 4129 in
397 4075 479 4128 his
501 4076 699 4129 duobus
717 4078 1148 4143 complectuntur,
1178 4082 1329 4134 idest
1354 4087 1601 4151 operibus
1623 4095 1677 4141 et

152 4164 374 4231 pompis.
407 4163 585 4230 Neque
611 4164 829 4217 inveniri
849 4174 1020 4233 potest
1046 4168 1206 4222 ullum
1230 4182 1521 4239 peccatum,
1538 4176 1675 4241 quod

153 4269 253 4307 non
285 4255 340 4307 in
368 4254 545 4322 aliquo
580 4256 768 4309 horum
796 4258 1183 4312 adnumeretur.
1222 4260 1287 4313 Et
1329 4262 1525 4315 idcirco
1551 4264 1678 4317 fide-

152 4340 285 4394 libus
310 4341 379 4394 ad
402 4341 822 4396 emundationem
854 4344 1096 4411 baptismi
1120 4348 1487 4403 accedentibus
1514 4350 1567 4405 in
1594 4352 1676 4408 his

152 4429 559 4494 pronuntiantur
578 4430 1009 4487 abrenuntianda.

218 4513 284 4568 Χ.
310 4516 379 4568 Ει
404 4516 527 4583 quia
556 4517 620 4570 de
652 4519 897 4587 operibus
923 4521 1111 4576 diaboli
1137 4523 1305 4578 facilis
1332 4527 1671 4596 intelligentia

152 4608 247 4663 est,
291 4602 571 4655 dicendum
615 4605 761 4670 prius
808 4619 925 4672 qua:
963 4608 1099 4661 mala
1139 4611 1204 4663 ad
1232 4626 1446 4680 pompas
1480 4614 1672 4668 diaboli

151 4689 419 4756 pertinere
456 4700 739 4744 noscantur
766 4710 777 4744 :
808 4694 985 4748 omnia
1009 4696 1249 4753 videlicet
1281 4716 1396 4768 qua;
1431 4703 1495 4756 de
1522 4704 1673 4757 lasei-

151 4776 236 4830 vis
262 4783 423 4842 atque
446 4777 649 4831 luxuria
668 4779 927 4844 oriuntur,
952 4782 1124 4850 aliqua
1153 4800 1277 4839 vero
1316 4802 1429 4854 quae
1459 4789 1523 4841 de
1561 4791 1674 4842 lihi-

152 4861 290 4916 dine.
320 4860 454 4914 Nam
498 4873 616 4917 sunt
651 4867 825 4919 multa
852 4868 1113 4937 variasque
1136 4871 1399 4935 libidines,
1452 4890 1672 4943 quarum

154 4948 418 5002 nonnullae
450 4949 642 5009 habent
688 4953 849 5030 etiam
882 4956 1133 5009 vocabula
1181 4962 1409 5026 propria,
1441 4966 1676 5030 quasdam

152 5048 280 5089 vero
302 5052 413 5091 non
434 5039 646 5092 habent.
678 5028 804 5105 Ouis
838 5042 978 5095 enim
1022 5041 1173 5098 facile
1200 5047 1390 5101 dixerit
1436 5028 1561 5117 quid
1589 5069 1680 5107 vo—

154 5129 304 5173 cetur
327 5121 491 5176 libido
527 5126 859 5189 dominandi?
885 5130 977 5183 Est
1014 5132 1173 5198 igitur
1194 5134 1352 5188 libido
1374 5136 1677 5207 ulciscendi,

157 5210 627 5297 qumrira'dicitur;
672 5224 751 5270 est
786 5218 944 5272 libido
969 5220 1191 5275 habendi
1232 5226 1526 5291 pecuniam,
1566 5246 1681 5297 qua

156 5296 381 5350 avaritia
424 5307 532 5363 est;
579 5308 659 5355 est
704 5302 861 5357 libido
907 5309 1368 5377 quomodocuuque
1417 5296 1677 5383 vincendi,

157 5396 273 5448 quae
300 5386 626 5451 pervicacia;
660 5398 740 5443 est
784 5390 943 5445 libido
982 5394 1259 5463 gloriandi,
1288 5413 1403 5466 quae
1425 5400 1679 5467 jactantia

158 5476 510 5539 nuncupatur.
546 5472 731 5530 Libido
770 5483 851 5530 est
871 5480 1109 5543 nocendi,
1150 5484 1258 5538 sive
1284 5500 1377 5553 per
1414 5495 1682 5541 contume-

159 5553 299 5617 liam,
328 5557 442 5611 sive
483 5574 577 5628 per
604 5561 882 5629 injuriam;
915 5574 969 5619 et
984 5574 1259 5637 utrumque
1284 5574 1368 5626 vel
1396 5574 1677 5637 ulciscendi

225 5656 253 5685 ι
283 5643 343 5701 S.
365 5645 583 5715 August.
618 5651 666 5703 in
688 5650 901 5706 Enehir.

1756 1968 2065 2035 voluptates.
2090 1967 2245 2021 Velut
2278 1981 2395 2020 cum
2440 1967 2761 2019 theatrorum
2801 1964 2963 2017 moles
3003 1972 3279 2015 exstruun-

1759 2064 1861 2120 tur,
1889 2065 1944 2108 et
1965 2056 2279 2109 eli’odiuntur
2320 2055 2656 2109 fundamenta
2698 2057 2946 2107 virtutum
2973 2071 2984 2105 :
3025 2068 3144 2105 cum
3173 2052 3278 2119 gle—

1757 2144 1895 2197 riosa
1940 2153 2021 2196 est
2046 2142 2311 2196 eli‘usionis
2355 2145 2585 2207 insania,
2616 2152 2667 2197 et
2709 2159 2867 2211 opera
2914 2141 3281 2195 misericordim

1758 2233 2085 2295 deridentur;
2118 2248 2237 2286 eum
2286 2248 2349 2287 ex
2404 2233 2486 2286 his
2538 2248 2652 2298 quae
2707 2233 2952 2285 divitibus
2997 2232 3277 2289 abundant,

1757 2320 2083 2374 luxuriantur
2102 2322 2403 2384 histriones,
2432 2330 2485 2373 et
2508 2321 2800 2374 necessaria
2832 2320 2914 2371 vix
2943 2321 3136 2373 habent
3160 2332 3283 2386 pau-

1760 2421 1929 2475 peres.
1974 2407 2073 2460 Per
2099 2408 2328 2475 quinque
2371 2422 2555 2460 sensus
2600 2406 2835 2475 corporis
2880 2406 3185 2472 metropolis
3234 2413 3286 2457 et

1761 2510 1854 2548 arx
1880 2496 2071 2548 mentis
2091 2497 2312 2563 capitur,
2346 2505 2559 2564 aspectu
2584 2497 2812 2557 scilicet,
2866 2495 3042 2546 auditu
3062 2533 3076 2555 ,
3110 2503 3283 2562 gustu,

1760 2584 1977 2636 odoratu
1998 2591 2049 2633 et
2076 2589 2234 2634 tactu.
2263 2582 2317 2635 Si
2345 2582 2666 2635 circensibus
2691 2583 2946 2648 quispiam
2975 2581 3277 2641 delectetur;

1762 2674 1806 2727 si
1828 2673 2144 2725 athletarum
2168 2673 2468 2733 certamine,
2492 2672 2536 2724 si
2560 2670 2847 2723 mobilitate
2883 2669 3213 2727 histrionum,
3239 2670 3281 2720 si

1762 2760 1944 2814 formis
1968 2760 2267 2823 mulierum,
2297 2760 2339 2812 si
2365 2760 2639 2828 splendore
2667 2772 3009 2827 gemmarum,
3038 2756 3281 2811 vestium.

1761 2849 2110 2913 metallorum,
2132 2857 2186 2901 et.
2208 2850 2415 2902 caeteris
2440 2848 2756 2917 hujusmodi,
2780 2862 2875 2914 per
2907 2846 3174 2900 oculorum
3214 2844 3283 2898 fe-

1762 2946 1970 2991 nestras
2000 2937 2185 2989 anima:
2210 2944 2291 2989 est
2315 2946 2465 3005 capta
2506 2936 2737 2989 libertas.

1833 3026 1941 3080 XII.
1980 3027 2205 3081 Rursum
2227 3028 2434 3091 auditu,
2460 3028 2503 3080 si
2529 3028 2672 3080 vario
2709 3041 3019 3095 organorum
3050 3036 3206 3077 cantu
3234 3034 3286 3078 et

1766 3132 1952 3171 vocum
1985 3117 2291 3171 flexionibus
2320 3118 2584 3181 delinitur,
2607 3128 2660 3171 et
2684 3120 2913 3171 carmine
2942 3126 3207 3185 poetarum
3236 3126 3286 3171 et

1769 3206 2161 3269 comoediarum,
2188 3206 2568 3273 mimorumque
2583 3208 2963 3260 urbanitatibus
2977 3216 3024 3260 et
3040 3208 3287 3274 strophis.

1768 3303 1821 3348 et
1874 3293 2123 3361 quidquid
2146 3307 2238 3359 per
2270 3308 2421 3346 aures
2450 3295 2699 3347 introiens
2752 3294 3050 3347 virilitatem
3082 3294 3291 3347 ‘mentis

1769 3383 2052 3438 edeminat.
2102 3382 2288 3436 Oderis
2341 3391 2514 3435 autem
2559 3384 2832 3447 suavitate,
2864 3392 2916 3438 et
2934 3384 3138 3437 diversa
3174 3384 3294 3454 thy-

1770 3473 2093 3533 miamatum,
2116 3478 2170 3523 et
2188 3485 2471 3534 amomum,
2492 3479 2545 3524 et
2568 3473 2826 3541 peregrini
2848 3474 3012 3526 muris
3028 3474 3293 3542 pellicula,

1772 3558 1910 3625 quod
1937 3557 2200 3611 dissolutis
2225 3565 2279 3610 et
2307 3558 2572 3612 amoribus
2607 3561 2866 3612 convenit.
2915 3560 3290 3613 Tactusautem

1773 3647 2059 3700 alienorum
2083 3660 2375 3714 corporum,
2425 3654 2478 3699 et
2502 3645 2808 3701 feminarum
2838 3648 3103 3701 ardentior
3137 3663 3293 3717 appe-

1774 3735 1899 3787 titus
1918 3735 2114 3787 vitinus
2136 3734 2187 3786 in
2217 3732 2355 3786 fama
2377 3742 2455 3787 est
2484 3734 2682 3804 [Ινονιεν
2704 3736 2887 3789 vitium
2912 3736 3103 3791 infame
3130 3738 3252 3808 est].

1840 3824 1971 3876 Xill.
2010 3823 2173 3891 Igitur
2191 3839 2307 3875 cum
2331 3838 2423 3893 per
2446 3824 2541 3877 has
2566 3834 2745 3894 portas
2771 3827 2919 3894 quasi
2940 3827 3149 3893 quidam
3174 3841 3292 3894 per-

1774 3913 2124 3965 turbationum
2150 3913 2300 3964 cunei
2330 3913 2394 3964 ad
2424 3920 2818 3970 arcemjtostra
2852 3913 3043 3965 mentis
3072 3913 3295 3966 intrave-

1774 3999 1896 4059 rint,
1925 3999 2013 4051 ubi
2040 3999 2139 4050 erit
2167 3998 2410 4051 libertas?
2444 3999 2800 4053 ubifortitudo
2826 3999 2973 4066 ejus?
2993 4002 3078 4054 ubi
3101 4003 3164 4055 de
3192 4002 3296 4054 Deo

1775 4088 2053 4157 cogitatio?
2111 4088 2333 4142 Maxime
2357 4104 2476 4141 cum
2504 4098 2671 4142 tactus
2712 4089 2955 4157 depingat
3003 4091 3099 4143 sibi
3138 4091 3292 4143 etiam

1774 4173 2063 4242 prteteritas
2090 4174 2398 4241 voluptates,
2422 4182 2473 4226 et
2499 4174 2858 4228 recordatione
2881 4175 3122 4229 vitiorum
3144 4187 3294 4245 cogat

1775 4263 2001 4315 animam
2026 4262 2150 4327 pati,
2197 4270 2251 4314 et
2294 4263 2674 4329 quodammodo
2716 4278 2963 4318 exercere
3004 4264 3139 4332 quod
3192 4280 3295 4318 non

1776 4351 1901 4420 agit.
1969 4351 2190 4405 Peccata
2212 4367 2455 4419 namque,
2501 4368 2616 4422 quae
2638 4353 2703 4406 ad
2736 4355 3001 4409 lasciviam
3037 4359 3297 4424 pertinere

1704 4475 1755 4534 Β
1777 4448 2084 4503 noscuntur,
2135 4448 2507 4494 commemorat
2556 4440 2720 4496 lsaias
2761 4445 3009 4514 propheta
3056 4460 3121 4498 ex
3169 4462 3298 4501 voce

1778 4528 1983 4581 Domini
2018 4529 2406 4591 comminantis,
2438 4529 2686 4584 dicendo:
2720 4529 2828 4583 Pro
2854 4546 2914 4584 eo
2934 4532 3067 4599 quod
3094 4532 3297 4586 elevata-

1777 4625 1894 4668 sunt
1919 4616 2041 4683 ﬁlia:
2068 4614 2210 4678 Sion,
2239 4624 2284 4667 et
2308 4617 2687 4669 ambulaverunt
2713 4626 2912 4671 extento
2954 4618 3103 4683 collo,
3134 4631 3180 4674 et
3206 4638 3299 4675 nu-

1778 4707 1911 4758 tibus
1924 4706 2183 4757 oculorum
2210 4705 2347 4757 ibant
2368 4713 2412 4758 et
2440 4705 2763 4774 plaudebant,
2786 4707 3111 4761 ambulabant
3137 4712 3189 4761 in
3215 4726 3297 4777 pe-

1779 4792 1927 4845 dibus
1964 4794 2090 4855 suis,
2122 4782 2392 4861 composito
2430 4794 2593 4862 gradu
2644 4796 2971 4858 incedebant;
3021 4795 3297 4849 deealvabit

1776 4880 2025 4933 Dominus
2053 4881 2283 4934 verticem
2306 4882 2531 4949 ﬁliarum
2558 4880 2701 4946 Sion,
2755 4893 2799 4936 et
2829 4884 3076 4937 Dominus
3110 4884 3297 4936 crinem

1776 4985 1952 5022 eorum
1972 4970 2198 5023 nudabit.
2252 4971 2316 5023 In
2335 4971 2416 5024 die
2439 4970 2530 5024 illa
2550 4973 2744 5039 auferet
2763 4972 3011 5025 Dominus
3028 4989 3298 5027 ornamen-

1777 5066 1885 5110 tum
1911 5057 2365 5111 calceamentorum
2384 5068 2430 5112 et
2450 5059 2670 5121 lunulas,
2690 5070 2735 5112 et
2757 5068 2976 5126 torques,
2996 5070 3045 5113 et
3067 5061 3295 5124 monilia,

1778 5153 1825 5198 et
1853 5144 2101 5208 armillas,
2134 5154 2182 5197 et
2210 5148 2404 5209 mitras,
2461 5147 2846 5209 discriminalia,
2884 5156 2931 5201 et
2959 5147 3294 5215 periscelides,

1778 5241 1827 5285 et
1855 5232 2185 5295 inurendas,
2207 5242 2253 5285 et
2273 5234 2608 5302 olfactariola,
2652 5243 2697 5287 et
2724 5235 2951 5299 inaures,
2996 5243 3041 5288 et
3054 5233 3295 5299 pannulos,

1781 5331 1827 5373 et
1866 5336 2085 5388 gemmas
2120 5323 2173 5374 in
2209 5322 2371 5389 fronte
2415 5322 2680 5391 pendentes
2703 5322 2833 5394 (lsa.
2869 5339 2949 5386 nt,
3001 5322 3106 5392 16),
3173 5322 3298 5389 Qus

1779 5410 1954 5464 omnia
1978 5420 2190 5478 propter
2236 5413 2513 5478 superbum
2556 5412 2886 5480 supercilium
2914 5418 2968 5465 et
3009 5412 3298 5481 impudicos

1781 5510 1841 5548 ac
1871 5496 2167 5551 luxuriosos
2207 5506 2355 5553 actus
2373 5500 2641 5555 hominum
2688 5500 2949 5562 dicuntur,
2990 5501 3079 5570 qui
3124 5498 3295 5554 diffusi

1782 5595 1876 5649 per
1903 5586 2077 5639 omnia
2106 5586 2381 5655 desideria,
2411 5605 2597 5658 corpus
2620 5589 2812 5644 ducunt
2834 5591 3109 5657 impurum.
3166 5587 3293 5645 Item
