3922 6222
152 375 252 428 S'Sl

1529 367 1874 423 EPISTOLIE
1885 409 1898 421 .

3195 375 3301 430 881

147 497 259 539 tem
313 488 380 538 ab
431 484 650 537 avaritia
696 483 978 536 derivatur.
1045 481 1118 534 De
1155 479 1354 534 duobus
1398 492 1522 532 vero
1563 492 1679 547 qua:
1709 476 1754 534 Λ
1779 494 1959 533 verum
1997 481 2153 536 etiam
2199 491 2567 550 praeponuntur
2610 483 2757 536 nobis
2785 499 2812 537 a
2842 483 2948 539 Deo
2993 493 3295 554 potestates,

144 572 384 625 carnalia
433 580 571 634 sunt,
635 570 838 624 cunctis
872 569 1052 636 liquet,
1098 567 1162 620 de
1212 566 1409 620 ventris
1459 564 1683 633 ingluvie

144 661 420 715 luxuriam
477 659 639 714 nasci.
710 657 838 723 Quia
877 658 998 711 dum
1053 671 1214 709 unum
1263 642 1554 708 inordinate
1600 669 1682 706 re-

143 749 349 812 ficitur,
389 749 609 803 alterum
655 746 835 815 procul
888 745 1046 799 dubio
1082 744 1146 797 ad
1166 743 1510 797 contumelias
1543 742 1682 796 exci-

145 847 314 891 tatur.
327 821 334 828 ’

215 925 357 978 XIX.
391 919 496 977 ’Alii
526 931 721 986 autem,
760 923 983 976 maxime
1027 922 1194 975 sancti
1215 920 1402 974 Patres
1429 919 1682 988 Egyptii,

141 1023 270 1068 octo
297 1014 540 1067 dixerunt
559 1027 673 1066 esse
692 1010 998 1079 principalia
1023 1010 1172 1073 vitia,
1225 1018 1278 1062 et
1298 1009 1467 1077 prima
1498 1022 1685 1076 posue-

143 1109 272 1155 runt
293 1115 357 1154 ea
377 1115 494 1170 qua:
517 1101 604 1154 hic
629 1098 1018 1154 carnalia'dicta
1045 1105 1187 1161 sunt,
1208 1098 1258 1150 id
1271 1106 1352 1151 est
1375 1098 1682 1166 gastrimar-

142 1189 308 1257 giam,
327 1190 465 1256 quod
491 1186 857 1242 sonat'ventris
878 1186 1176 1256 ingluviem,
1194 1194 1246 1239 et
1265 1185 1681 1245 fornicationem,

143 1275 286 1341 quod
304 1276 390 1327 hic
404 1274 629 1344 generali
660 1275 867 1327 nomine
887 1273 1088 1327 luxuria
1114 1274 1431 1329 nominatur.
1450 1271 1683 1326 Tertium

145 1361 546 1429 philargyriam,
591 1361 641 1413 id
684 1369 764 1413 est
805 1368 1036 1414 amorem
1095 1361 1347 1428 pecuniae,
1401 1359 1540 1427 quod
1591 1373 1686 1412 nos

146 1451 428 1502 avaritiam
459 1450 808 1502 nominamus.
867 1449 1121 1514 Quartum
1151 1450 1302 1512 iram,
1338 1450 1576 1516 quintum
1595 1448 1686 1500 tri-

146 1540 372 1602 stitiam,
404 1548 609 1591 sextum
649 1539 900 1597 acediam,
929 1538 978 1590 id
1023 1544 1106 1590 est
1129 1538 1446 1590 anxietatem
1481 1551 1572 1590 seu
1595 1545 1685 1589 tae-

147 1628 292 1680 dium
316 1625 510 1686 cordis,
539 1626 676 1692 quod
707 1627 867 1678 nostri
897 1626 1299 1679 inconstantiam
1327 1625 1409 1678 vel
1430 1625 1686 1694 vagatita-

149 1724 255 1768 tem
290 1715 562 1767 nominare
584 1714 770 1766 solent.
825 1712 1114 1781 Septimum
1156 1713 1519 1778 cenodoxiam,
1547 1713 1686 1780 quod

150 1818 248 1854 nos
273 1802 482 1854 inanem
512 1802 730 1868 gloriam
769 1801 1008 1854 dicimus.
1074 1799 1332 1854 Octavum
1365 1801 1682 1868 superbiam.
1719 1782 1774 1843 Β.

151 1891 610 1946 Prmtermiserunt
642 1908 765 1947 vero
817 1893 1084 1957 invidiam,
1124 1892 1408 1945 maximum
1435 1883 1690 1960 superbid:

151 1982 354 2048 prolem
418 1997 479 2035 ac
526 1983 800 2046 comitem;
859 1983 1166 2036 addiderunt
1206 1976 1378 2035 autem
1424 1982 1688 2044 acediam,

154 2071 295 2136 quod
340 2070 584 2124 doctores
617 2069 863 2124 Ecclesiae
912 2072 1048 2124 inter
1086 2073 1394 2140 principalia
1436 2073 1558 2125 vitia
1589 2089 1689 2125 non

152 2168 466 2226 posuerunt,
519 2159 608 2212 sed
631 2160 796 2229 magis
829 2159 953 2214 illud
981 2161 1044 2214 de
1067 2162 1300 2224 tristitia,
1348 2162 1458 2214 sive
1488 2163 1689 2214 luxuria

155 2248 302 2301 nasci
328 2248 606 2301 dixerunt:
654 2249 774 2318 quia
802 2259 853 2302 et
874 2265 1057 2304 revera
1083 2252 1230 2319 quasi
1261 2252 1526 2320 proprium
1551 2251 1693 2305 vide-

157 2348 243 2390 tur
265 2352 386 2392 esse
407 2338 822 2390 monachorum;
873 2337 1001 2391 Nam
1028 2339 1342 2407 generaliter
1392 2341 1444 2393 in
1491 2339 1694 2394 cunctis

159 2425 402 2479 fidelibus
429 2425 591 2478 multo
614 2426 784 2479 minus
810 2428 1004 2479 malum
1023 2420 1240 2479 'videtur
1267 2442 1400 2488 esse,
1429 2443 1582 2494 quam
1618 2428 1693 2479 in-

158 2513 327 2564 vidia:
380 2513 502 2580 quia
531 2520 583 2566 et
611 2515 662 2565 in
692 2515 879 2568 divinis
910 2515 1096 2567 litteris
1123 2512 1305 2580 majori
1351 2515 1694 2569 detestatione

160 2606 398 2652 notatum
449 2587 710 2654 ili‘venitur
760 2601 974 2665 invidia,
1031 2617 1187 2669 quam
1235 2603 1440 2670 vagatio
1486 2605 1692 2675 mentis.

162 2686 418 2743 Ultimum
441 2698 728 2758 posuerunt
753 2692 1071 2760 superbiam,
1113 2691 1252 2759 quod
1283 2691 1367 2743 alii
1393 2707 1604 2744 causam
1643 2699 1695 2742 et

159 2779 420 2845 originem
448 2780 682 2834 omnium
709 2781 956 2835 vitiorum
983 2795 1098 2834 esse
1117 2779 1378 2833 dixerunt.
1428 2780 1491 2832 Et
1511 2793 1695 2832 revera

164 2869 495 2937 perspicuum
536 2879 617 2922 est
660 2871 850 2923 nonde
880 2871 1018 2922 inani
1048 2871 1212 2940 gloria
1257 2870 1575 2937 superbiam,
1607 2869 1697 2922 sed

160 2962 222 3013 de
250 2959 499 3028 superbia
525 2959 732 3013 inanem
785 2959 1002 3029 gloriam
1050 2960 1310 3029 generari.
1363 2958 1481 3010 Pari
1521 2967 1698 3011 autem

159 3057 410 3104 contentu
456 3049 664 3121 utrique
702 3048 894 3116 duplici
933 3063 995 3101 ea
1026 3048 1278 3102 divisione
1323 3048 1695 3110 distinxerunt,

163 3137 211 3189 id
232 3144 319 3204 est
341 3135 574 3190 carnalia
598 3142 650 3189 et
669 3136 943 3203 spiritalia,
982 3151 1099 3188 cum
1127 3128 1300 3188 tamen
1327 3135 1606 3203 Apostolus
1629 3136 1697 3189 si-

164 3225 267 3277 mul
286 3223 462 3277 omnia
491 3238 648 3292 opera
667 3223 838 3278 carnis
864 3223 1139 3278 manifesta
1164 3239 1279 3277 esse
1317 3225 1524 3277 dixerit.
1577 3224 1699 3279 Om-

162 3316 304 3366 nium
349 3329 557 3382 quoque
606 3314 851 3367 vitiorum
899 3313 1229 3370 efficientiam
1263 3317 1696 3385 quadripartitam

159 3417 274 3458 esse
317 3405 516 3457 dicunt.
572 3403 702 3456 Nam
753 3403 990 3471 quaedam
1038 3405 1245 3457 nonnisi
1301 3415 1420 3458 actu
1463 3408 1698 3474 corporis

159 3492 515 3545 consummari
555 3497 791 3558 possunt,
828 3498 886 3543 ut
927 3483 1127 3544 ventris
1156 3491 1409 3560 ingluvies
1455 3501 1508 3545 et
1536 3493 1698 3546 forni-

161 3584 328 3634 catio:
379 3581 615 3648 qurcdam
647 3595 770 3634 vero
799 3580 910 3633 sine
938 3580 1041 3633 ulla
1062 3581 1299 3648 cerporis
1326 3581 1529 3634 actione
1556 3596 1697 3634 eom-

160 3670 387 3735 ptentur,
439 3676 496 3720 ut
523 3667 766 3736 superbia
798 3677 851 3721 et
871 3669 1190 3723 cenodoxia:
1241 3671 1477 3740 quaedam
1524 3683 1696 3722 autem

161 3759 526 3810 commotionis
573 3773 679 3810 sua:
730 3771 914 3811 causas
941 3758 1268 3812 extrinsecus
1299 3759 1587 3825 excipiunt,
1639 3767 1698 3810 ut

163 3849 385 3901 avaritia
410 3847 584 3900 etira;
618 3844 717 3897 alia
749 3860 873 3899 vero
914 3846 1178 3900 intestinis
1219 3847 1446 3900 motibus
1464 3847 1696 3900 excitan-

162 3948 265 4000 tur,
300 3946 360 3989 ut
383 3935 558 3988 acedia
597 3942 752 3999 atque
780 3934 1010 3987 tristitia.

227 4023 344 4077 XX.
388 4021 508 4074 Hinc
530 4030 582 4074 et
604 4019 763 4074 multa
784 4019 1080 4087 huiusmodi
1109 4012 1255 4082 vitia,
1300 4037 1414 4088 quae
1462 4021 1697 4096 dividun-

163 4126 243 4166 tur
269 4114 318 4165 in
355 4110 598 4179 operibus
622 4120 673 4162 et
717 4109 919 4178 pompis
948 4109 1160 4171 diaboli,
1201 4110 1287 4176 qui
1315 4117 1394 4162 est
1439 4118 1620 4163 auctor
1645 4119 1699 4164 et

163 4201 407 4268 princeps
435 4207 766 4267 peccatorum
794 4196 983 4264 quibus
1008 4194 1059 4247 in
1081 4194 1338 4262 baptismo
1365 4197 1697 4249 abrenuntia-

163 4291 350 4348 vimus,
385 4287 593 4356 etquod
618 4285 764 4354 pejus
785 4294 884 4348 est,
937 4284 1000 4338 ad
1041 4301 1100 4338 ea
1139 4290 1324 4338 lterum
1356 4293 1694 4348 revertentes,

163 4393 338 4430 earmn
375 4377 776 4444 inquinamentis
797 4374 1125 4428 sordidamur
1148 4383 1198 4426 ct
1243 4375 1489 4428 oneribus
1533 4377 1694 4443 depri-

166 4474 372 4533 mimur,
416 4478 474 4522 ut
500 4469 688 4522 merito
710 4468 973 4519 dicamus:
1026 4465 1170 4518 Sicut
1222 4481 1347 4516 onus
1397 4481 1546 4532 gt‘arc
1574 4481 1692 4532 gra-

164 4570 288 4611 tatur
328 4567 448 4609 sunt
492 4572 642 4623 super
669 4572 766 4608 me.
843 4553 1160 4606 Puta-uerunt
1199 4563 1245 4605 et
1290 4563 1539 4619 corrupta:
1574 4564 1689 4605 sunt

165 4647 418 4697 cicatrices
448 4660 569 4695 metr
592 4661 620 4695 a
647 4642 776 4706 facie
821 4643 1122 4711 insipientia?
1161 4658 1302 4692 mean
1363 4641 1584 4694 Miscriis
1610 4643 1691 4708 af-

165 4735 327 4800 ﬂictus
358 4749 470 4784 sum
494 4745 648 4798 usque
671 4731 721 4782 in
751 4731 922 4796 ﬁnem.
979 4729 1208 4793 Quorum
1243 4713 1586 4796 corruptione
1616 4731 1693 4782 di-

166 4822 435 4883 laniamur,
464 4827 516 4872 et
537 4820 669 4872 sicut
693 4819 805 4871 sani
840 4819 1142 4887 gaudemus.
1190 4815 1408 4883 P‘ropter
1432 4806 1527 4870 ista
1550 4833 1694 4888 com-

168 4911 393 4963 minatur
443 4909 590 4962 no‘ais
641 4909 774 4960 Deus
820 4907 986 4974 judes:
1007 4906 1201 4974 justus,
1231 4904 1376 4970 fortis
1400 4913 1444 4956 et
1474 4908 1688 4981 potiens,

168 4999 258 5048 nisi
292 5006 660 5057 convertamur,
694 5010 875 5062 poenas
913 5002 1156 5056 (eternas,
1196 4994 1287 5045 ubi
1315 4993 1496 5043 vermis
1524 5003 1694 5046 noster

168 5102 261 5136 non
283 5087 515 5143 moritur,
565 5095 609 5136 et
638 5085 768 5150 ignis
796 5099 892 5135 non
937 5083 1292 5149 exstinguitur.
1345 5081 1563 5148 Pmpter
1593 5083 1690 5134 ista

168 5177 438 5229 atterimur
463 5185 514 5228 et
539 5173 814 5241 afﬂigimur
834 5172 1048 5239 flagellis
1069 5171 1437 5238 temporalibus
1460 5173 1509 5224 in
1540 5171 1694 5225 rebus

171 5264 424 5325 humanis,
464 5262 634 5324 bellis,
692 5261 1097 5332 captivitatibus,
1145 5260 1454 5328 pesti—lentiis
1481 5301 1493 5324 ,
1535 5261 1688 5322 fame,

170 5353 486 5420 :cgritndine.
536 5352 753 5420 Propter
793 5355 876 5405 sta’
901 5352 1296 5404 incommoditas
1317 5365 1516 5412 aerum,
1543 5353 1692 5405 sicci-

174 5455 264 5505 tas,
294 5444 608 5497 exundantia
639 5444 950 5511 pluviarum,
1003 5441 1331 5494 inclementia
1357 5441 1580 5509 frigoris,
1607 5457 1693 5495 vc-

171 5529 422 5585 ltemcntia
454 5532 670 5593 ardoris,
705 5531 927 5584 defectio
976 5529 1410 5596 adjumentorum.
1477 5530 1692 5597 Propter

173 5634 282 5686 quc
326 5638 428 5674 non
477 5621 640 5673 solum
669 5620 874 5675 cwlitus
918 5619 1230 5687 corripimur
1259 5628 1311 5670 ct
1355 5619 1690 5686 castigantur,

1781 572 1970 641 quibus
1997 573 2185 625 subditi
2203 589 2309 626 esse
2333 573 2586 637 debemus,
2615 592 2713 628 non
2739 575 2897 628 solum
2924 587 3127 646 prapter
3144 580 3296 637 iram,

1779 660 1868 714 sed
1903 668 1952 712 et
1975 669 2176 728 prapter
2196 663 2570 733 conscientiam.
2624 662 2721 728 Qui
2752 672 2965 732 propter
2984 665 3081 730 ista
3122 682 3297 721 emen-

1779 749 1945 801 danda
1972 749 2304 819 promulgant
2323 750 2483 819 leges,
2513 751 2798 805 decernunt
2822 754 2983 821 justa,
3007 768 3301 824 proponunt

1781 837 2052 904 supplicia,
2071 837 2296 919 vincula,
2328 846 2570 919 torturas,
2600 840 2817 909 flagella,
2844 842 3044 906 exsilia,
3070 854 3302 913 amputa-

1782 923 1948 976 tiones
1969 923 2345 991 membrorum,
2391 925 2700 979 amissiones
2726 943 2924 992 rerum,
2981 930 3172 984 diversi
3219 946 3300 1000 ge-

1782 1012 1923 1066 neris
1957 1021 2182 1077 mortes;
2229 1021 2282 1066 et
2329 1013 2521 1067 auferri
2574 1030 2676 1068 non
2721 1025 2939 1083 possunt
2983 1018 3048 1072 de
3092 1020 3303 1073 mundo.

1781 1098 2000 1168 Propter
2035 1102 2132 1154 ista
2160 1100 2542 1156 ecclesiasticus
2569 1104 2736 1172 vigor,
2784 1107 3062 1173 correptio,
3095 1122 3303 1160 excom-

1782 1196 2087 1259 municatio,
2138 1197 2202 1248 de
2231 1195 2463 1250 Ecclesia
2510 1196 2763 1260 exclusio,
2805 1197 2944 1266 leges
2967 1199 3304 1265 poenitentiae,

1783 1283 2273 1346 anathematizatio;
2307 1292 2357 1336 et
2378 1283 2569 1337 auferri
2612 1299 2712 1338 non
2739 1294 2957 1351 possunt
2983 1287 3046 1340 de
3067 1287 3305 1342 ecclesia.

1782 1369 2180 1423 Constituuntur
2219 1370 2443 1439 judiees,
2492 1372 2740 1426 insistunt
2784 1372 2951 1427 ofﬁcia
2979 1414 2993 1437 ,
3033 1376 3312 1432 mittuntur

1783 1451 2001 1522 ultores,
2039 1460 2233 1512 utbarc
2265 1460 2597 1525 corrigantur
2628 1479 2640 1511 :
2690 1469 2742 1519 et
2769 1461 2834 1513 ad
2863 1463 3126 1515 cumulum
3158 1465 3312 1519 mise-

1784 1543 2002 1607 riarum,
2033 1539 2219 1612 quibus
2245 1544 2478 1598 mortalis
2506 1545 2610 1596 vita
2655 1552 2824 1598 exstat
2857 1546 3178 1614 plenissima,
3223 1549 3311 1604 ubi

1784 1617 1980 1686 statuta
2000 1631 2222 1699 iustitia,
2265 1634 2499 1701 nequitia
2551 1634 2884 1688 condemnari
2927 1644 2981 1689 et
3018 1639 3311 1692 innocentia

1788 1720 1982 1775 absolvi
2010 1729 2244 1789 putatur,
2266 1721 2556 1790 ignorantia
2589 1721 2797 1777 fallente
2823 1725 3128 1795 plerumque
3147 1743 3310 1782 econ-

1788 1811 1952 1862 trario
1977 1810 2166 1878 agitur,
2193 1821 2251 1865 ut
2279 1812 2477 1866 malitia
2489 1813 2674 1867 victrix
2703 1814 2900 1880 redeat,
2945 1825 2998 1869 et
3022 1818 3313 1875 innocentia

1787 1900 2053 1967 puniatur.
2066 1902 2069 1905 ’

1855 1987 1992 2041 XXI.
2033 1987 2154 2042 Haec
2187 1989 2468 2056 prohibitio
2508 1997 2560 2042 et
2603 1991 2824 2070 eruditio
2861 2000 3041 2044 contra
3070 2005 3160 2044 eas
3196 2008 3340 2063 eum

1790 2077 1980 2142 quibus
2025 2075 2292 2129 nascimur
2315 2076 2560 2130 tenebras
2609 2079 2862 2148 vigilant,
2918 2087 2971 2131 et
3000 2087 3181 2132 contra
3222 2079 3317 2134 bos

1790 2162 2014 2228 impetus
2061 2171 2431 2229 opponuntur;
2477 2163 2642 2231 plenae
2695 2173 2863 2218 tamen
2903 2166 3060 2219 etiam
3088 2167 3212 2234 ipsa:
3239 2166 3316 2219 la-

1790 2249 1975 2302 borum
2017 2256 2071 2301 et
2116 2249 2370 2302 dolorum.
2430 2249 2562 2304 Nam
2610 2252 2733 2319 quid
2779 2253 2875 2305 sibi
2923 2254 3104 2306 volunt
3141 2252 3318 2306 multi-

1792 2340 1959 2394 modze
1991 2339 2314 2404 formidines,
2369 2328 2484 2407 quae
2524 2340 2830 2396 cobibendis
2868 2343 3027 2396 etiam
3079 2342 3316 2409 parvulo-

1792 2448 1910 2485 rum
1934 2432 2250 2485 vanitatibus
2268 2431 2628 2486 adhibentur?
2674 2433 2797 2500 quid
2839 2433 3148 2502 paedagogi?
3195 2435 3319 2501 quid

1793 2517 2074 2588 magistri?
2107 2518 2231 2586 quid
2274 2515 2495 2569 ferulas?
2540 2513 2836 2585 quid\hora
2869 2517 3084 2589 [Fortc,
3129 2519 3320 2590 lora]?

1793 2608 1915 2676 quid
1939 2607 2131 2676 virgse?
2170 2605 2293 2673 quid
2326 2605 2594 2674 disciplina
2626 2606 2733 2669 illa,
2762 2622 2861 2673 qua
2908 2605 3178 2676 Scriptura
3205 2624 3317 2662 san-

1793 2703 1876 2749 cta
1897 2695 2024 2747 dicit
2043 2694 2216 2746 dilecti
2271 2693 2359 2745 filii
2402 2694 2564 2746 latera
2604 2711 2720 2748 esse
2767 2694 3047 2756 tundenda,
3099 2709 3166 2750 ne
3207 2709 3322 2751 cre-

1793 2791 1907 2838 scat
1941 2783 2243 2846 indomitus,
2270 2783 2573 2850 domarique
2593 2784 2702 2851 jam
2725 2785 2887 2837 durus
2915 2792 3006 2838 aut
3031 2786 3117 2839 vix
3136 2787 3321 2854 possit,

1795 2876 1884 2921 aut
1906 2865 2126 2924 fortasse
2159 2883 2255 2922 nec
2281 2870 2476 2936 possit?
2522 2869 2656 2935 Quid
2681 2871 2852 2938 agitur
2890 2871 2972 2924 his
3007 2875 3177 2939 pirnis
3208 2889 3322 2928 om-

1794 2959 1962 3020 nibus,
2007 2958 2108 3010 nisi
2135 2963 2186 3009 ut
2224 2955 2509 3010 delielletur
2531 2958 2807 3026 imperitia,
2855 2967 2909 3012 et
2933 2973 3092 3027 prava
3127 2962 3322 3029 cupidi-

1801 3057 1880 3102 tas
1912 3042 2222 3110 infrenetnr,
2261 3061 2380 3101 cum
2428 3049 2618 3115 quibus
2664 3049 2813 3102 malis
2853 3050 2904 3103 in
2936 3051 3035 3105 hoc
3079 3051 3321 3106 satculum

1800 3136 2069 3192 venimus?
2097 3156 2102 3158 ν

1864 3224 2019 3279 XXII.
2060 3223 2196 3291 Quot
2221 3233 2274 3279 et
2299 3226 2508 3292 quantis
2543 3225 2712 3294 poenis
2737 3225 2852 3280 aliis
2895 3241 3056 3296 genus
3101 3228 3321 3295 agitetur

1796 3315 2080 3368 humanum
2103 3352 2118 3377 ,
2156 3327 2272 3381 qua:
2297 3328 2397 3365 non
2439 3313 2505 3365 ad
2540 3311 2790 3365 malitiam
2815 3320 2867 3366 et
2893 3313 3178 3380 nequitiam
3226 3313 3322 3366 ini-

1795 3417 2038 3471 quorum,
2069 3401 2160 3454 sed
2207 3399 2271 3451 ad
2300 3399 2646 3453 conditionem
2664 3400 2931 3467 pertinent
2956 3399 3325 3468 miseriamque

1796 3502 2144 3552 communem,
2164 3487 2282 3556 quis
2304 3484 2412 3539 ullo
2435 3500 2677 3539 sermone
2706 3485 2912 3553 digerit,
2941 3486 3058 3554 quis
3104 3486 3208 3539 ulla
3238 3501 3324 3538 co-

1795 3577 2044 3646 gitatione
2093 3573 2522 3642 comprehendit?
2571 3572 2822 3637 Quantus
2851 3581 2931 3626 est
2966 3582 3133 3626 metus
3169 3589 3198 3626 a
3239 3573 3325 3626 dc-

1795 3665 2119 3733 ceptionibus
2155 3671 2208 3715 et
2237 3661 2522 3718 mendaciis
2547 3661 2837 3721 hominum,
2890 3662 3325 3728 asuspicionibus

1793 3753 1973 3807 falsis?
2015 3751 2221 3816 Quanta
2259 3758 2502 3817 putamus
2529 3763 2664 3812 esse,
2713 3764 2869 3816 quam
2921 3751 3132 3812 misera,
3164 3767 3321 3820 quam

1794 3842 2047 3896 dolenda?
2075 3837 2500 3907 Quandoquidem
2513 3839 2567 3891 bi
2587 3837 2842 3906 iudicant,
2871 3839 2957 3906 qui
2980 3841 3327 3895 conscientias

1793 3944 1975 3983 eorum
1995 3929 2260 3996 dequibus
2281 3925 2521 3993 iudicant
2559 3941 2780 3981 eernere
2803 3937 3086 3995 nequeunt,
3127 3937 3181 3982 et
3207 3944 3323 3982 cum

1795 4018 1911 4085 quis
1955 4017 2208 4085 qumritur
2251 4024 2422 4068 utrum
2449 4016 2520 4067 sit
2545 4029 2738 4068 nocens
2775 4017 3070 4079 cruciatur,
3104 4025 3159 4070 et
3183 4017 3328 4071 inno-

1793 4094 1918 4162 cens
1952 4106 2047 4160 luit
2072 4121 2166 4174 pro
2191 4106 2391 4160 incerto
2415 4105 2612 4159 scelere
2636 4106 2954 4159 certissimus
2980 4121 3190 4174 poenas;
3221 4122 3324 4163 non

1795 4196 1931 4264 quod
1947 4195 2070 4248 illud
2099 4195 2424 4248 commisisse
2436 4193 2714 4264 detegitur,
2729 4197 2825 4248 sed
2839 4188 2977 4264 quod
2990 4213 3094 4252 non
3109 4200 3327 4252 commi-

1795 4284 1924 4336 sisse
1947 4283 2196 4336 nescitur.
2249 4283 2322 4336 Ac
2343 4297 2436 4351 per
2455 4284 2556 4337 hoc
2578 4285 2871 4352 ignorantia
2892 4285 3082 4351 judicia
3104 4287 3326 4355 plerum-

1796 4387 1896 4439 que
1931 4379 2009 4424 est
2041 4370 2312 4424 calamitas
2349 4372 2670 4432 innocentis;
2708 4381 2762 4426 et
2789 4375 2928 4441 quod
2954 4381 3034 4427 est
3078 4376 3325 4429 intolera-

1796 4460 1947 4513 bilius
1996 4460 2265 4528 magisque
2303 4459 2681 4527 plangendum,
2727 4462 3102 4531 rigandumque
3144 4465 3188 4518 si
3211 4465 3322 4519 fieri

1794 4557 1963 4616 potest
1992 4548 2218 4602 fontibus
2255 4549 2633 4618 lacrymamm;
2684 4567 2802 4605 cum
2846 4558 3123 4620 prapterea
3163 4553 3322 4621 iudex

1799 4645 2038 4705 torqueat
2085 4645 2404 4699 accusatum,
2442 4653 2506 4691 ne
2558 4639 2763 4691 occidat
2803 4640 3040 4692 nesciens
3071 4640 3322 4694 innocen-

1797 4734 1920 4788 tem,
1948 4724 2006 4776 fit
2030 4739 2125 4792 per
2145 4725 2450 4793 ignorantia:
2475 4725 2757 4788 miseriam,
2787 4734 2843 4778 ut
2870 4733 2924 4778 et
2949 4733 3143 4779 tortum
3165 4735 3217 4781 et
3245 4729 3324 4780 in—

1795 4822 2066 4866 nocentem
2117 4814 2336 4876 occidat,
2381 4829 2536 4881 quem
2579 4829 2644 4866 ne
2694 4814 3021 4867 innocentem
3059 4814 3324 4868 occideret

1794 4910 2032 4955 torserat.
2087 4902 2218 4966 Quia
2247 4901 2552 4970 plerumque
2597 4903 2649 4955 hi
2678 4903 2764 4969 qui
2791 4911 3098 4971 arguuntur,
3132 4903 3183 4955 vi
3227 4901 3322 4956 do-

1791 4993 1916 5046 loris
1943 4993 2191 5058 superati,
2242 4991 2304 5044 de
2335 5005 2391 5043 se
2430 4991 2557 5044 falsa
2601 4991 2824 5044 confessi
2852 4992 3010 5045 etiam
3036 4992 3322 5059 puniuntur

1793 5084 2119 5143 innocentes,
2147 5089 2199 5133 et
2220 5090 2396 5132 utrum
2426 5081 2753 5132 innocentem
2779 5095 2845 5131 an
2868 5088 3139 5132 nocentem
3158 5079 3317 5146 iudex

1793 5171 2060 5233 occiderit,
2110 5169 2294 5222 nescit.
2368 5169 2563 5222 Verum
2601 5176 2684 5221 est
2712 5171 2848 5236 quod
2897 5168 2970 5220 ait
3017 5167 3316 5234 Scriptum:

1797 5259 2026 5312 Tentatio
2053 5267 2123 5310 est
2154 5259 2256 5310 vita
2286 5257 2500 5310 hominis
2533 5271 2685 5324 super
2711 5266 2918 5309 terram.
2968 5255 3061 5308 Et:
3106 5252 3322 5323 Propter

1791 5351 2110 5419 iniquitatem
2147 5348 2435 5416 corripuisti
2466 5346 2735 5407 hominem,
2763 5357 2810 5399 et
2862 5346 3113 5399 tabescere
3157 5345 3319 5412 fecisti

1791 5439 1918 5490 sicut
1948 5453 2187 5490 araneam
2211 5437 2432 5487 animum
2458 5435 2588 5503 ejus.
2639 5433 2890 5488 Oriuntur
2919 5433 3056 5487 inter
3076 5431 3320 5486 Ecclesia

1792 5536 2023 5582 rectores
2072 5535 2124 5578 et
2180 5524 2476 5592 reipublicze
2525 5523 2972 5576 administratores
3034 5521 3321 5572 innumera

1794 5617 2172 5678 contentiones,
2210 5625 2261 5668 ct
2294 5614 2569 5682 instigante
2605 5613 2867 5680 superbia,
2916 5610 3196 5679 cupiditate
3240 5617 3314 5660 at-
