  <div class='ocr_page' id='page_1' title='image "/cluster/home/n/w/nwhite01/storage/ocr_20150623/99/uva.x000827057/447.png"; bbox 0 0 3922 6222; ppageno 0'>
   <div class='ocr_carea' id='block_1_1' title="bbox 658 299 759 354">
    <p class='ocr_par' dir='ltr' id='par_1_1' title="bbox 658 299 759 354">
     <span class='ocr_line' id='line_1_1' title="bbox 658 299 759 354; baseline -0.03 0"><span class='ocrx_word' id='word_1_1' title='bbox 658 299 759 354; x_wconf 74' lang='lat'><strong>885</strong></span> 
     </span>
    </p>
   </div>
   <div class='ocr_carea' id='block_1_2' title="bbox 659 498 2194 568">
    <p class='ocr_par' dir='ltr' id='par_1_2' title="bbox 659 498 2194 568">
     <span class='ocr_line' id='line_1_2' title="bbox 659 498 2194 568; baseline -0.005 -11"><span class='ocrx_word' id='word_1_2' title='bbox 659 518 775 557; x_wconf 89' lang='lat' dir='ltr'><strong>mus</strong></span> <span class='ocrx_word' id='word_1_3' title='bbox 794 502 859 555; x_wconf 88' lang='lat' dir='ltr'><strong>ad</strong></span> <span class='ocrx_word' id='word_1_4' title='bbox 894 501 1115 555; x_wconf 97' lang='lat' dir='ltr'><strong>invicem</strong></span> <span class='ocrx_word' id='word_1_5' title='bbox 1138 500 1361 568; x_wconf 76' lang='lat' dir='ltr'><strong>proximi</strong></span> <span class='ocrx_word' id='word_1_6' title='bbox 1401 499 1591 567; x_wconf 88' lang='lat' dir='ltr'><strong>quibus</strong></span> <span class='ocrx_word' id='word_1_7' title='bbox 1800 498 2009 552; x_wconf 84' lang='lat' dir='ltr'><strong>Nemini</strong></span> <span class='ocrx_word' id='word_1_8' title='bbox 2044 498 2194 567; x_wconf 62' lang='lat' dir='ltr'><strong>quid-</strong></span> 
     </span>
    </p>
   </div>
   <div class='ocr_carea' id='block_1_3' title="bbox 658 588 2194 659">
    <p class='ocr_par' dir='ltr' id='par_1_3' title="bbox 658 588 2194 659">
     <span class='ocr_line' id='line_1_3' title="bbox 658 588 2194 659; baseline -0.001 -17"><span class='ocrx_word' id='word_1_9' title='bbox 658 604 810 658; x_wconf 75' lang='lat' dir='ltr'><strong>quam</strong></span> <span class='ocrx_word' id='word_1_10' title='bbox 829 588 1073 653; x_wconf 81' lang='lat' dir='ltr'><strong>debeatis,</strong></span> <span class='ocrx_word' id='word_1_11' title='bbox 1106 590 1203 642; x_wconf 89' lang='lat' dir='ltr'><strong>nisi</strong></span> <span class='ocrx_word' id='word_1_12' title='bbox 1229 599 1281 659; x_wconf 73' lang='lat' dir='ltr'><strong>ut</strong></span> <span class='ocrx_word' id='word_1_13' title='bbox 1296 591 1506 643; x_wconf 78' lang='lat' dir='ltr'><strong>invicem</strong></span> <span class='ocrx_word' id='word_1_14' title='bbox 1527 589 1770 657; x_wconf 72' lang='lat' dir='ltr'><strong>diligatis.</strong></span> <span class='ocrx_word' id='word_1_15' title='bbox 1787 589 1851 644; x_wconf 82' lang='lat' dir='ltr'><strong>Et</strong></span> <span class='ocrx_word' id='word_1_16' title='bbox 1872 596 1946 642; x_wconf 90' lang='lat' dir='ltr'><strong>tot</strong></span> <span class='ocrx_word' id='word_1_17' title='bbox 1971 604 2032 641; x_wconf 86' lang='lat' dir='ltr'><strong>ac</strong></span> <span class='ocrx_word' id='word_1_18' title='bbox 2050 597 2194 642; x_wconf 80' lang='lat' dir='ltr'><strong>tanta</strong></span> 
     </span>
    </p>
   </div>
   <div class='ocr_carea' id='block_1_4' title="bbox 657 677 2196 746">
    <p class='ocr_par' dir='ltr' id='par_1_4' title="bbox 657 677 2196 746">
     <span class='ocr_line' id='line_1_4' title="bbox 657 677 2196 746; baseline 0.001 -17"><span class='ocrx_word' id='word_1_19' title='bbox 657 677 794 730; x_wconf 77' lang='lat' dir='ltr'><strong>mala</strong></span> <span class='ocrx_word' id='word_1_20' title='bbox 843 678 993 733; x_wconf 89' lang='lat' dir='ltr'><strong>nobis</strong></span> <span class='ocrx_word' id='word_1_21' title='bbox 1031 678 1357 732; x_wconf 87' lang='lat' dir='ltr'><strong>imminentia</strong></span> <span class='ocrx_word' id='word_1_22' title='bbox 1409 680 1793 741; x_wconf 71' lang='lat' dir='ltr'><strong>consentimus,</strong></span> <span class='ocrx_word' id='word_1_23' title='bbox 1838 678 2028 746; x_wconf 86' lang='lat' dir='ltr'><strong>quibus</strong></span> <span class='ocrx_word' id='word_1_24' title='bbox 2077 691 2196 731; x_wconf 85' lang='lat' dir='ltr'><strong>esse</strong></span> 
     </span>
    </p>
   </div>
   <div class='ocr_carea' id='block_1_5' title="bbox 658 766 2191 836">
    <p class='ocr_par' dir='ltr' id='par_1_5' title="bbox 658 766 2191 836">
     <span class='ocr_line' id='line_1_5' title="bbox 658 766 2191 836; baseline 0.001 -19"><span class='ocrx_word' id='word_1_25' title='bbox 658 782 757 819; x_wconf 91' lang='lat' dir='ltr'><strong>non</strong></span> <span class='ocrx_word' id='word_1_26' title='bbox 773 766 994 821; x_wconf 88' lang='lat' dir='ltr'><strong>debebat</strong></span> <span class='ocrx_word' id='word_1_27' title='bbox 1008 770 1251 821; x_wconf 83' lang='lat' dir='ltr'><strong>adversus</strong></span> <span class='ocrx_word' id='word_1_28' title='bbox 1272 784 1474 821; x_wconf 86' lang='lat' dir='ltr'><strong>carnem</strong></span> <span class='ocrx_word' id='word_1_29' title='bbox 1489 780 1533 820; x_wconf 90' lang='lat' dir='ltr'><strong>et</strong></span> <span class='ocrx_word' id='word_1_30' title='bbox 1554 769 1853 836; x_wconf 85' lang='lat' dir='ltr'><strong>sanguinem</strong></span> <span class='ocrx_word' id='word_1_31' title='bbox 1879 766 2191 829; x_wconf 80' lang='lat' dir='ltr'><strong>colluctatio,</strong></span> 
     </span>
    </p>
   </div>
   <div class='ocr_carea' id='block_1_6' title="bbox 654 855 2193 926">
    <p class='ocr_par' dir='ltr' id='par_1_6' title="bbox 654 855 2193 926">
     <span class='ocr_line' id='line_1_6' title="bbox 654 855 2193 926; baseline 0.002 -20"><span class='ocrx_word' id='word_1_32' title='bbox 654 856 744 909; x_wconf 78' lang='lat' dir='ltr'><strong>sed</strong></span> <span class='ocrx_word' id='word_1_33' title='bbox 770 857 1011 911; x_wconf 81' lang='lat' dir='ltr'><strong>adversus</strong></span> <span class='ocrx_word' id='word_1_34' title='bbox 1054 858 1304 925; x_wconf 87' lang='lat' dir='ltr'><strong>principes</strong></span> <span class='ocrx_word' id='word_1_35' title='bbox 1340 868 1388 910; x_wconf 89' lang='lat' dir='ltr'><strong>et</strong></span> <span class='ocrx_word' id='word_1_36' title='bbox 1413 865 1681 926; x_wconf 83' lang='lat' dir='ltr'><strong>potestates</strong></span> <span class='ocrx_word' id='word_1_37' title='bbox 1705 895 1719 920; x_wconf 91' lang='lat'><strong>,</strong></span> <span class='ocrx_word' id='word_1_38' title='bbox 1751 855 1991 909; x_wconf 81' lang='lat' dir='ltr'><strong>adversus</strong></span> <span class='ocrx_word' id='word_1_39' title='bbox 2016 856 2193 909; x_wconf 78' lang='lat' dir='ltr'><strong>mundi</strong></span> 
     </span>
    </p>
   </div>
   <div class='ocr_carea' id='block_1_7' title="bbox 659 936 2194 1013">
    <p class='ocr_par' dir='ltr' id='par_1_7' title="bbox 659 936 2194 1013">
     <span class='ocr_line' id='line_1_7' title="bbox 659 936 2194 1013; baseline 0.001 -19"><span class='ocrx_word' id='word_1_40' title='bbox 659 953 870 997; x_wconf 70' lang='lat' dir='ltr'><strong>rectores</strong></span> <span class='ocrx_word' id='word_1_41' title='bbox 890 945 1207 999; x_wconf 80' lang='lat' dir='ltr'><strong>tenebran</strong></span> <span class='ocrx_word' id='word_1_42' title='bbox 1230 936 1430 1009; x_wconf 70' lang='lat' dir='ltr'><strong>Irarum,</strong></span> <span class='ocrx_word' id='word_1_43' title='bbox 1462 945 1704 997; x_wconf 78' lang='lat' dir='ltr'><strong>adversus</strong></span> <span class='ocrx_word' id='word_1_44' title='bbox 1740 944 1995 1012; x_wconf 70' lang='lat' dir='ltr'><strong>spiritalia</strong></span> <span class='ocrx_word' id='word_1_45' title='bbox 2017 945 2194 1013; x_wconf 80' lang='lat' dir='ltr'><strong>nequi-</strong></span> 
     </span>
    </p>
   </div>
   <div class='ocr_carea' id='block_1_8' title="bbox 656 1032 2191 1088">
    <p class='ocr_par' dir='ltr' id='par_1_8' title="bbox 656 1032 2191 1088">
     <span class='ocr_line' id='line_1_8' title="bbox 656 1032 2191 1088; baseline 0.001 -4"><span class='ocrx_word' id='word_1_46' title='bbox 656 1034 740 1086; x_wconf 74' lang='lat' dir='ltr'><strong>tia:</strong></span> <span class='ocrx_word' id='word_1_47' title='bbox 769 1033 823 1086; x_wconf 85' lang='lat' dir='ltr'><strong>in</strong></span> <span class='ocrx_word' id='word_1_48' title='bbox 851 1034 1147 1088; x_wconf 70' lang='lat' dir='ltr'><strong>calestibus.</strong></span> <span class='ocrx_word' id='word_1_49' title='bbox 1176 1034 1372 1087; x_wconf 83' lang='lat' dir='ltr'><strong>Indicta</strong></span> <span class='ocrx_word' id='word_1_50' title='bbox 1402 1043 1524 1087; x_wconf 89' lang='lat' dir='ltr'><strong>sunt</strong></span> <span class='ocrx_word' id='word_1_51' title='bbox 1566 1034 1717 1088; x_wconf 92' lang='lat' dir='ltr'><strong>nobis</strong></span> <span class='ocrx_word' id='word_1_52' title='bbox 1756 1035 2030 1087; x_wconf 88' lang='lat' dir='ltr'><strong>innumera</strong></span> <span class='ocrx_word' id='word_1_53' title='bbox 2056 1032 2191 1087; x_wconf 89' lang='lat' dir='ltr'><strong>bella</strong></span> 
     </span>
    </p>
   </div>
   <div class='ocr_carea' id='block_1_9' title="bbox 654 1123 2193 1193">
    <p class='ocr_par' dir='ltr' id='par_1_9' title="bbox 654 1123 2193 1193">
     <span class='ocr_line' id='line_1_9' title="bbox 654 1123 2193 1193; baseline 0.001 -19"><span class='ocrx_word' id='word_1_54' title='bbox 654 1123 894 1191; x_wconf 72' lang='lat' dir='ltr'><strong>principis</strong></span> <span class='ocrx_word' id='word_1_55' title='bbox 940 1134 988 1177; x_wconf 85' lang='lat' dir='ltr'><strong>et</strong></span> <span class='ocrx_word' id='word_1_56' title='bbox 1014 1127 1274 1193; x_wconf 72' lang='lat' dir='ltr'><strong>potestatis</strong></span> <span class='ocrx_word' id='word_1_57' title='bbox 1320 1126 1452 1177; x_wconf 87' lang='lat' dir='ltr'><strong>aeris</strong></span> <span class='ocrx_word' id='word_1_58' title='bbox 1483 1126 1637 1193; x_wconf 85' lang='lat' dir='ltr'><strong>hujus</strong></span> <span class='ocrx_word' id='word_1_59' title='bbox 1663 1164 1677 1187; x_wconf 94' lang='lat'><strong>,</strong></span> <span class='ocrx_word' id='word_1_60' title='bbox 1726 1124 1813 1193; x_wconf 85' lang='lat' dir='ltr'><strong>qui</strong></span> <span class='ocrx_word' id='word_1_61' title='bbox 1858 1131 2099 1193; x_wconf 86' lang='lat' dir='ltr'><strong>operatur</strong></span> <span class='ocrx_word' id='word_1_62' title='bbox 2139 1124 2193 1175; x_wconf 89' lang='lat' dir='ltr'><strong>in</strong></span> 
     </span>
    </p>
   </div>
   <div class='ocr_carea' id='block_1_10' title="bbox 655 1210 2188 1281">
    <p class='ocr_par' dir='ltr' id='par_1_10' title="bbox 655 1210 2188 1281">
     <span class='ocr_line' id='line_1_10' title="bbox 655 1210 2188 1281; baseline 0.001 -20"><span class='ocrx_word' id='word_1_63' title='bbox 655 1210 784 1264; x_wconf 77' lang='lat' dir='ltr'><strong>tilias</strong></span> <span class='ocrx_word' id='word_1_64' title='bbox 822 1213 1149 1281; x_wconf 64' lang='lat' dir='ltr'><strong>difﬁdentia,</strong></span> <span class='ocrx_word' id='word_1_65' title='bbox 1196 1214 1345 1267; x_wconf 68' lang='lat' dir='ltr'><strong>saevit</strong></span> <span class='ocrx_word' id='word_1_66' title='bbox 1370 1214 1648 1267; x_wconf 89' lang='lat' dir='ltr'><strong>adversum</strong></span> <span class='ocrx_word' id='word_1_67' title='bbox 1677 1227 1772 1265; x_wconf 92' lang='lat' dir='ltr'><strong>nos</strong></span> <span class='ocrx_word' id='word_1_68' title='bbox 1812 1212 1934 1265; x_wconf 89' lang='lat' dir='ltr'><strong>totis</strong></span> <span class='ocrx_word' id='word_1_69' title='bbox 1969 1211 2188 1266; x_wconf 88' lang='lat' dir='ltr'><strong>viribus.</strong></span> 
     </span>
    </p>
   </div>
   <div class='ocr_carea' id='block_1_11' title="bbox 720 1300 2191 1360">
    <p class='ocr_par' dir='ltr' id='par_1_11' title="bbox 720 1300 2191 1360">
     <span class='ocr_line' id='line_1_11' title="bbox 720 1300 2191 1360; baseline 0.001 -7"><span class='ocrx_word' id='word_1_70' title='bbox 720 1300 903 1353; x_wconf 76' lang='lat' dir='ltr'>XXIII.</span> <span class='ocrx_word' id='word_1_71' title='bbox 945 1301 1199 1356; x_wconf 87' lang='lat' dir='ltr'><strong>Terrores</strong></span> <span class='ocrx_word' id='word_1_72' title='bbox 1223 1303 1384 1356; x_wconf 90' lang='lat' dir='ltr'><strong>etiam</strong></span> <span class='ocrx_word' id='word_1_73' title='bbox 1423 1303 1609 1357; x_wconf 78' lang='lat' dir='ltr'><strong>divina:</strong></span> <span class='ocrx_word' id='word_1_74' title='bbox 1652 1301 2076 1360; x_wconf 73' lang='lat' dir='ltr'><strong>comminationis</strong></span> <span class='ocrx_word' id='word_1_75' title='bbox 2114 1302 2191 1354; x_wconf 87' lang='lat' dir='ltr'><strong>in-</strong></span> 
     </span>
    </p>
   </div>
   <div class='ocr_carea' id='block_1_12' title="bbox 654 1390 2192 1461">
    <p class='ocr_par' dir='ltr' id='par_1_12' title="bbox 654 1390 2192 1461">
     <span class='ocr_line' id='line_1_12' title="bbox 654 1390 2192 1461; baseline 0.003 -21"><span class='ocrx_word' id='word_1_76' title='bbox 654 1398 837 1442; x_wconf 89' lang='lat' dir='ltr'><strong>tonant</strong></span> <span class='ocrx_word' id='word_1_77' title='bbox 876 1406 1034 1459; x_wconf 82' lang='lat' dir='ltr'><strong>super</strong></span> <span class='ocrx_word' id='word_1_78' title='bbox 1066 1407 1179 1445; x_wconf 92' lang='lat' dir='ltr'><strong>nos.</strong></span> <span class='ocrx_word' id='word_1_79' title='bbox 1224 1391 1491 1447; x_wconf 82' lang='lat' dir='ltr'><strong>Severitas</strong></span> <span class='ocrx_word' id='word_1_80' title='bbox 1532 1392 1704 1461; x_wconf 83' lang='lat' dir='ltr'><strong>legum</strong></span> <span class='ocrx_word' id='word_1_81' title='bbox 1734 1400 1788 1445; x_wconf 89' lang='lat' dir='ltr'><strong>et</strong></span> <span class='ocrx_word' id='word_1_82' title='bbox 1814 1390 2076 1445; x_wconf 74' lang='lat' dir='ltr'><strong>districtio</strong></span> <span class='ocrx_word' id='word_1_83' title='bbox 2110 1407 2192 1444; x_wconf 83' lang='lat' dir='ltr'><strong>re-</strong></span> 
     </span>
    </p>
   </div>
   <div class='ocr_carea' id='block_1_13' title="bbox 650 1478 2188 1546">
    <p class='ocr_par' dir='ltr' id='par_1_13' title="bbox 650 1478 2188 1546">
     <span class='ocr_line' id='line_1_13' title="bbox 650 1478 2188 1546; baseline 0.004 -19"><span class='ocrx_word' id='word_1_84' title='bbox 650 1492 770 1544; x_wconf 79' lang='lat' dir='ltr'><strong>gum</strong></span> <span class='ocrx_word' id='word_1_85' title='bbox 796 1478 1015 1546; x_wconf 89' lang='lat' dir='ltr'><strong>vigilant</strong></span> <span class='ocrx_word' id='word_1_86' title='bbox 1038 1480 1102 1533; x_wconf 88' lang='lat' dir='ltr'><strong>ad</strong></span> <span class='ocrx_word' id='word_1_87' title='bbox 1128 1482 1448 1535; x_wconf 87' lang='lat' dir='ltr'><strong>coercendos</strong></span> <span class='ocrx_word' id='word_1_88' title='bbox 1471 1495 1585 1543; x_wconf 73' lang='lat' dir='ltr'><strong>nos;</strong></span> <span class='ocrx_word' id='word_1_89' title='bbox 1620 1488 1675 1533; x_wconf 87' lang='lat' dir='ltr'><strong>et</strong></span> <span class='ocrx_word' id='word_1_90' title='bbox 1703 1480 1833 1534; x_wconf 83' lang='lat' dir='ltr'><strong>nihil</strong></span> <span class='ocrx_word' id='word_1_91' title='bbox 1877 1481 2067 1535; x_wconf 86' lang='lat' dir='ltr'><strong>borum</strong></span> <span class='ocrx_word' id='word_1_92' title='bbox 2106 1490 2188 1533; x_wconf 91' lang='lat' dir='ltr'><strong>at-</strong></span> 
     </span>
    </p>
   </div>
   <div class='ocr_carea' id='block_1_14' title="bbox 655 1564 2188 1635">
    <p class='ocr_par' dir='ltr' id='par_1_14' title="bbox 655 1564 2188 1635">
     <span class='ocr_line' id='line_1_14' title="bbox 655 1564 2188 1635; baseline 0.005 -20"><span class='ocrx_word' id='word_1_93' title='bbox 655 1564 932 1629; x_wconf 77' lang='lat' dir='ltr'><strong>tendimus,</strong></span> <span class='ocrx_word' id='word_1_94' title='bbox 961 1568 1140 1623; x_wconf 88' lang='lat' dir='ltr'><strong>nisiut</strong></span> <span class='ocrx_word' id='word_1_95' title='bbox 1164 1570 1377 1624; x_wconf 77' lang='lat' dir='ltr'><strong>invicem</strong></span> <span class='ocrx_word' id='word_1_96' title='bbox 1409 1570 1734 1622; x_wconf 84' lang='lat' dir='ltr'><strong>mordeamus</strong></span> <span class='ocrx_word' id='word_1_97' title='bbox 1766 1578 1812 1622; x_wconf 87' lang='lat' dir='ltr'><strong>et</strong></span> <span class='ocrx_word' id='word_1_98' title='bbox 1843 1570 2188 1635; x_wconf 84' lang='lat' dir='ltr'><strong>contedamus,</strong></span> 
     </span>
    </p>
   </div>
   <div class='ocr_carea' id='block_1_15' title="bbox 650 1651 2190 1725">
    <p class='ocr_par' dir='ltr' id='par_1_15' title="bbox 650 1651 2190 1725">
     <span class='ocr_line' id='line_1_15' title="bbox 650 1651 2190 1725; baseline 0.005 -22"><span class='ocrx_word' id='word_1_99' title='bbox 650 1660 705 1703; x_wconf 78' lang='lat' dir='ltr'><strong>ut</strong></span> <span class='ocrx_word' id='word_1_100' title='bbox 734 1651 797 1704; x_wconf 87' lang='lat' dir='ltr'><strong>ab</strong></span> <span class='ocrx_word' id='word_1_101' title='bbox 828 1653 1038 1706; x_wconf 83' lang='lat' dir='ltr'><strong>invicem</strong></span> <span class='ocrx_word' id='word_1_102' title='bbox 1067 1671 1446 1710; x_wconf 86' lang='lat' dir='ltr'><strong>consumamur.</strong></span> <span class='ocrx_word' id='word_1_103' title='bbox 1492 1656 1624 1719; x_wconf 90' lang='lat' dir='ltr'><strong>Ilcu,</strong></span> <span class='ocrx_word' id='word_1_104' title='bbox 1666 1658 1799 1725; x_wconf 88' lang='lat' dir='ltr'><strong>prob</strong></span> <span class='ocrx_word' id='word_1_105' title='bbox 1834 1656 2009 1711; x_wconf 83' lang='lat' dir='ltr'><strong>dolor!</strong></span> <span class='ocrx_word' id='word_1_106' title='bbox 2060 1658 2190 1711; x_wconf 84' lang='lat' dir='ltr'><strong>Tam</strong></span> 
     </span>
    </p>
   </div>
   <div class='ocr_carea' id='block_1_16' title="bbox 648 1743 2189 1816">
    <p class='ocr_par' dir='ltr' id='par_1_16' title="bbox 648 1743 2189 1816">
     <span class='ocr_line' id='line_1_16' title="bbox 648 1743 2189 1816; baseline 0.006 -23"><span class='ocrx_word' id='word_1_107' title='bbox 648 1743 821 1795; x_wconf 80' lang='lat' dir='ltr'><strong>securi</strong></span> <span class='ocrx_word' id='word_1_108' title='bbox 861 1744 1129 1814; x_wconf 75' lang='lat' dir='ltr'><strong>pergimus</strong></span> <span class='ocrx_word' id='word_1_109' title='bbox 1173 1746 1241 1798; x_wconf 86' lang='lat' dir='ltr'><strong>ad</strong></span> <span class='ocrx_word' id='word_1_110' title='bbox 1288 1746 1519 1800; x_wconf 73' lang='lat' dir='ltr'><strong>tenebras</strong></span> <span class='ocrx_word' id='word_1_111' title='bbox 1564 1749 1860 1811; x_wconf 75' lang='lat' dir='ltr'><strong>exteriores,</strong></span> <span class='ocrx_word' id='word_1_112' title='bbox 1919 1748 2069 1816; x_wconf 87' lang='lat' dir='ltr'><strong>quasi</strong></span> <span class='ocrx_word' id='word_1_113' title='bbox 2120 1748 2189 1802; x_wconf 90' lang='lat' dir='ltr'><strong>ibi</strong></span> 
     </span>
    </p>
   </div>
   <div class='ocr_carea' id='block_1_17' title="bbox 650 1831 2190 1900">
    <p class='ocr_par' dir='ltr' id='par_1_17' title="bbox 650 1831 2190 1900">
     <span class='ocr_line' id='line_1_17' title="bbox 650 1831 2190 1900; baseline 0.005 -18"><span class='ocrx_word' id='word_1_114' title='bbox 650 1831 799 1885; x_wconf 84' lang='lat' dir='ltr'><strong>nobis</strong></span> <span class='ocrx_word' id='word_1_115' title='bbox 822 1832 1059 1887; x_wconf 85' lang='lat' dir='ltr'><strong>cubicula</strong></span> <span class='ocrx_word' id='word_1_116' title='bbox 1092 1843 1455 1899; x_wconf 77' lang='lat' dir='ltr'><strong>exstruantur,</strong></span> <span class='ocrx_word' id='word_1_117' title='bbox 1492 1835 1685 1891; x_wconf 81' lang='lat' dir='ltr'><strong>cubilia</strong></span> <span class='ocrx_word' id='word_1_118' title='bbox 1712 1846 2038 1900; x_wconf 89' lang='lat' dir='ltr'><strong>sternantur,</strong></span> <span class='ocrx_word' id='word_1_119' title='bbox 2062 1838 2190 1891; x_wconf 89' lang='lat' dir='ltr'><strong>deli-</strong></span> 
     </span>
    </p>
   </div>
   <div class='ocr_carea' id='block_1_18' title="bbox 648 1916 2188 1994">
    <p class='ocr_par' dir='ltr' id='par_1_18' title="bbox 648 1916 2188 1994">
     <span class='ocr_line' id='line_1_18' title="bbox 648 1916 2188 1994; baseline 0.006 -23"><span class='ocrx_word' id='word_1_120' title='bbox 648 1916 743 1972; x_wconf 66' lang='lat' dir='ltr'><strong>ciae</strong></span> <span class='ocrx_word' id='word_1_121' title='bbox 789 1931 1191 1989; x_wconf 65' lang='lat' dir='ltr'><strong>prmparentur,</strong></span> <span class='ocrx_word' id='word_1_122' title='bbox 1236 1926 1465 1979; x_wconf 82' lang='lat' dir='ltr'><strong>ministri</strong></span> <span class='ocrx_word' id='word_1_123' title='bbox 1513 1935 1899 1994; x_wconf 76' lang='lat' dir='ltr'><strong>procurentur,</strong></span> <span class='ocrx_word' id='word_1_124' title='bbox 1956 1928 2188 1981; x_wconf 79' lang='lat' dir='ltr'><strong>thesauri</strong></span> 
     </span>
    </p>
   </div>
   <div class='ocr_carea' id='block_1_19' title="bbox 648 2012 2203 2087">
    <p class='ocr_par' dir='ltr' id='par_1_19' title="bbox 648 2012 2203 2087">
     <span class='ocr_line' id='line_1_19' title="bbox 648 2012 2203 2087; baseline 0.007 -29"><span class='ocrx_word' id='word_1_125' title='bbox 648 2016 1018 2075; x_wconf 80' lang='lat' dir='ltr'><strong>congerantur,</strong></span> <span class='ocrx_word' id='word_1_126' title='bbox 1058 2020 1365 2065; x_wconf 88' lang='lat' dir='ltr'><strong>ornamenta</strong></span> <span class='ocrx_word' id='word_1_127' title='bbox 1392 2012 1825 2081; x_wconf 82' lang='lat' dir='ltr'><strong>multiplicemur,</strong></span> <span class='ocrx_word' id='word_1_128' title='bbox 1867 2032 1986 2070; x_wconf 91' lang='lat' dir='ltr'><strong>cum</strong></span> <span class='ocrx_word' id='word_1_129' title='bbox 2014 2014 2203 2087; x_wconf 42' lang='lat' dir='ltr'><strong>Scrip;</strong></span> 
     </span>
    </p>
   </div>
   <div class='ocr_carea' id='block_1_20' title="bbox 652 2099 2191 2174">
    <p class='ocr_par' dir='ltr' id='par_1_20' title="bbox 652 2099 2191 2174">
     <span class='ocr_line' id='line_1_20' title="bbox 652 2099 2191 2174; baseline 0.007 -26"><span class='ocrx_word' id='word_1_130' title='bbox 652 2106 770 2150; x_wconf 88' lang='lat' dir='ltr'><strong>tura</strong></span> <span class='ocrx_word' id='word_1_131' title='bbox 800 2099 941 2152; x_wconf 82' lang='lat' dir='ltr'><strong>dicat</strong></span> <span class='ocrx_word' id='word_1_132' title='bbox 966 2118 976 2151; x_wconf 90' lang='lat'><strong>:</strong></span> <span class='ocrx_word' id='word_1_133' title='bbox 1006 2099 1355 2170; x_wconf 84' lang='lat' dir='ltr'><strong>Quodcunque</strong></span> <span class='ocrx_word' id='word_1_134' title='bbox 1383 2112 1543 2171; x_wconf 79' lang='lat' dir='ltr'><strong>potest</strong></span> <span class='ocrx_word' id='word_1_135' title='bbox 1569 2119 1748 2157; x_wconf 76' lang='lat' dir='ltr'><strong>atauus</strong></span> <span class='ocrx_word' id='word_1_136' title='bbox 1781 2116 1871 2158; x_wconf 90' lang='lat' dir='ltr'><strong>tua</strong></span> <span class='ocrx_word' id='word_1_137' title='bbox 1900 2106 2087 2174; x_wconf 76' lang='lat' dir='ltr'><strong>facere,</strong></span> <span class='ocrx_word' id='word_1_138' title='bbox 2116 2108 2191 2160; x_wconf 83' lang='lat' dir='ltr'><strong>in-</strong></span> 
     </span>
    </p>
   </div>
   <div class='ocr_carea' id='block_1_21' title="bbox 648 2189 2188 2265">
    <p class='ocr_par' dir='ltr' id='par_1_21' title="bbox 648 2189 2188 2265">
     <span class='ocr_line' id='line_1_21' title="bbox 648 2189 2188 2265; baseline 0.008 -30"><span class='ocrx_word' id='word_1_139' title='bbox 648 2196 842 2239; x_wconf 86' lang='lat' dir='ltr'><strong>stanter</strong></span> <span class='ocrx_word' id='word_1_140' title='bbox 855 2201 1096 2259; x_wconf 66' lang='lat' dir='ltr'><strong>operare:</strong></span> <span class='ocrx_word' id='word_1_141' title='bbox 1111 2189 1231 2258; x_wconf 83' lang='lat' dir='ltr'><strong>quia</strong></span> <span class='ocrx_word' id='word_1_142' title='bbox 1254 2206 1341 2241; x_wconf 89' lang='lat' dir='ltr'><strong>nec</strong></span> <span class='ocrx_word' id='word_1_143' title='bbox 1365 2206 1511 2259; x_wconf 87' lang='lat' dir='ltr'><strong>opus,</strong></span> <span class='ocrx_word' id='word_1_144' title='bbox 1528 2208 1616 2243; x_wconf 88' lang='lat' dir='ltr'><strong>nec</strong></span> <span class='ocrx_word' id='word_1_145' title='bbox 1639 2195 1790 2259; x_wconf 85' lang='lat' dir='ltr'><strong>ratio,</strong></span> <span class='ocrx_word' id='word_1_146' title='bbox 1808 2211 1895 2247; x_wconf 84' lang='lat' dir='ltr'><strong>nec</strong></span> <span class='ocrx_word' id='word_1_147' title='bbox 1911 2195 2188 2265; x_wconf 85' lang='lat' dir='ltr'><strong>sapientia,</strong></span> 
     </span>
    </p>
   </div>
   <div class='ocr_carea' id='block_1_22' title="bbox 648 2275 2192 2355">
    <p class='ocr_par' dir='ltr' id='par_1_22' title="bbox 648 2275 2192 2355">
     <span class='ocr_line' id='line_1_22' title="bbox 648 2275 2192 2355; baseline 0.009 -30"><span class='ocrx_word' id='word_1_148' title='bbox 648 2291 737 2327; x_wconf 79' lang='lat' dir='ltr'><strong>nec</strong></span> <span class='ocrx_word' id='word_1_149' title='bbox 754 2275 963 2355; x_wconf 76' lang='lat' dir='ltr'><strong>scientia</strong></span> <span class='ocrx_word' id='word_1_150' title='bbox 983 2287 1130 2330; x_wconf 87' lang='lat' dir='ltr'><strong>erunt</strong></span> <span class='ocrx_word' id='word_1_151' title='bbox 1152 2278 1292 2347; x_wconf 86' lang='lat' dir='ltr'><strong>apud</strong></span> <span class='ocrx_word' id='word_1_152' title='bbox 1311 2279 1524 2347; x_wconf 75' lang='lat' dir='ltr'><strong>inferos,</strong></span> <span class='ocrx_word' id='word_1_153' title='bbox 1553 2298 1653 2350; x_wconf 79' lang='lat' dir='ltr'><strong>quo</strong></span> <span class='ocrx_word' id='word_1_154' title='bbox 1671 2291 1723 2333; x_wconf 87' lang='lat' dir='ltr'><strong>tu</strong></span> <span class='ocrx_word' id='word_1_155' title='bbox 1744 2298 2006 2350; x_wconf 84' lang='lat' dir='ltr'><strong>properas.</strong></span> <span class='ocrx_word' id='word_1_156' title='bbox 2044 2284 2192 2339; x_wconf 80' lang='lat' dir='ltr'><strong>Unde</strong></span> 
     </span>
    </p>
   </div>
   <div class='ocr_carea' id='block_1_23' title="bbox 580 2364 2192 2445">
    <p class='ocr_par' dir='ltr' id='par_1_23' title="bbox 580 2364 2192 2445">
     <span class='ocr_line' id='line_1_23' title="bbox 580 2364 2192 2445; baseline 0.01 -31"><span class='ocrx_word' id='word_1_157' title='bbox 580 2434 589 2445; x_wconf 24' lang='grc' dir='ltr'><strong>θ</strong></span> <span class='ocrx_word' id='word_1_158' title='bbox 648 2364 796 2418; x_wconf 69' lang='lat' dir='ltr'><strong>nobis</strong></span> <span class='ocrx_word' id='word_1_159' title='bbox 813 2373 918 2419; x_wconf 91' lang='lat' dir='ltr'><strong>tam</strong></span> <span class='ocrx_word' id='word_1_160' title='bbox 935 2367 1207 2436; x_wconf 87' lang='lat' dir='ltr'><strong>impudens</strong></span> <span class='ocrx_word' id='word_1_161' title='bbox 1227 2371 1487 2439; x_wconf 84' lang='lat' dir='ltr'><strong>superbia,</strong></span> <span class='ocrx_word' id='word_1_162' title='bbox 1505 2372 1801 2441; x_wconf 88' lang='lat' dir='ltr'><strong>importuna</strong></span> <span class='ocrx_word' id='word_1_163' title='bbox 1820 2375 2101 2444; x_wconf 84' lang='lat' dir='ltr'><strong>cupiditas,</strong></span> <span class='ocrx_word' id='word_1_164' title='bbox 2120 2378 2192 2429; x_wconf 84' lang='lat' dir='ltr'><strong>in-</strong></span> 
     </span>
    </p>
   </div>
   <div class='ocr_carea' id='block_1_24' title="bbox 651 2451 2193 2533">
    <p class='ocr_par' dir='ltr' id='par_1_24' title="bbox 651 2451 2193 2533">
     <span class='ocr_line' id='line_1_24' title="bbox 651 2451 2193 2533; baseline 0.01 -30"><span class='ocrx_word' id='word_1_165' title='bbox 651 2451 842 2506; x_wconf 88' lang='lat' dir='ltr'><strong>frunita</strong></span> <span class='ocrx_word' id='word_1_166' title='bbox 883 2454 1133 2509; x_wconf 81' lang='lat' dir='ltr'><strong>lascivia?</strong></span> <span class='ocrx_word' id='word_1_167' title='bbox 1172 2458 1271 2511; x_wconf 89' lang='lat' dir='ltr'><strong>nisi</strong></span> <span class='ocrx_word' id='word_1_168' title='bbox 1300 2460 1421 2527; x_wconf 85' lang='lat' dir='ltr'><strong>quia</strong></span> <span class='ocrx_word' id='word_1_169' title='bbox 1448 2461 1513 2515; x_wconf 87' lang='lat' dir='ltr'><strong>ad</strong></span> <span class='ocrx_word' id='word_1_170' title='bbox 1542 2476 1602 2514; x_wconf 90' lang='lat' dir='ltr'><strong>ea</strong></span> <span class='ocrx_word' id='word_1_171' title='bbox 1633 2462 1824 2529; x_wconf 85' lang='lat' dir='ltr'><strong>quibus</strong></span> <span class='ocrx_word' id='word_1_172' title='bbox 1851 2463 1903 2516; x_wconf 89' lang='lat' dir='ltr'><strong>in</strong></span> <span class='ocrx_word' id='word_1_173' title='bbox 1931 2464 2193 2533; x_wconf 86' lang='lat' dir='ltr'><strong>baptismo</strong></span> 
     </span>
    </p>
   </div>
   <div class='ocr_carea' id='block_1_25' title="bbox 649 2544 2195 2615">
    <p class='ocr_par' dir='ltr' id='par_1_25' title="bbox 649 2544 2195 2615">
     <span class='ocr_line' id='line_1_25' title="bbox 649 2544 2195 2615; baseline 0.008 -21"><span class='ocrx_word' id='word_1_174' title='bbox 649 2544 1155 2610; x_wconf 87' lang='lat' dir='ltr'><strong>abrenuntiavimus,</strong></span> <span class='ocrx_word' id='word_1_175' title='bbox 1176 2548 1536 2615; x_wconf 85' lang='lat' dir='ltr'><strong>imprudenter</strong></span> <span class='ocrx_word' id='word_1_176' title='bbox 1557 2552 1900 2614; x_wconf 83' lang='lat' dir='ltr'><strong>revertimur;</strong></span> <span class='ocrx_word' id='word_1_177' title='bbox 1922 2561 1975 2606; x_wconf 91' lang='lat' dir='ltr'><strong>et</strong></span> <span class='ocrx_word' id='word_1_178' title='bbox 1995 2554 2195 2606; x_wconf 85' lang='lat' dir='ltr'><strong>contin-</strong></span> 
     </span>
    </p>
   </div>
   <div class='ocr_carea' id='block_1_26' title="bbox 650 2630 2194 2709">
    <p class='ocr_par' dir='ltr' id='par_1_26' title="bbox 650 2630 2194 2709">
     <span class='ocr_line' id='line_1_26' title="bbox 650 2630 2194 2709; baseline 0.007 -28"><span class='ocrx_word' id='word_1_179' title='bbox 650 2631 724 2697; x_wconf 85' lang='lat' dir='ltr'><strong>git</strong></span> <span class='ocrx_word' id='word_1_180' title='bbox 752 2630 899 2683; x_wconf 90' lang='lat' dir='ltr'><strong>uobis</strong></span> <span class='ocrx_word' id='word_1_181' title='bbox 931 2647 1015 2687; x_wconf 88' lang='lat' dir='ltr'><strong>res</strong></span> <span class='ocrx_word' id='word_1_182' title='bbox 1042 2634 1149 2686; x_wconf 90' lang='lat' dir='ltr'><strong>veri</strong></span> <span class='ocrx_word' id='word_1_183' title='bbox 1172 2636 1435 2702; x_wconf 81' lang='lat' dir='ltr'><strong>proverbii</strong></span> <span class='ocrx_word' id='word_1_184' title='bbox 1458 2654 1471 2688; x_wconf 91' lang='lat'><strong>:</strong></span> <span class='ocrx_word' id='word_1_185' title='bbox 1497 2634 1653 2709; x_wconf 85' lang='lat' dir='ltr'><strong>Canis</strong></span> <span class='ocrx_word' id='word_1_186' title='bbox 1683 2654 1915 2691; x_wconf 85' lang='lat' dir='ltr'><strong>reversus</strong></span> <span class='ocrx_word' id='word_1_187' title='bbox 1942 2639 2011 2690; x_wconf 85' lang='lat' dir='ltr'><strong>ad</strong></span> <span class='ocrx_word' id='word_1_188' title='bbox 2039 2642 2194 2692; x_wconf 79' lang='lat' dir='ltr'><strong>vomi-</strong></span> 
     </span>
    </p>
   </div>
   <div class='ocr_carea' id='block_1_27' title="bbox 648 2722 2192 2783">
    <p class='ocr_par' dir='ltr' id='par_1_27' title="bbox 648 2722 2192 2783">
     <span class='ocr_line' id='line_1_27' title="bbox 648 2722 2192 2783; baseline 0.009 -15"><span class='ocrx_word' id='word_1_189' title='bbox 648 2730 754 2771; x_wconf 82' lang='lat' dir='ltr'><strong>tum</strong></span> <span class='ocrx_word' id='word_1_190' title='bbox 781 2736 948 2783; x_wconf 85' lang='lat' dir='ltr'><strong>suum,</strong></span> <span class='ocrx_word' id='word_1_191' title='bbox 979 2730 1025 2773; x_wconf 89' lang='lat' dir='ltr'><strong>et</strong></span> <span class='ocrx_word' id='word_1_192' title='bbox 1051 2738 1139 2775; x_wconf 88' lang='lat' dir='ltr'><strong>sus</strong></span> <span class='ocrx_word' id='word_1_193' title='bbox 1176 2722 1279 2775; x_wconf 89' lang='lat' dir='ltr'><strong>lota</strong></span> <span class='ocrx_word' id='word_1_194' title='bbox 1322 2724 1375 2776; x_wconf 92' lang='lat' dir='ltr'><strong>in</strong></span> <span class='ocrx_word' id='word_1_195' title='bbox 1420 2723 1681 2777; x_wconf 73' lang='lat' dir='ltr'><strong>volutabra</strong></span> <span class='ocrx_word' id='word_1_196' title='bbox 1714 2725 1829 2779; x_wconf 79' lang='lat' dir='ltr'><strong>luti.</strong></span> <span class='ocrx_word' id='word_1_197' title='bbox 1870 2725 2015 2779; x_wconf 85' lang='lat' dir='ltr'><strong>Unde</strong></span> <span class='ocrx_word' id='word_1_198' title='bbox 2060 2727 2192 2782; x_wconf 84' lang='lat' dir='ltr'><strong>bella</strong></span> 
     </span>
    </p>
   </div>
   <div class='ocr_carea' id='block_1_28' title="bbox 650 2806 2193 2878">
    <p class='ocr_par' dir='ltr' id='par_1_28' title="bbox 650 2806 2193 2878">
     <span class='ocr_line' id='line_1_28' title="bbox 650 2806 2193 2878; baseline 0.01 -22"><span class='ocrx_word' id='word_1_199' title='bbox 650 2816 695 2857; x_wconf 81' lang='lat' dir='ltr'><strong>et</strong></span> <span class='ocrx_word' id='word_1_200' title='bbox 743 2806 875 2870; x_wconf 87' lang='lat' dir='ltr'><strong>lites,</strong></span> <span class='ocrx_word' id='word_1_201' title='bbox 931 2809 1003 2860; x_wconf 86' lang='lat' dir='ltr'><strong>ait</strong></span> <span class='ocrx_word' id='word_1_202' title='bbox 1050 2808 1359 2878; x_wconf 82' lang='lat' dir='ltr'><strong>Apostolus,</strong></span> <span class='ocrx_word' id='word_1_203' title='bbox 1410 2813 1467 2864; x_wconf 88' lang='lat' dir='ltr'><strong>in</strong></span> <span class='ocrx_word' id='word_1_204' title='bbox 1508 2812 1681 2866; x_wconf 86' lang='lat' dir='ltr'><strong>robis?</strong></span> <span class='ocrx_word' id='word_1_205' title='bbox 1724 2813 1909 2868; x_wconf 87' lang='lat' dir='ltr'><strong>Nonne</strong></span> <span class='ocrx_word' id='word_1_206' title='bbox 1946 2817 2193 2871; x_wconf 76' lang='lat' dir='ltr'><strong>Itinc:ex</strong></span> 
     </span>
    </p>
   </div>
   <div class='ocr_carea' id='block_1_29' title="bbox 648 2892 2191 2971">
    <p class='ocr_par' dir='ltr' id='par_1_29' title="bbox 648 2892 2191 2971">
     <span class='ocr_line' id='line_1_29' title="bbox 648 2892 2191 2971; baseline 0.011 -26"><span class='ocrx_word' id='word_1_207' title='bbox 648 2896 1066 2963; x_wconf 76' lang='lat' dir='ltr'><strong>concupiscentiis</strong></span> <span class='ocrx_word' id='word_1_208' title='bbox 1125 2901 1328 2964; x_wconf 75' lang='lat' dir='ltr'><strong>vestris,</strong></span> <span class='ocrx_word' id='word_1_209' title='bbox 1392 2918 1507 2971; x_wconf 74' lang='lat' dir='ltr'><strong>qua:</strong></span> <span class='ocrx_word' id='word_1_210' title='bbox 1559 2904 1781 2957; x_wconf 83' lang='lat' dir='ltr'><strong>militant</strong></span> <span class='ocrx_word' id='word_1_211' title='bbox 1844 2906 1898 2958; x_wconf 84' lang='lat' dir='ltr'><strong>in</strong></span> <span class='ocrx_word' id='word_1_212' title='bbox 1952 2892 2191 2963; x_wconf 78' lang='lat' dir='ltr'><strong>membris</strong></span> 
     </span>
    </p>
   </div>
   <div class='ocr_carea' id='block_1_30' title="bbox 650 2987 861 3039">
    <p class='ocr_par' dir='ltr' id='par_1_30' title="bbox 650 2987 861 3039">
     <span class='ocr_line' id='line_1_30' title="bbox 650 2987 861 3039; baseline 0.005 -2"><span class='ocrx_word' id='word_1_213' title='bbox 650 2988 822 3039; x_wconf 82' lang='lat' dir='ltr'><strong>restris</strong></span> <span class='ocrx_word' id='word_1_214' title='bbox 840 2987 861 3038; x_wconf 65' lang='grc' dir='ltr'><strong><em>ἓ</em></strong></span> 
     </span>
    </p>
   </div>
   <div class='ocr_carea' id='block_1_31' title="bbox 724 3076 2194 3157">
    <p class='ocr_par' dir='ltr' id='par_1_31' title="bbox 724 3076 2194 3157">
     <span class='ocr_line' id='line_1_31' title="bbox 724 3076 2194 3157; baseline 0.008 -28"><span class='ocrx_word' id='word_1_215' title='bbox 724 3076 906 3132; x_wconf 72' lang='lat' dir='ltr'><strong>XXIV.</strong></span> <span class='ocrx_word' id='word_1_216' title='bbox 949 3079 1282 3136; x_wconf 81' lang='lat' dir='ltr'><strong>Manifestum</strong></span> <span class='ocrx_word' id='word_1_217' title='bbox 1310 3091 1431 3157; x_wconf 14' lang='lat' dir='ltr'><strong>gest,</strong></span> <span class='ocrx_word' id='word_1_218' title='bbox 1456 3100 1602 3155; x_wconf 85' lang='lat' dir='ltr'><strong>ergo,</strong></span> <span class='ocrx_word' id='word_1_219' title='bbox 1641 3100 1852 3141; x_wconf 90' lang='lat' dir='ltr'><strong>omnem</strong></span> <span class='ocrx_word' id='word_1_220' title='bbox 1896 3088 2194 3141; x_wconf 83' lang='lat' dir='ltr'><strong>contentio-</strong></span> 
     </span>
    </p>
   </div>
   <div class='ocr_carea' id='block_1_32' title="bbox 654 3168 2198 3250">
    <p class='ocr_par' dir='ltr' id='par_1_32' title="bbox 654 3168 2198 3250">
     <span class='ocr_line' id='line_1_32' title="bbox 654 3168 2198 3250; baseline 0.007 -32"><span class='ocrx_word' id='word_1_221' title='bbox 654 3179 772 3220; x_wconf 91' lang='lat' dir='ltr'><strong>nem</strong></span> <span class='ocrx_word' id='word_1_222' title='bbox 811 3168 948 3221; x_wconf 89' lang='lat' dir='ltr'><strong>inter</strong></span> <span class='ocrx_word' id='word_1_223' title='bbox 986 3186 1080 3223; x_wconf 88' lang='lat' dir='ltr'><strong>nos</strong></span> <span class='ocrx_word' id='word_1_224' title='bbox 1106 3187 1171 3224; x_wconf 78' lang='lat' dir='ltr'><strong>ex</strong></span> <span class='ocrx_word' id='word_1_225' title='bbox 1203 3173 1485 3250; x_wconf 84' lang='lat' dir='ltr'><strong>cupiditate</strong></span> <span class='ocrx_word' id='word_1_226' title='bbox 1520 3174 1683 3227; x_wconf 89' lang='lat' dir='ltr'><strong>oriri:</strong></span> <span class='ocrx_word' id='word_1_227' title='bbox 1707 3176 1955 3244; x_wconf 89' lang='lat' dir='ltr'><strong>quoniam</strong></span> <span class='ocrx_word' id='word_1_228' title='bbox 1983 3190 2088 3229; x_wconf 92' lang='lat' dir='ltr'><strong>non</strong></span> <span class='ocrx_word' id='word_1_229' title='bbox 2115 3184 2198 3229; x_wconf 91' lang='lat' dir='ltr'><strong>est</strong></span> 
     </span>
    </p>
   </div>
   <div class='ocr_carea' id='block_1_33' title="bbox 658 3256 2197 3335">
    <p class='ocr_par' dir='ltr' id='par_1_33' title="bbox 658 3256 2197 3335">
     <span class='ocr_line' id='line_1_33' title="bbox 658 3256 2197 3335; baseline 0.008 -28"><span class='ocrx_word' id='word_1_230' title='bbox 658 3256 760 3309; x_wconf 86' lang='lat' dir='ltr'><strong>tale</strong></span> <span class='ocrx_word' id='word_1_231' title='bbox 805 3257 998 3311; x_wconf 91' lang='lat' dir='ltr'><strong>bonum</strong></span> <span class='ocrx_word' id='word_1_232' title='bbox 1042 3262 1181 3328; x_wconf 87' lang='lat' dir='ltr'><strong>quod</strong></span> <span class='ocrx_word' id='word_1_233' title='bbox 1221 3262 1306 3316; x_wconf 89' lang='lat' dir='ltr'><strong>hic</strong></span> <span class='ocrx_word' id='word_1_234' title='bbox 1343 3260 1609 3328; x_wconf 85' lang='lat' dir='ltr'><strong>amamus,</strong></span> <span class='ocrx_word' id='word_1_235' title='bbox 1646 3273 1705 3317; x_wconf 91' lang='lat' dir='ltr'><strong>ut</strong></span> <span class='ocrx_word' id='word_1_236' title='bbox 1732 3264 1900 3319; x_wconf 90' lang='lat' dir='ltr'><strong>nullas</strong></span> <span class='ocrx_word' id='word_1_237' title='bbox 1927 3266 2197 3335; x_wconf 87' lang='lat' dir='ltr'><strong>angustias</strong></span> 
     </span>
    </p>
   </div>
   <div class='ocr_carea' id='block_1_34' title="bbox 655 3342 2197 3421">
    <p class='ocr_par' dir='ltr' id='par_1_34' title="bbox 655 3342 2197 3421">
     <span class='ocr_line' id='line_1_34' title="bbox 655 3342 2197 3421; baseline 0.009 -27"><span class='ocrx_word' id='word_1_238' title='bbox 655 3342 811 3396; x_wconf 88' lang='lat' dir='ltr'><strong>faciat</strong></span> <span class='ocrx_word' id='word_1_239' title='bbox 856 3350 1182 3404; x_wconf 85' lang='lat' dir='ltr'><strong>amatoribus</strong></span> <span class='ocrx_word' id='word_1_240' title='bbox 1231 3352 1358 3406; x_wconf 89' lang='lat' dir='ltr'><strong>suis.</strong></span> <span class='ocrx_word' id='word_1_241' title='bbox 1399 3352 1520 3405; x_wconf 87' lang='lat' dir='ltr'><strong>Ideo</strong></span> <span class='ocrx_word' id='word_1_242' title='bbox 1564 3352 1870 3421; x_wconf 87' lang='lat' dir='ltr'><strong>plerumque</strong></span> <span class='ocrx_word' id='word_1_243' title='bbox 1915 3355 2197 3409; x_wconf 87' lang='lat' dir='ltr'><strong>dividimur</strong></span> 
     </span>
    </p>
   </div>
   <div class='ocr_carea' id='block_1_35' title="bbox 655 3432 2197 3501">
    <p class='ocr_par' dir='ltr' id='par_1_35' title="bbox 655 3432 2197 3501">
     <span class='ocr_line' id='line_1_35' title="bbox 655 3432 2197 3501; baseline 0.008 -18"><span class='ocrx_word' id='word_1_244' title='bbox 655 3432 937 3501; x_wconf 82' lang='lat' dir='ltr'><strong>litigando,</strong></span> <span class='ocrx_word' id='word_1_245' title='bbox 982 3438 1282 3492; x_wconf 78' lang='lat' dir='ltr'><strong>mortiferas</strong></span> <span class='ocrx_word' id='word_1_246' title='bbox 1327 3450 1417 3491; x_wconf 90' lang='lat' dir='ltr'><strong>aut</strong></span> <span class='ocrx_word' id='word_1_247' title='bbox 1466 3449 1610 3494; x_wconf 89' lang='lat' dir='ltr'><strong>certe</strong></span> <span class='ocrx_word' id='word_1_248' title='bbox 1656 3442 1904 3495; x_wconf 80' lang='lat' dir='ltr'><strong>mortales</strong></span> <span class='ocrx_word' id='word_1_249' title='bbox 1945 3442 2197 3496; x_wconf 74' lang='lat' dir='ltr'><strong>victorias</strong></span> 
     </span>
    </p>
   </div>
   <div class='ocr_carea' id='block_1_36' title="bbox 658 3521 2199 3592">
    <p class='ocr_par' dir='ltr' id='par_1_36' title="bbox 658 3521 2199 3592">
     <span class='ocr_line' id='line_1_36' title="bbox 658 3521 2199 3592; baseline 0.006 -21"><span class='ocrx_word' id='word_1_250' title='bbox 658 3521 991 3587; x_wconf 89' lang='lat' dir='ltr'><strong>requirendo,</strong></span> <span class='ocrx_word' id='word_1_251' title='bbox 1014 3531 1071 3574; x_wconf 89' lang='lat' dir='ltr'><strong>et</strong></span> <span class='ocrx_word' id='word_1_252' title='bbox 1110 3539 1229 3576; x_wconf 89' lang='lat' dir='ltr'><strong>cum</strong></span> <span class='ocrx_word' id='word_1_253' title='bbox 1266 3526 1384 3590; x_wconf 88' lang='lat' dir='ltr'><strong>quis</strong></span> <span class='ocrx_word' id='word_1_254' title='bbox 1410 3524 1594 3577; x_wconf 87' lang='lat' dir='ltr'><strong>vicerit</strong></span> <span class='ocrx_word' id='word_1_255' title='bbox 1623 3527 1878 3592; x_wconf 89' lang='lat' dir='ltr'><strong>superbus</strong></span> <span class='ocrx_word' id='word_1_256' title='bbox 1902 3527 2199 3582; x_wconf 76' lang='lat' dir='ltr'><strong>extollitur.</strong></span> 
     </span>
    </p>
   </div>
   <div class='ocr_carea' id='block_1_37' title="bbox 658 3604 2205 3681">
    <p class='ocr_par' dir='ltr' id='par_1_37' title="bbox 658 3604 2205 3681">
     <span class='ocr_line' id='line_1_37' title="bbox 658 3604 2205 3681; baseline 0.003 -17"><span class='ocrx_word' id='word_1_257' title='bbox 658 3610 709 3664; x_wconf 84' lang='lat' dir='ltr'><strong>Si</strong></span> <span class='ocrx_word' id='word_1_258' title='bbox 741 3604 865 3663; x_wconf 72' lang='lat' dir='ltr'><strong>\‘ero</strong></span> <span class='ocrx_word' id='word_1_259' title='bbox 891 3612 1243 3665; x_wconf 88' lang='lat' dir='ltr'><strong>conditionem</strong></span> <span class='ocrx_word' id='word_1_260' title='bbox 1288 3613 1526 3681; x_wconf 89' lang='lat' dir='ltr'><strong>cogitans</strong></span> <span class='ocrx_word' id='word_1_261' title='bbox 1570 3628 1829 3681; x_wconf 86' lang='lat' dir='ltr'><strong>casusque</strong></span> <span class='ocrx_word' id='word_1_262' title='bbox 1864 3610 2205 3679; x_wconf 81' lang='lat' dir='ltr'><strong>communes,</strong></span> 
     </span>
    </p>
   </div>
   <div class='ocr_carea' id='block_1_38' title="bbox 654 3698 2194 3771">
    <p class='ocr_par' dir='ltr' id='par_1_38' title="bbox 654 3698 2194 3771">
     <span class='ocr_line' id='line_1_38' title="bbox 654 3698 2194 3771; baseline 0.005 -22"><span class='ocrx_word' id='word_1_263' title='bbox 654 3698 821 3766; x_wconf 88' lang='lat' dir='ltr'><strong>magis</strong></span> <span class='ocrx_word' id='word_1_264' title='bbox 842 3712 957 3765; x_wconf 74' lang='lat' dir='ltr'><strong>qua:</strong></span> <span class='ocrx_word' id='word_1_265' title='bbox 980 3699 1221 3753; x_wconf 88' lang='lat' dir='ltr'><strong>accidere</strong></span> <span class='ocrx_word' id='word_1_266' title='bbox 1249 3708 1466 3767; x_wconf 91' lang='lat' dir='ltr'><strong>possunt</strong></span> <span class='ocrx_word' id='word_1_267' title='bbox 1487 3701 1722 3755; x_wconf 74' lang='lat' dir='ltr'><strong>adversis</strong></span> <span class='ocrx_word' id='word_1_268' title='bbox 1748 3703 1955 3769; x_wconf 82' lang='lat' dir='ltr'><strong>angitur</strong></span> <span class='ocrx_word' id='word_1_269' title='bbox 1983 3744 1997 3767; x_wconf 92' lang='lat'><strong>,</strong></span> <span class='ocrx_word' id='word_1_270' title='bbox 2037 3718 2194 3771; x_wconf 89' lang='lat' dir='ltr'><strong>quam</strong></span> 
     </span>
    </p>
   </div>
   <div class='ocr_carea' id='block_1_39' title="bbox 655 3790 2196 3859">
    <p class='ocr_par' dir='ltr' id='par_1_39' title="bbox 655 3790 2196 3859">
     <span class='ocr_line' id='line_1_39' title="bbox 655 3790 2196 3859; baseline 0.004 -16"><span class='ocrx_word' id='word_1_271' title='bbox 655 3790 729 3843; x_wconf 86' lang='lat' dir='ltr'><strong>eis</strong></span> <span class='ocrx_word' id='word_1_272' title='bbox 772 3804 890 3859; x_wconf 73' lang='lat' dir='ltr'><strong>qua:</strong></span> <span class='ocrx_word' id='word_1_273' title='bbox 933 3792 1274 3858; x_wconf 84' lang='lat' dir='ltr'><strong>provenerint</strong></span> <span class='ocrx_word' id='word_1_274' title='bbox 1320 3792 1564 3845; x_wconf 88' lang='lat' dir='ltr'><strong>secundis</strong></span> <span class='ocrx_word' id='word_1_275' title='bbox 1614 3792 1773 3846; x_wconf 88' lang='lat' dir='ltr'><strong>rebus</strong></span> <span class='ocrx_word' id='word_1_276' title='bbox 1822 3792 2050 3847; x_wconf 79' lang='lat' dir='ltr'><strong>inﬂatur.</strong></span> <span class='ocrx_word' id='word_1_277' title='bbox 2091 3794 2196 3849; x_wconf 78' lang='lat' dir='ltr'><strong>Res</strong></span> 
     </span>
    </p>
   </div>
   <div class='ocr_carea' id='block_1_40' title="bbox 655 3880 2198 3949">
    <p class='ocr_par' dir='ltr' id='par_1_40' title="bbox 655 3880 2198 3949">
     <span class='ocr_line' id='line_1_40' title="bbox 655 3880 2198 3949; baseline 0.001 -14"><span class='ocrx_word' id='word_1_278' title='bbox 655 3882 793 3936; x_wconf 89' lang='lat' dir='ltr'><strong>enim</strong></span> <span class='ocrx_word' id='word_1_279' title='bbox 830 3880 1077 3947; x_wconf 61' lang='lat' dir='ltr'><strong>quaalibet</strong></span> <span class='ocrx_word' id='word_1_280' title='bbox 1111 3888 1318 3934; x_wconf 86' lang='lat' dir='ltr'><strong>terrena</strong></span> <span class='ocrx_word' id='word_1_281' title='bbox 1338 3882 1494 3935; x_wconf 86' lang='lat' dir='ltr'><strong>simul</strong></span> <span class='ocrx_word' id='word_1_282' title='bbox 1524 3897 1553 3934; x_wconf 87' lang='lat' dir='ltr'><strong>a</strong></span> <span class='ocrx_word' id='word_1_283' title='bbox 1582 3882 1757 3935; x_wconf 90' lang='lat' dir='ltr'><strong>multis</strong></span> <span class='ocrx_word' id='word_1_284' title='bbox 1793 3883 2052 3949; x_wconf 88' lang='lat' dir='ltr'><strong>possideri</strong></span> <span class='ocrx_word' id='word_1_285' title='bbox 2090 3898 2198 3937; x_wconf 89' lang='lat' dir='ltr'><strong>non</strong></span> 
     </span>
    </p>
   </div>
   <div class='ocr_carea' id='block_1_41' title="bbox 655 3969 2197 4039">
    <p class='ocr_par' dir='ltr' id='par_1_41' title="bbox 655 3969 2197 4039">
     <span class='ocr_line' id='line_1_41' title="bbox 655 3969 2197 4039; baseline 0.001 -14"><span class='ocrx_word' id='word_1_286' title='bbox 655 3978 850 4039; x_wconf 88' lang='lat' dir='ltr'><strong>potest;</strong></span> <span class='ocrx_word' id='word_1_287' title='bbox 900 3971 1021 4037; x_wconf 87' lang='lat' dir='ltr'><strong>quia</strong></span> <span class='ocrx_word' id='word_1_288' title='bbox 1063 3971 1107 4025; x_wconf 78' lang='lat' dir='ltr'><strong>si</strong></span> <span class='ocrx_word' id='word_1_289' title='bbox 1148 3986 1287 4024; x_wconf 86' lang='lat' dir='ltr'><strong>unus</strong></span> <span class='ocrx_word' id='word_1_290' title='bbox 1323 3971 1582 4038; x_wconf 81' lang='lat' dir='ltr'><strong>possidet,</strong></span> <span class='ocrx_word' id='word_1_291' title='bbox 1614 3970 1679 4022; x_wconf 89' lang='lat' dir='ltr'><strong>ab</strong></span> <span class='ocrx_word' id='word_1_292' title='bbox 1708 3969 1820 4036; x_wconf 88' lang='lat' dir='ltr'><strong>ejus</strong></span> <span class='ocrx_word' id='word_1_293' title='bbox 1863 3972 2197 4039; x_wconf 86' lang='lat' dir='ltr'><strong>possessione</strong></span> 
     </span>
    </p>
   </div>
   <div class='ocr_carea' id='block_1_42' title="bbox 654 4056 2198 4125">
    <p class='ocr_par' dir='ltr' id='par_1_42' title="bbox 654 4056 2198 4125">
     <span class='ocr_line' id='line_1_42' title="bbox 654 4056 2198 4125; baseline 0.002 -16"><span class='ocrx_word' id='word_1_294' title='bbox 654 4059 789 4113; x_wconf 82' lang='lat' dir='ltr'><strong>alter</strong></span> <span class='ocrx_word' id='word_1_295' title='bbox 821 4058 1134 4112; x_wconf 75' lang='lat' dir='ltr'><strong>excluditur.</strong></span> <span class='ocrx_word' id='word_1_296' title='bbox 1165 4057 1270 4111; x_wconf 82' lang='lat' dir='ltr'><strong>Res</strong></span> <span class='ocrx_word' id='word_1_297' title='bbox 1293 4067 1468 4111; x_wconf 85' lang='lat' dir='ltr'><strong>autem</strong></span> <span class='ocrx_word' id='word_1_298' title='bbox 1498 4058 1711 4119; x_wconf 68' lang='lat' dir='ltr'><strong>divinae,</strong></span> <span class='ocrx_word' id='word_1_299' title='bbox 1735 4056 1867 4123; x_wconf 84' lang='lat' dir='ltr'><strong>qna&#39;s</strong></span> <span class='ocrx_word' id='word_1_300' title='bbox 1891 4056 2198 4125; x_wconf 88' lang='lat' dir='ltr'><strong>Deusjubct</strong></span> 
     </span>
    </p>
   </div>
   <div class='ocr_carea' id='block_1_43' title="bbox 654 4148 2215 4215">
    <p class='ocr_par' dir='ltr' id='par_1_43' title="bbox 654 4148 2215 4215">
     <span class='ocr_line' id='line_1_43' title="bbox 654 4148 2215 4215; baseline 0 -14"><span class='ocrx_word' id='word_1_301' title='bbox 654 4156 712 4202; x_wconf 91' lang='lat' dir='ltr'><strong>ut</strong></span> <span class='ocrx_word' id='word_1_302' title='bbox 755 4163 1011 4213; x_wconf 88' lang='lat' dir='ltr'><strong>amemus,</strong></span> <span class='ocrx_word' id='word_1_303' title='bbox 1052 4148 1131 4202; x_wconf 88' lang='lat' dir='ltr'><strong>sic</strong></span> <span class='ocrx_word' id='word_1_304' title='bbox 1157 4163 1187 4201; x_wconf 88' lang='lat' dir='ltr'><strong>a</strong></span> <span class='ocrx_word' id='word_1_305' title='bbox 1212 4148 1389 4201; x_wconf 89' lang='lat' dir='ltr'><strong>multis</strong></span> <span class='ocrx_word' id='word_1_306' title='bbox 1428 4148 1780 4215; x_wconf 87' lang='lat' dir='ltr'><strong>possidentur,</strong></span> <span class='ocrx_word' id='word_1_307' title='bbox 1812 4156 1870 4201; x_wconf 90' lang='lat' dir='ltr'><strong>ut</strong></span> <span class='ocrx_word' id='word_1_308' title='bbox 1913 4150 2041 4202; x_wconf 87' lang='lat' dir='ltr'><strong>nulli</strong></span> <span class='ocrx_word' id='word_1_309' title='bbox 2082 4166 2215 4205; x_wconf 29' lang='lat' dir='ltr'><strong>cre-.</strong></span> 
     </span>
    </p>
   </div>
   <div class='ocr_carea' id='block_1_44' title="bbox 654 4235 2195 4307">
    <p class='ocr_par' dir='ltr' id='par_1_44' title="bbox 654 4235 2195 4307">
     <span class='ocr_line' id='line_1_44' title="bbox 654 4235 2195 4307; baseline 0 -16"><span class='ocrx_word' id='word_1_310' title='bbox 654 4246 831 4293; x_wconf 87' lang='lat' dir='ltr'><strong>scente</strong></span> <span class='ocrx_word' id='word_1_311' title='bbox 858 4252 1077 4291; x_wconf 87' lang='lat' dir='ltr'><strong>numero</strong></span> <span class='ocrx_word' id='word_1_312' title='bbox 1104 4236 1499 4307; x_wconf 84' lang='lat' dir='ltr'><strong>possidentium,</strong></span> <span class='ocrx_word' id='word_1_313' title='bbox 1521 4236 1716 4303; x_wconf 83' lang='lat' dir='ltr'><strong>aliquid</strong></span> <span class='ocrx_word' id='word_1_314' title='bbox 1735 4235 2016 4291; x_wconf 85' lang='lat' dir='ltr'><strong>minuatur.</strong></span> <span class='ocrx_word' id='word_1_315' title='bbox 2042 4235 2195 4291; x_wconf 86' lang='lat' dir='ltr'><strong>Nullo</strong></span> 
     </span>
    </p>
   </div>
   <div class='ocr_carea' id='block_1_45' title="bbox 656 4324 2193 4390">
    <p class='ocr_par' dir='ltr' id='par_1_45' title="bbox 656 4324 2193 4390">
     <span class='ocr_line' id='line_1_45' title="bbox 656 4324 2193 4390; baseline -0.003 -8"><span class='ocrx_word' id='word_1_316' title='bbox 656 4329 796 4382; x_wconf 87' lang='lat' dir='ltr'><strong>enim</strong></span> <span class='ocrx_word' id='word_1_317' title='bbox 843 4326 998 4378; x_wconf 82' lang='lat' dir='ltr'><strong>modo</strong></span> <span class='ocrx_word' id='word_1_318' title='bbox 1042 4324 1102 4377; x_wconf 83' lang='lat' dir='ltr'><strong>fit</strong></span> <span class='ocrx_word' id='word_1_319' title='bbox 1150 4326 1341 4387; x_wconf 87' lang='lat' dir='ltr'><strong>minor,</strong></span> <span class='ocrx_word' id='word_1_320' title='bbox 1388 4326 1666 4378; x_wconf 86' lang='lat' dir='ltr'><strong>accedente</strong></span> <span class='ocrx_word' id='word_1_321' title='bbox 1709 4338 1799 4376; x_wconf 88' lang='lat' dir='ltr'><strong>seu</strong></span> <span class='ocrx_word' id='word_1_322' title='bbox 1856 4333 2193 4390; x_wconf 86' lang='lat' dir='ltr'><strong>permanente</strong></span> 
     </span>
    </p>
   </div>
   <div class='ocr_carea' id='block_1_46' title="bbox 656 4410 2193 4481">
    <p class='ocr_par' dir='ltr' id='par_1_46' title="bbox 656 4410 2193 4481">
     <span class='ocr_line' id='line_1_46' title="bbox 656 4410 2193 4481; baseline -0.005 -12"><span class='ocrx_word' id='word_1_323' title='bbox 656 4422 897 4469; x_wconf 80' lang='lat' dir='ltr'><strong>consorte</strong></span> <span class='ocrx_word' id='word_1_324' title='bbox 924 4412 1187 4481; x_wconf 85' lang='lat' dir='ltr'><strong>possessio</strong></span> <span class='ocrx_word' id='word_1_325' title='bbox 1211 4413 1490 4475; x_wconf 84' lang='lat' dir='ltr'><strong>bonitatis;</strong></span> <span class='ocrx_word' id='word_1_326' title='bbox 1521 4414 1626 4465; x_wconf 89' lang='lat' dir='ltr'><strong>‘uno</strong></span> <span class='ocrx_word' id='word_1_327' title='bbox 1662 4411 1921 4478; x_wconf 88' lang='lat' dir='ltr'><strong>possessio</strong></span> <span class='ocrx_word' id='word_1_328' title='bbox 1961 4410 2193 4473; x_wconf 80' lang='lat' dir='ltr'><strong>bonitas,</strong></span> 
     </span>
    </p>
   </div>
   <div class='ocr_carea' id='block_1_47' title="bbox 661 4498 2195 4572">
    <p class='ocr_par' dir='ltr' id='par_1_47' title="bbox 661 4498 2195 4572">
     <span class='ocr_line' id='line_1_47' title="bbox 661 4498 2195 4572; baseline -0.003 -17"><span class='ocrx_word' id='word_1_329' title='bbox 661 4520 818 4572; x_wconf 86' lang='lat' dir='ltr'><strong>quam</strong></span> <span class='ocrx_word' id='word_1_330' title='bbox 848 4509 993 4554; x_wconf 85' lang='lat' dir='ltr'><strong>tanto</strong></span> <span class='ocrx_word' id='word_1_331' title='bbox 1020 4499 1195 4562; x_wconf 87' lang='lat' dir='ltr'><strong>latius,</strong></span> <span class='ocrx_word' id='word_1_332' title='bbox 1229 4508 1425 4565; x_wconf 83' lang='lat' dir='ltr'><strong>quanto</strong></span> <span class='ocrx_word' id='word_1_333' title='bbox 1458 4500 1769 4553; x_wconf 87' lang='lat' dir='ltr'><strong>concordius</strong></span> <span class='ocrx_word' id='word_1_334' title='bbox 1807 4498 2070 4551; x_wconf 82' lang='lat' dir='ltr'><strong>individua</strong></span> <span class='ocrx_word' id='word_1_335' title='bbox 2110 4513 2195 4550; x_wconf 88' lang='lat' dir='ltr'><strong>so-</strong></span> 
     </span>
    </p>
   </div>
   <div class='ocr_carea' id='block_1_48' title="bbox 656 4588 2191 4658">
    <p class='ocr_par' dir='ltr' id='par_1_48' title="bbox 656 4588 2191 4658">
     <span class='ocr_line' id='line_1_48' title="bbox 656 4588 2191 4658; baseline -0.005 -11"><span class='ocrx_word' id='word_1_336' title='bbox 656 4594 858 4647; x_wconf 87' lang='lat' dir='ltr'><strong>ciorum</strong></span> <span class='ocrx_word' id='word_1_337' title='bbox 886 4590 1115 4658; x_wconf 84' lang='lat' dir='ltr'><strong>possidet</strong></span> <span class='ocrx_word' id='word_1_338' title='bbox 1143 4589 1390 4642; x_wconf 81' lang='lat' dir='ltr'><strong>Charitas.</strong></span> <span class='ocrx_word' id='word_1_339' title='bbox 1420 4588 1531 4641; x_wconf 84' lang='lat' dir='ltr'><strong>Non</strong></span> <span class='ocrx_word' id='word_1_340' title='bbox 1562 4589 1775 4641; x_wconf 84' lang='lat' dir='ltr'><strong>habebit</strong></span> <span class='ocrx_word' id='word_1_341' title='bbox 1801 4588 1953 4641; x_wconf 86' lang='lat' dir='ltr'><strong>istam</strong></span> <span class='ocrx_word' id='word_1_342' title='bbox 1982 4601 2191 4654; x_wconf 88' lang='lat' dir='ltr'><strong>posses-</strong></span> 
     </span>
    </p>
   </div>
   <div class='ocr_carea' id='block_1_49' title="bbox 658 4678 2196 4747">
    <p class='ocr_par' dir='ltr' id='par_1_49' title="bbox 658 4678 2196 4747">
     <span class='ocr_line' id='line_1_49' title="bbox 658 4678 2196 4747; baseline -0.001 -16"><span class='ocrx_word' id='word_1_343' title='bbox 658 4682 891 4741; x_wconf 83' lang='lat' dir='ltr'><strong>sionem,</strong></span> <span class='ocrx_word' id='word_1_344' title='bbox 930 4680 1019 4747; x_wconf 91' lang='lat' dir='ltr'><strong>qui</strong></span> <span class='ocrx_word' id='word_1_345' title='bbox 1064 4695 1180 4732; x_wconf 85' lang='lat' dir='ltr'><strong>eam</strong></span> <span class='ocrx_word' id='word_1_346' title='bbox 1226 4678 1451 4730; x_wconf 87' lang='lat' dir='ltr'><strong>noluerit</strong></span> <span class='ocrx_word' id='word_1_347' title='bbox 1496 4680 1695 4732; x_wconf 86' lang='lat' dir='ltr'><strong>habere</strong></span> <span class='ocrx_word' id='word_1_348' title='bbox 1744 4693 2070 4731; x_wconf 88' lang='lat' dir='ltr'><strong>communem</strong></span> <span class='ocrx_word' id='word_1_349' title='bbox 2100 4696 2109 4727; x_wconf 92' lang='lat'>:</span> <span class='ocrx_word' id='word_1_350' title='bbox 2141 4687 2196 4729; x_wconf 91' lang='lat' dir='ltr'><strong>et</strong></span> 
     </span>
    </p>
   </div>
   <div class='ocr_carea' id='block_1_50' title="bbox 662 4766 2193 4834">
    <p class='ocr_par' dir='ltr' id='par_1_50' title="bbox 662 4766 2193 4834">
     <span class='ocr_line' id='line_1_50' title="bbox 662 4766 2193 4834; baseline -0.001 -14"><span class='ocrx_word' id='word_1_351' title='bbox 662 4778 808 4821; x_wconf 79' lang='lat' dir='ltr'><strong>tanto</strong></span> <span class='ocrx_word' id='word_1_352' title='bbox 834 4784 949 4820; x_wconf 79' lang='lat' dir='ltr'><strong>eam</strong></span> <span class='ocrx_word' id='word_1_353' title='bbox 979 4769 1205 4834; x_wconf 86' lang='lat' dir='ltr'><strong>reperiet</strong></span> <span class='ocrx_word' id='word_1_354' title='bbox 1245 4766 1573 4833; x_wconf 80' lang='lat' dir='ltr'><strong>ampliorem,</strong></span> <span class='ocrx_word' id='word_1_355' title='bbox 1623 4776 1820 4834; x_wconf 86' lang='lat' dir='ltr'><strong>quanto</strong></span> <span class='ocrx_word' id='word_1_356' title='bbox 1859 4768 1928 4820; x_wconf 89' lang='lat' dir='ltr'><strong>ibi</strong></span> <span class='ocrx_word' id='word_1_357' title='bbox 1968 4766 2193 4833; x_wconf 89' lang='lat' dir='ltr'><strong>amplius</strong></span> 
     </span>
    </p>
   </div>
   <div class='ocr_carea' id='block_1_51' title="bbox 663 4856 2191 4926">
    <p class='ocr_par' dir='ltr' id='par_1_51' title="bbox 663 4856 2191 4926">
     <span class='ocr_line' id='line_1_51' title="bbox 663 4856 2191 4926; baseline -0.001 -18"><span class='ocrx_word' id='word_1_358' title='bbox 663 4858 889 4926; x_wconf 75' lang='lat' dir='ltr'><strong>potuerit</strong></span> <span class='ocrx_word' id='word_1_359' title='bbox 911 4872 1089 4909; x_wconf 89' lang='lat' dir='ltr'><strong>amare</strong></span> <span class='ocrx_word' id='word_1_360' title='bbox 1112 4866 1425 4909; x_wconf 82' lang='lat' dir='ltr'><strong>consortem.</strong></span> <span class='ocrx_word' id='word_1_361' title='bbox 1452 4856 1581 4919; x_wconf 84' lang='lat' dir='ltr'><strong>Quia</strong></span> <span class='ocrx_word' id='word_1_362' title='bbox 1610 4873 1735 4924; x_wconf 78' lang='lat' dir='ltr'><strong>ergo</strong></span> <span class='ocrx_word' id='word_1_363' title='bbox 1758 4858 1858 4909; x_wconf 84' lang='lat' dir='ltr'><strong>ista</strong></span> <span class='ocrx_word' id='word_1_364' title='bbox 1876 4873 1990 4924; x_wconf 66' lang='lat' dir='ltr'><strong>qua:</strong></span> <span class='ocrx_word' id='word_1_365' title='bbox 2011 4871 2191 4909; x_wconf 87' lang='lat' dir='ltr'><strong>amare</strong></span> 
     </span>
    </p>
   </div>
   <div class='ocr_carea' id='block_1_52' title="bbox 664 4945 2192 5005">
    <p class='ocr_par' dir='ltr' id='par_1_52' title="bbox 664 4945 2192 5005">
     <span class='ocr_line' id='line_1_52' title="bbox 664 4945 2192 5005; baseline -0.003 -4"><span class='ocrx_word' id='word_1_366' title='bbox 664 4947 911 5001; x_wconf 82' lang='lat' dir='ltr'><strong>debemus</strong></span> <span class='ocrx_word' id='word_1_367' title='bbox 952 4945 1243 4998; x_wconf 87' lang='lat' dir='ltr'><strong>inordinate</strong></span> <span class='ocrx_word' id='word_1_368' title='bbox 1292 4961 1547 5005; x_wconf 88' lang='lat' dir='ltr'><strong>amamus,</strong></span> <span class='ocrx_word' id='word_1_369' title='bbox 1592 4945 1707 4996; x_wconf 86' lang='lat' dir='ltr'><strong>ideo</strong></span> <span class='ocrx_word' id='word_1_370' title='bbox 1738 4946 1871 4998; x_wconf 83' lang='lat' dir='ltr'><strong>bella</strong></span> <span class='ocrx_word' id='word_1_371' title='bbox 1904 4955 1957 4999; x_wconf 92' lang='lat' dir='ltr'><strong>et</strong></span> <span class='ocrx_word' id='word_1_372' title='bbox 1986 4946 2101 4999; x_wconf 88' lang='lat' dir='ltr'><strong>lites</strong></span> <span class='ocrx_word' id='word_1_373' title='bbox 2128 4960 2192 4997; x_wconf 71' lang='lat' dir='ltr'><strong>ex</strong></span> 
     </span>
    </p>
   </div>
   <div class='ocr_carea' id='block_1_53' title="bbox 664 5034 1859 5103">
    <p class='ocr_par' dir='ltr' id='par_1_53' title="bbox 664 5034 1859 5103">
     <span class='ocr_line' id='line_1_53' title="bbox 664 5034 1859 5103; baseline -0.002 -14"><span class='ocrx_word' id='word_1_374' title='bbox 664 5036 1102 5103; x_wconf 77' lang='lat' dir='ltr'><strong>conicupiscentiis</strong></span> <span class='ocrx_word' id='word_1_375' title='bbox 1126 5036 1315 5085; x_wconf 61' lang='lat' dir='ltr'><strong>nostris</strong></span> <span class='ocrx_word' id='word_1_376' title='bbox 1340 5036 1583 5086; x_wconf 90' lang='lat' dir='ltr'><strong>oriuntur</strong></span> <span class='ocrx_word' id='word_1_377' title='bbox 1606 5034 1653 5085; x_wconf 92' lang='lat' dir='ltr'><strong>iu</strong></span> <span class='ocrx_word' id='word_1_378' title='bbox 1688 5034 1859 5087; x_wconf 79' lang='lat' dir='ltr'><strong>nobis.</strong></span> 
     </span>
    </p>
   </div>
   <div class='ocr_carea' id='block_1_54' title="bbox 734 5121 2195 5183">
    <p class='ocr_par' dir='ltr' id='par_1_54' title="bbox 734 5121 2195 5183">
     <span class='ocr_line' id='line_1_54' title="bbox 734 5121 2195 5183; baseline 0.001 -8"><span class='ocrx_word' id='word_1_379' title='bbox 734 5123 889 5176; x_wconf 71' lang='lat' dir='ltr'><strong>XXV.</strong></span> <span class='ocrx_word' id='word_1_380' title='bbox 946 5121 1045 5174; x_wconf 84' lang='lat' dir='ltr'><strong>Sed</strong></span> <span class='ocrx_word' id='word_1_381' title='bbox 1090 5124 1358 5175; x_wconf 85' lang='lat' dir='ltr'><strong>sciendum</strong></span> <span class='ocrx_word' id='word_1_382' title='bbox 1408 5123 1559 5175; x_wconf 91' lang='lat' dir='ltr'><strong>nobis</strong></span> <span class='ocrx_word' id='word_1_383' title='bbox 1598 5130 1699 5183; x_wconf 92' lang='lat' dir='ltr'><strong>est,</strong></span> <span class='ocrx_word' id='word_1_384' title='bbox 1742 5125 1986 5177; x_wconf 85' lang='lat' dir='ltr'><strong>omnibus</strong></span> <span class='ocrx_word' id='word_1_385' title='bbox 2029 5125 2195 5177; x_wconf 87' lang='lat' dir='ltr'><strong>modis</strong></span> 
     </span>
    </p>
   </div>
   <div class='ocr_carea' id='block_1_55' title="bbox 666 5214 2192 5280">
    <p class='ocr_par' dir='ltr' id='par_1_55' title="bbox 666 5214 2192 5280">
     <span class='ocr_line' id='line_1_55' title="bbox 666 5214 2192 5280; baseline 0.001 -15"><span class='ocrx_word' id='word_1_386' title='bbox 666 5228 767 5266; x_wconf 86' lang='lat' dir='ltr'><strong>non</strong></span> <span class='ocrx_word' id='word_1_387' title='bbox 815 5228 965 5280; x_wconf 77' lang='lat' dir='ltr'><strong>posse</strong></span> <span class='ocrx_word' id='word_1_388' title='bbox 1009 5225 1103 5264; x_wconf 91' lang='lat' dir='ltr'><strong>nos</strong></span> <span class='ocrx_word' id='word_1_389' title='bbox 1145 5215 1207 5264; x_wconf 87' lang='lat' dir='ltr'><strong>ad</strong></span> <span class='ocrx_word' id='word_1_390' title='bbox 1249 5228 1466 5280; x_wconf 75' lang='lat' dir='ltr'><strong>regnum</strong></span> <span class='ocrx_word' id='word_1_391' title='bbox 1511 5214 1657 5280; x_wconf 87' lang='lat' dir='ltr'><strong>pacis</strong></span> <span class='ocrx_word' id='word_1_392' title='bbox 1686 5221 1897 5267; x_wconf 68' lang='lat' dir='ltr'><strong>mtcruae</strong></span> <span class='ocrx_word' id='word_1_393' title='bbox 1944 5216 2192 5277; x_wconf 83' lang='lat' dir='ltr'><strong>transire,</strong></span> 
     </span>
    </p>
   </div>
   <div class='ocr_carea' id='block_1_56' title="bbox 668 5301 2193 5370">
    <p class='ocr_par' dir='ltr' id='par_1_56' title="bbox 668 5301 2193 5370">
     <span class='ocr_line' id='line_1_56' title="bbox 668 5301 2193 5370; baseline 0.003 -18"><span class='ocrx_word' id='word_1_394' title='bbox 668 5301 763 5352; x_wconf 85' lang='lat' dir='ltr'><strong>nisi</strong></span> <span class='ocrx_word' id='word_1_395' title='bbox 794 5302 879 5354; x_wconf 76' lang='lat' dir='ltr'><strong>hic</strong></span> <span class='ocrx_word' id='word_1_396' title='bbox 921 5315 1039 5353; x_wconf 80' lang='lat' dir='ltr'><strong>eam</strong></span> <span class='ocrx_word' id='word_1_397' title='bbox 1084 5316 1266 5367; x_wconf 80' lang='lat' dir='ltr'><strong>pacein</strong></span> <span class='ocrx_word' id='word_1_398' title='bbox 1302 5302 1644 5364; x_wconf 85' lang='lat' dir='ltr'><strong>tenuerimus,</strong></span> <span class='ocrx_word' id='word_1_399' title='bbox 1678 5317 1831 5367; x_wconf 89' lang='lat' dir='ltr'><strong>quam</strong></span> <span class='ocrx_word' id='word_1_400' title='bbox 1867 5303 1987 5355; x_wconf 88' lang='lat' dir='ltr'><strong>belli</strong></span> <span class='ocrx_word' id='word_1_401' title='bbox 2020 5305 2193 5370; x_wconf 83' lang='lat' dir='ltr'><strong>hujus,</strong></span> 
     </span>
    </p>
   </div>
   <div class='ocr_carea' id='block_1_57' title="bbox 666 5388 2197 5457">
    <p class='ocr_par' dir='ltr' id='par_1_57' title="bbox 666 5388 2197 5457">
     <span class='ocr_line' id='line_1_57' title="bbox 666 5388 2197 5457; baseline 0.002 -18"><span class='ocrx_word' id='word_1_402' title='bbox 666 5388 715 5439; x_wconf 81' lang='lat' dir='ltr'><strong>in</strong></span> <span class='ocrx_word' id='word_1_403' title='bbox 748 5402 850 5453; x_wconf 84' lang='lat' dir='ltr'><strong>quo</strong></span> <span class='ocrx_word' id='word_1_404' title='bbox 879 5402 1001 5439; x_wconf 87' lang='lat' dir='ltr'><strong>caro</strong></span> <span class='ocrx_word' id='word_1_405' title='bbox 1038 5389 1360 5452; x_wconf 82' lang='lat' dir='ltr'><strong>concupiscit</strong></span> <span class='ocrx_word' id='word_1_406' title='bbox 1387 5388 1639 5441; x_wconf 73' lang='lat' dir='ltr'><strong>adversus</strong></span> <span class='ocrx_word' id='word_1_407' title='bbox 1675 5389 1935 5455; x_wconf 89' lang='lat' dir='ltr'><strong>spiritum,</strong></span> <span class='ocrx_word' id='word_1_408' title='bbox 1966 5399 2018 5440; x_wconf 86' lang='lat' dir='ltr'><strong>et</strong></span> <span class='ocrx_word' id='word_1_409' title='bbox 2047 5391 2197 5457; x_wconf 86' lang='lat' dir='ltr'><strong>spiri-</strong></span> 
     </span>
    </p>
   </div>
   <div class='ocr_carea' id='block_1_58' title="bbox 668 5476 2197 5534">
    <p class='ocr_par' dir='ltr' id='par_1_58' title="bbox 668 5476 2197 5534">
     <span class='ocr_line' id='line_1_58' title="bbox 668 5476 2197 5534; baseline 0.002 -6"><span class='ocrx_word' id='word_1_410' title='bbox 668 5484 753 5529; x_wconf 62' lang='lat' dir='ltr'><strong>tus</strong></span> <span class='ocrx_word' id='word_1_411' title='bbox 780 5477 1030 5531; x_wconf 72' lang='lat' dir='ltr'><strong>adversus</strong></span> <span class='ocrx_word' id='word_1_412' title='bbox 1056 5490 1289 5534; x_wconf 82' lang='lat' dir='ltr'><strong>carnem,</strong></span> <span class='ocrx_word' id='word_1_413' title='bbox 1332 5476 1508 5531; x_wconf 88' lang='lat' dir='ltr'><strong>multis</strong></span> <span class='ocrx_word' id='word_1_414' title='bbox 1536 5485 1589 5530; x_wconf 87' lang='lat' dir='ltr'><strong>et</strong></span> <span class='ocrx_word' id='word_1_415' title='bbox 1622 5478 1783 5531; x_wconf 84' lang='lat' dir='ltr'><strong>variis</strong></span> <span class='ocrx_word' id='word_1_416' title='bbox 1820 5478 2197 5531; x_wconf 81' lang='lat' dir='ltr'><strong>certaminibus</strong></span> 
     </span>
    </p>
   </div>
   <div class='ocr_carea' id='block_1_59' title="bbox 738 5562 1390 5619">
    <p class='ocr_par' dir='ltr' id='par_1_59' title="bbox 738 5562 1390 5619">
     <span class='ocr_line' id='line_1_59' title="bbox 738 5562 1390 5619; baseline -0.008 0"><span class='ocrx_word' id='word_1_417' title='bbox 738 5574 761 5605; x_wconf 69' lang='grc'>³</span> <span class='ocrx_word' id='word_1_418' title='bbox 803 5562 877 5619; x_wconf 70' lang='lat' dir='ltr'><strong>Ex</strong></span> <span class='ocrx_word' id='word_1_419' title='bbox 907 5563 1114 5617; x_wconf 64' lang='lat' dir='ltr'><strong>Balnzio</strong></span> <span class='ocrx_word' id='word_1_420' title='bbox 1148 5564 1390 5617; x_wconf 73' lang='lat' dir='ltr'><strong>secunda.</strong></span> 
     </span>
    </p>
   </div>
   <div class='ocr_carea' id='block_1_60' title="bbox 1632 286 2194 354">
    <p class='ocr_par' dir='ltr' id='par_1_60' title="bbox 1632 289 2177 350">
     <span class='ocr_line' id='line_1_60' title="bbox 1632 289 2177 350; baseline -0.009 -2"><span class='ocrx_word' id='word_1_421' title='bbox 1632 294 1940 350; x_wconf 78' lang='lat' dir='ltr'><strong>LEIDRADI</strong></span> <span class='ocrx_word' id='word_1_422' title='bbox 1978 289 2177 350; x_wconf 70' lang='lat' dir='ltr'><strong>LL&#39;CD.</strong></span> 
     </span>
    </p>
   </div>
   <div class='ocr_carea' id='block_1_61' title="bbox 2293 286 3810 354">
    <p class='ocr_par' dir='ltr' id='par_1_61' title="bbox 2293 286 3810 354">
     <span class='ocr_line' id='line_1_61' title="bbox 2293 286 3810 354; baseline 0.009 -14"><span class='ocrx_word' id='word_1_423' title='bbox 2293 286 2425 342; x_wconf 75' lang='lat' dir='ltr'><strong>’ISC.</strong></span> <span class='ocrx_word' id='word_1_424' title='bbox 2486 289 2856 347; x_wconf 66' lang='grc' dir='ltr'><strong>ΕΡΙΒΤΟΙΑΕ.</strong></span> <span class='ocrx_word' id='word_1_425' title='bbox 3738 300 3810 354; x_wconf 63' lang='grc'><strong>881</strong></span> 
     </span>
    </p>
   </div>
   <div class='ocr_carea' id='block_1_62' title="bbox 658 399 3814 479">
    <p class='ocr_par' dir='ltr' id='par_1_62' title="bbox 658 399 3814 479">
     <span class='ocr_line' id='line_1_62' title="bbox 658 399 3814 479; baseline 0.002 -16"><span class='ocrx_word' id='word_1_426' title='bbox 658 426 759 477; x_wconf 76' lang='lat' dir='ltr'><strong>que</strong></span> <span class='ocrx_word' id='word_1_427' title='bbox 806 410 999 465; x_wconf 88' lang='lat' dir='ltr'><strong>invidia</strong></span> <span class='ocrx_word' id='word_1_428' title='bbox 1027 419 1078 463; x_wconf 83' lang='lat' dir='ltr'><strong>et</strong></span> <span class='ocrx_word' id='word_1_429' title='bbox 1122 410 1313 463; x_wconf 77' lang='lat' dir='ltr'><strong>clausis</strong></span> <span class='ocrx_word' id='word_1_430' title='bbox 1357 407 1524 463; x_wconf 88' lang='lat' dir='ltr'><strong>oculis</strong></span> <span class='ocrx_word' id='word_1_431' title='bbox 1563 409 1798 463; x_wconf 88' lang='lat' dir='ltr'><strong>chamur</strong></span> <span class='ocrx_word' id='word_1_432' title='bbox 1822 418 1877 464; x_wconf 90' lang='lat' dir='ltr'><strong>et</strong></span> <span class='ocrx_word' id='word_1_433' title='bbox 1919 408 2195 479; x_wconf 87' lang='lat' dir='ltr'><strong>belligera-</strong></span> <span class='ocrx_word' id='word_1_434' title='bbox 2225 406 2270 461; x_wconf 80' lang='grc' dir='ltr'><strong>Δ</strong></span> <span class='ocrx_word' id='word_1_435' title='bbox 2298 399 2505 466; x_wconf 67' lang='grc' dir='ltr'><strong>(Ιυεετῖεο</strong></span> <span class='ocrx_word' id='word_1_436' title='bbox 2540 400 2652 456; x_wconf 69' lang='lat' dir='ltr'><strong>&quot;0c</strong></span> <span class='ocrx_word' id='word_1_437' title='bbox 2681 410 2855 455; x_wconf 54' lang='lat' dir='ltr'><strong>autem</strong></span> <span class='ocrx_word' id='word_1_438' title='bbox 2894 403 3089 458; x_wconf 64' lang='lat' dir='ltr'><strong>bellum</strong></span> <span class='ocrx_word' id='word_1_439' title='bbox 3118 421 3385 475; x_wconf 71' lang='lat' dir='ltr'><strong>nunquam</strong></span> <span class='ocrx_word' id='word_1_440' title='bbox 3415 406 3591 460; x_wconf 76' lang='grc' dir='ltr'><strong>υῙῙυω</strong></span> <span class='ocrx_word' id='word_1_441' title='bbox 3613 419 3759 469; x_wconf 62' lang='grc' dir='ltr'><strong>εὕει.</strong></span> <span class='ocrx_word' id='word_1_442' title='bbox 3783 414 3814 465; x_wconf 73' lang='lat' dir='ltr'><strong>si</strong></span> 
     </span>
    </p>
   </div>
   <div class='ocr_carea' id='block_1_63' title="bbox 2294 492 3813 563">
    <p class='ocr_par' dir='ltr' id='par_1_63' title="bbox 2294 492 3813 563">
     <span class='ocr_line' id='line_1_63' title="bbox 2294 492 3813 563; baseline 0.009 -22"><span class='ocrx_word' id='word_1_443' title='bbox 2294 500 2482 545; x_wconf 87' lang='lat' dir='ltr'><strong>natura</strong></span> <span class='ocrx_word' id='word_1_444' title='bbox 2528 492 2757 546; x_wconf 72' lang='lat' dir='ltr'><strong>humana</strong></span> <span class='ocrx_word' id='word_1_445' title='bbox 2803 510 2898 563; x_wconf 89' lang='lat' dir='ltr'><strong>per</strong></span> <span class='ocrx_word' id='word_1_446' title='bbox 2936 495 3164 551; x_wconf 86' lang='lat' dir='ltr'><strong>liberum</strong></span> <span class='ocrx_word' id='word_1_447' title='bbox 3213 498 3501 552; x_wconf 84' lang='lat' dir='ltr'><strong>arbitrium</strong></span> <span class='ocrx_word' id='word_1_448' title='bbox 3545 500 3600 552; x_wconf 91' lang='lat' dir='ltr'><strong>in</strong></span> <span class='ocrx_word' id='word_1_449' title='bbox 3637 506 3813 557; x_wconf 61' lang='lat' dir='ltr'><strong>reditu.</strong></span> 
     </span>
    </p>
   </div>
   <div class='ocr_carea' id='block_1_64' title="bbox 2292 578 3817 657">
    <p class='ocr_par' dir='ltr' id='par_1_64' title="bbox 2292 578 3817 657">
     <span class='ocr_line' id='line_1_64' title="bbox 2292 578 3817 657; baseline 0.009 -28"><span class='ocrx_word' id='word_1_450' title='bbox 2292 578 2433 641; x_wconf 84' lang='lat' dir='ltr'><strong>dinc,</strong></span> <span class='ocrx_word' id='word_1_451' title='bbox 2481 578 2534 632; x_wconf 91' lang='lat' dir='ltr'><strong>in</strong></span> <span class='ocrx_word' id='word_1_452' title='bbox 2576 595 2678 647; x_wconf 91' lang='lat' dir='ltr'><strong>qua</strong></span> <span class='ocrx_word' id='word_1_453' title='bbox 2719 580 2856 636; x_wconf 86' lang='lat' dir='ltr'><strong>facta</strong></span> <span class='ocrx_word' id='word_1_454' title='bbox 2884 592 2984 649; x_wconf 87' lang='lat' dir='ltr'><strong>est,</strong></span> <span class='ocrx_word' id='word_1_455' title='bbox 3018 587 3354 653; x_wconf 85' lang='lat' dir='ltr'><strong>perstitisset.</strong></span> <span class='ocrx_word' id='word_1_456' title='bbox 3387 588 3543 643; x_wconf 82' lang='lat' dir='ltr'><strong>Nunc</strong></span> <span class='ocrx_word' id='word_1_457' title='bbox 3576 604 3697 641; x_wconf 74' lang='lat' dir='ltr'><strong>vero</strong></span> <span class='ocrx_word' id='word_1_458' title='bbox 3728 607 3817 657; x_wconf 60' lang='lat' dir='ltr'><strong>qua</strong></span> 
     </span>
    </p>
   </div>
   <div class='ocr_carea' id='block_1_65' title="bbox 2292 665 3815 748">
    <p class='ocr_par' dir='ltr' id='par_1_65' title="bbox 2292 665 3815 748">
     <span class='ocr_line' id='line_1_65' title="bbox 2292 665 3815 748; baseline 0.012 -33"><span class='ocrx_word' id='word_1_459' title='bbox 2292 678 2475 729; x_wconf 85' lang='lat' dir='ltr'><strong>pacem</strong></span> <span class='ocrx_word' id='word_1_460' title='bbox 2525 665 2649 721; x_wconf 75' lang='lat' dir='ltr'><strong>felix</strong></span> <span class='ocrx_word' id='word_1_461' title='bbox 2690 685 2810 723; x_wconf 90' lang='lat' dir='ltr'><strong>cum</strong></span> <span class='ocrx_word' id='word_1_462' title='bbox 2846 671 2954 726; x_wconf 89' lang='lat' dir='ltr'><strong>Deo</strong></span> <span class='ocrx_word' id='word_1_463' title='bbox 2983 674 3177 728; x_wconf 82' lang='lat' dir='ltr'><strong>habere</strong></span> <span class='ocrx_word' id='word_1_464' title='bbox 3219 676 3405 740; x_wconf 89' lang='lat' dir='ltr'><strong>noluit,</strong></span> <span class='ocrx_word' id='word_1_465' title='bbox 3438 692 3625 731; x_wconf 84' lang='lat' dir='ltr'><strong>secum</strong></span> <span class='ocrx_word' id='word_1_466' title='bbox 3655 694 3815 748; x_wconf 77' lang='lat' dir='ltr'><strong>pugnat</strong></span> 
     </span>
    </p>
   </div>
   <div class='ocr_carea' id='block_1_66' title="bbox 2294 752 3814 836">
    <p class='ocr_par' dir='ltr' id='par_1_66' title="bbox 2294 752 3814 836">
     <span class='ocr_line' id='line_1_66' title="bbox 2294 752 3814 836; baseline 0.014 -33"><span class='ocrx_word' id='word_1_467' title='bbox 2294 752 2493 818; x_wconf 77' lang='lat' dir='ltr'><strong>infelix,</strong></span> <span class='ocrx_word' id='word_1_468' title='bbox 2520 765 2573 810; x_wconf 92' lang='lat' dir='ltr'><strong>et</strong></span> <span class='ocrx_word' id='word_1_469' title='bbox 2597 773 2718 811; x_wconf 90' lang='lat' dir='ltr'><strong>cum</strong></span> <span class='ocrx_word' id='word_1_470' title='bbox 2746 762 2817 813; x_wconf 89' lang='lat' dir='ltr'><strong>sit</strong></span> <span class='ocrx_word' id='word_1_471' title='bbox 2845 762 2996 817; x_wconf 91' lang='lat' dir='ltr'><strong>boc..</strong></span> <span class='ocrx_word' id='word_1_472' title='bbox 3020 803 3033 815; x_wconf 94' lang='lat'><strong>.</strong></span> <span class='ocrx_word' id='word_1_473' title='bbox 3053 804 3095 817; x_wconf 96' lang='lat'><strong>..</strong></span> <span class='ocrx_word' id='word_1_474' title='bbox 3119 804 3133 817; x_wconf 95' lang='lat'><strong>.</strong></span> <span class='ocrx_word' id='word_1_475' title='bbox 3158 766 3347 819; x_wconf 90' lang='lat' dir='ltr'><strong>melius</strong></span> <span class='ocrx_word' id='word_1_476' title='bbox 3366 776 3449 820; x_wconf 90' lang='lat' dir='ltr'><strong>est</strong></span> <span class='ocrx_word' id='word_1_477' title='bbox 3482 776 3666 823; x_wconf 86' lang='lat' dir='ltr'><strong>tamen</strong></span> <span class='ocrx_word' id='word_1_478' title='bbox 3691 785 3814 836; x_wconf 79' lang='lat' dir='ltr'><strong>quam</strong></span> 
     </span>
    </p>
   </div>
   <div class='ocr_carea' id='block_1_67' title="bbox 2292 836 3814 926">
    <p class='ocr_par' dir='ltr' id='par_1_67' title="bbox 2292 836 3814 926">
     <span class='ocr_line' id='line_1_67' title="bbox 2292 836 3814 926; baseline 0.012 -34"><span class='ocrx_word' id='word_1_479' title='bbox 2292 836 2479 908; x_wconf 82' lang='lat' dir='ltr'><strong>priora</strong></span> <span class='ocrx_word' id='word_1_480' title='bbox 2519 846 2641 899; x_wconf 77' lang='lat' dir='ltr'><strong>vita:</strong></span> <span class='ocrx_word' id='word_1_481' title='bbox 2688 847 2862 926; x_wconf 71' lang='lat' dir='ltr'><strong>bnjus.</strong></span> <span class='ocrx_word' id='word_1_482' title='bbox 2913 849 3098 906; x_wconf 72' lang='lat' dir='ltr'><strong>Melius</strong></span> <span class='ocrx_word' id='word_1_483' title='bbox 3140 853 3441 924; x_wconf 85' lang='lat' dir='ltr'><strong>confligitur</strong></span> <span class='ocrx_word' id='word_1_484' title='bbox 3485 856 3683 923; x_wconf 87' lang='lat' dir='ltr'><strong>quippe</strong></span> <span class='ocrx_word' id='word_1_485' title='bbox 3724 873 3814 910; x_wconf 80' lang='lat' dir='ltr'><strong>cum</strong></span> 
     </span>
    </p>
   </div>
   <div class='ocr_carea' id='block_1_68' title="bbox 2294 934 3816 1003">
    <p class='ocr_par' dir='ltr' id='par_1_68' title="bbox 2294 934 3816 1003">
     <span class='ocr_line' id='line_1_68' title="bbox 2294 934 3816 1003; baseline 0.01 -19"><span class='ocrx_word' id='word_1_486' title='bbox 2294 934 2456 998; x_wconf 84' lang='lat' dir='ltr'><strong>vitiis,</strong></span> <span class='ocrx_word' id='word_1_487' title='bbox 2484 951 2641 1003; x_wconf 88' lang='lat' dir='ltr'><strong>quam</strong></span> <span class='ocrx_word' id='word_1_488' title='bbox 2670 954 2789 992; x_wconf 90' lang='lat' dir='ltr'><strong>cum</strong></span> <span class='ocrx_word' id='word_1_489' title='bbox 2819 940 2933 994; x_wconf 92' lang='lat' dir='ltr'><strong>sine</strong></span> <span class='ocrx_word' id='word_1_490' title='bbox 2969 942 3075 996; x_wconf 86' lang='lat' dir='ltr'><strong>ulla</strong></span> <span class='ocrx_word' id='word_1_491' title='bbox 3114 946 3446 1001; x_wconf 82' lang='lat' dir='ltr'><strong>conflictione</strong></span> <span class='ocrx_word' id='word_1_492' title='bbox 3488 948 3816 1001; x_wconf 82' lang='lat' dir='ltr'><strong>dominantur.</strong></span> 
     </span>
    </p>
   </div>
   <div class='ocr_carea' id='block_1_69' title="bbox 2294 1021 3813 1105">
    <p class='ocr_par' dir='ltr' id='par_1_69' title="bbox 2294 1021 3813 1105">
     <span class='ocr_line' id='line_1_69' title="bbox 2294 1021 3813 1105; baseline 0.011 -31"><span class='ocrx_word' id='word_1_493' title='bbox 2294 1021 2480 1077; x_wconf 80' lang='lat' dir='ltr'><strong>Melius</strong></span> <span class='ocrx_word' id='word_1_494' title='bbox 2510 1034 2611 1089; x_wconf 87' lang='lat' dir='ltr'><strong>est,</strong></span> <span class='ocrx_word' id='word_1_495' title='bbox 2643 1026 2880 1095; x_wconf 87' lang='lat' dir='ltr'><strong>inquam,</strong></span> <span class='ocrx_word' id='word_1_496' title='bbox 2931 1030 3123 1085; x_wconf 86' lang='lat' dir='ltr'><strong>bellum</strong></span> <span class='ocrx_word' id='word_1_497' title='bbox 3150 1049 3271 1087; x_wconf 91' lang='lat' dir='ltr'><strong>cum</strong></span> <span class='ocrx_word' id='word_1_498' title='bbox 3310 1050 3402 1104; x_wconf 89' lang='lat' dir='ltr'><strong>spe</strong></span> <span class='ocrx_word' id='word_1_499' title='bbox 3436 1036 3592 1105; x_wconf 88' lang='lat' dir='ltr'><strong>pacis</strong></span> <span class='ocrx_word' id='word_1_500' title='bbox 3621 1046 3813 1099; x_wconf 62' lang='lat' dir='ltr'><strong>eterna,</strong></span> 
     </span>
    </p>
   </div>
   <div class='ocr_carea' id='block_1_70' title="bbox 2292 1112 3813 1191">
    <p class='ocr_par' dir='ltr' id='par_1_70' title="bbox 2292 1112 3813 1191">
     <span class='ocr_line' id='line_1_70' title="bbox 2292 1112 3813 1191; baseline 0.012 -31"><span class='ocrx_word' id='word_1_501' title='bbox 2292 1124 2450 1176; x_wconf 90' lang='lat' dir='ltr'><strong>quam</strong></span> <span class='ocrx_word' id='word_1_502' title='bbox 2497 1112 2613 1167; x_wconf 90' lang='lat' dir='ltr'><strong>sine</strong></span> <span class='ocrx_word' id='word_1_503' title='bbox 2654 1114 2759 1167; x_wconf 88' lang='lat' dir='ltr'><strong>ulla</strong></span> <span class='ocrx_word' id='word_1_504' title='bbox 2804 1116 3135 1172; x_wconf 87' lang='lat' dir='ltr'><strong>Iiberationis</strong></span> <span class='ocrx_word' id='word_1_505' title='bbox 3180 1123 3504 1189; x_wconf 73' lang='lat' dir='ltr'><strong>cogitatione</strong></span> <span class='ocrx_word' id='word_1_506' title='bbox 3549 1127 3813 1191; x_wconf 75' lang='lat' dir='ltr'><strong>captivitas.</strong></span> 
     </span>
    </p>
   </div>
   <div class='ocr_carea' id='block_1_71' title="bbox 2291 1197 3819 1286">
    <p class='ocr_par' dir='ltr' id='par_1_71' title="bbox 2291 1197 3819 1286">
     <span class='ocr_line' id='line_1_71' title="bbox 2291 1197 3819 1286; baseline 0.012 -35"><span class='ocrx_word' id='word_1_507' title='bbox 2291 1197 2545 1266; x_wconf 89' lang='lat' dir='ltr'><strong>Cupimus</strong></span> <span class='ocrx_word' id='word_1_508' title='bbox 2590 1204 2802 1270; x_wconf 89' lang='lat' dir='ltr'><strong>quidem</strong></span> <span class='ocrx_word' id='word_1_509' title='bbox 2850 1208 3011 1286; x_wconf 90' lang='lat' dir='ltr'><strong>etiam</strong></span> <span class='ocrx_word' id='word_1_510' title='bbox 3047 1210 3183 1265; x_wconf 89' lang='lat' dir='ltr'><strong>bello</strong></span> <span class='ocrx_word' id='word_1_511' title='bbox 3217 1228 3423 1277; x_wconf 88' lang='lat' dir='ltr'><strong>carere,</strong></span> <span class='ocrx_word' id='word_1_512' title='bbox 3473 1224 3534 1267; x_wconf 87' lang='lat' dir='ltr'><strong>et</strong></span> <span class='ocrx_word' id='word_1_513' title='bbox 3574 1216 3641 1267; x_wconf 85' lang='lat' dir='ltr'><strong>ad</strong></span> <span class='ocrx_word' id='word_1_514' title='bbox 3668 1232 3819 1286; x_wconf 73' lang='lat' dir='ltr'><strong>capes-</strong></span> 
     </span>
    </p>
   </div>
   <div class='ocr_carea' id='block_1_72' title="bbox 2291 1284 3813 1367">
    <p class='ocr_par' dir='ltr' id='par_1_72' title="bbox 2291 1284 3813 1367">
     <span class='ocr_line' id='line_1_72' title="bbox 2291 1284 3813 1367; baseline 0.014 -29"><span class='ocrx_word' id='word_1_515' title='bbox 2291 1289 2511 1342; x_wconf 90' lang='lat' dir='ltr'><strong>sendam</strong></span> <span class='ocrx_word' id='word_1_516' title='bbox 2549 1284 2997 1350; x_wconf 85' lang='lat' dir='ltr'><strong>ordinatissimam</strong></span> <span class='ocrx_word' id='word_1_517' title='bbox 3038 1314 3241 1367; x_wconf 90' lang='lat' dir='ltr'><strong>pacem,</strong></span> <span class='ocrx_word' id='word_1_518' title='bbox 3274 1302 3362 1354; x_wconf 91' lang='lat' dir='ltr'><strong>ubi</strong></span> <span class='ocrx_word' id='word_1_519' title='bbox 3391 1303 3700 1357; x_wconf 81' lang='lat' dir='ltr'><strong>ﬁrmissima</strong></span> <span class='ocrx_word' id='word_1_520' title='bbox 3727 1284 3813 1359; x_wconf 12' lang='lat' dir='ltr'><strong>Ista-</strong></span> 
     </span>
    </p>
   </div>
   <div class='ocr_carea' id='block_1_73' title="bbox 2290 1377 3813 1463">
    <p class='ocr_par' dir='ltr' id='par_1_73' title="bbox 2290 1377 3813 1463">
     <span class='ocr_line' id='line_1_73' title="bbox 2290 1377 3813 1463; baseline 0.012 -33"><span class='ocrx_word' id='word_1_521' title='bbox 2290 1377 2495 1433; x_wconf 90' lang='lat' dir='ltr'><strong>bilitate</strong></span> <span class='ocrx_word' id='word_1_522' title='bbox 2539 1385 2832 1451; x_wconf 84' lang='lat' dir='ltr'><strong>potioribus</strong></span> <span class='ocrx_word' id='word_1_523' title='bbox 2877 1387 3127 1443; x_wconf 84' lang='lat' dir='ltr'><strong>inferiora</strong></span> <span class='ocrx_word' id='word_1_524' title='bbox 3169 1392 3481 1454; x_wconf 89' lang='lat' dir='ltr'><strong>subdantur,</strong></span> <span class='ocrx_word' id='word_1_525' title='bbox 3523 1393 3645 1463; x_wconf 89' lang='lat' dir='ltr'><strong>igne</strong></span> <span class='ocrx_word' id='word_1_526' title='bbox 3684 1396 3813 1448; x_wconf 71' lang='lat' dir='ltr'><strong>divini</strong></span> 
     </span>
    </p>
   </div>
   <div class='ocr_carea' id='block_1_74' title="bbox 2291 1469 3816 1548">
    <p class='ocr_par' dir='ltr' id='par_1_74' title="bbox 2291 1469 3816 1548">
     <span class='ocr_line' id='line_1_74' title="bbox 2291 1469 3816 1548; baseline 0.012 -29"><span class='ocrx_word' id='word_1_527' title='bbox 2291 1469 2487 1522; x_wconf 89' lang='lat' dir='ltr'><strong>amoris</strong></span> <span class='ocrx_word' id='word_1_528' title='bbox 2516 1474 2925 1529; x_wconf 88' lang='lat' dir='ltr'><strong>succcndimur:</strong></span> <span class='ocrx_word' id='word_1_529' title='bbox 2956 1479 3049 1531; x_wconf 89' lang='lat' dir='ltr'><strong>sed</strong></span> <span class='ocrx_word' id='word_1_530' title='bbox 3084 1480 3151 1542; x_wconf 89' lang='lat' dir='ltr'><strong>si,</strong></span> <span class='ocrx_word' id='word_1_531' title='bbox 3178 1483 3315 1548; x_wconf 85' lang='lat' dir='ltr'><strong>quod</strong></span> <span class='ocrx_word' id='word_1_532' title='bbox 3342 1484 3503 1545; x_wconf 89' lang='lat' dir='ltr'><strong>absit,</strong></span> <span class='ocrx_word' id='word_1_533' title='bbox 3535 1484 3676 1537; x_wconf 85' lang='lat' dir='ltr'><strong>illius</strong></span> <span class='ocrx_word' id='word_1_534' title='bbox 3701 1494 3816 1539; x_wconf 71' lang='lat' dir='ltr'><strong>tanta</strong></span> 
     </span>
    </p>
   </div>
   <div class='ocr_carea' id='block_1_75' title="bbox 2290 1558 3816 1641">
    <p class='ocr_par' dir='ltr' id='par_1_75' title="bbox 2290 1558 3816 1641">
     <span class='ocr_line' id='line_1_75' title="bbox 2290 1558 3816 1641; baseline 0.01 -30"><span class='ocrx_word' id='word_1_535' title='bbox 2290 1558 2413 1611; x_wconf 90' lang='lat' dir='ltr'><strong>boni</strong></span> <span class='ocrx_word' id='word_1_536' title='bbox 2445 1573 2565 1627; x_wconf 87' lang='lat' dir='ltr'><strong>spes</strong></span> <span class='ocrx_word' id='word_1_537' title='bbox 2599 1562 2737 1615; x_wconf 90' lang='lat' dir='ltr'><strong>nulla</strong></span> <span class='ocrx_word' id='word_1_538' title='bbox 2776 1574 2937 1630; x_wconf 87' lang='lat' dir='ltr'><strong>esset,</strong></span> <span class='ocrx_word' id='word_1_539' title='bbox 2970 1566 3125 1621; x_wconf 90' lang='lat' dir='ltr'><strong>malle</strong></span> <span class='ocrx_word' id='word_1_540' title='bbox 3154 1570 3433 1626; x_wconf 85' lang='lat' dir='ltr'><strong>debuimus</strong></span> <span class='ocrx_word' id='word_1_541' title='bbox 3461 1572 3519 1625; x_wconf 93' lang='lat' dir='ltr'><strong>in</strong></span> <span class='ocrx_word' id='word_1_542' title='bbox 3548 1572 3699 1641; x_wconf 84' lang='lat' dir='ltr'><strong>hujus</strong></span> <span class='ocrx_word' id='word_1_543' title='bbox 3720 1590 3816 1627; x_wconf 48' lang='lat' dir='ltr'><strong>con.</strong></span> 
     </span>
    </p>
   </div>
   <div class='ocr_carea' id='block_1_76' title="bbox 2290 1645 3817 1727">
    <p class='ocr_par' dir='ltr' id='par_1_76' title="bbox 2290 1645 3817 1727">
     <span class='ocr_line' id='line_1_76' title="bbox 2290 1645 3817 1727; baseline 0.014 -30"><span class='ocrx_word' id='word_1_544' title='bbox 2290 1645 2537 1703; x_wconf 85' lang='lat' dir='ltr'><strong>ﬂictionis</strong></span> <span class='ocrx_word' id='word_1_545' title='bbox 2566 1651 2805 1706; x_wconf 87' lang='lat' dir='ltr'><strong>molestia</strong></span> <span class='ocrx_word' id='word_1_546' title='bbox 2836 1670 3131 1721; x_wconf 88' lang='lat' dir='ltr'><strong>remanere,</strong></span> <span class='ocrx_word' id='word_1_547' title='bbox 3170 1675 3331 1727; x_wconf 85' lang='lat' dir='ltr'><strong>quam</strong></span> <span class='ocrx_word' id='word_1_548' title='bbox 3366 1663 3515 1716; x_wconf 89' lang='lat' dir='ltr'><strong>vitiis</strong></span> <span class='ocrx_word' id='word_1_549' title='bbox 3552 1664 3603 1715; x_wconf 92' lang='lat' dir='ltr'><strong>in</strong></span> <span class='ocrx_word' id='word_1_550' title='bbox 3638 1681 3725 1718; x_wconf 90' lang='lat' dir='ltr'><strong>nos</strong></span> <span class='ocrx_word' id='word_1_551' title='bbox 3748 1666 3817 1718; x_wconf 67' lang='lat' dir='ltr'><strong>ilo-</strong></span> 
     </span>
    </p>
   </div>
   <div class='ocr_carea' id='block_1_77' title="bbox 2224 1724 3620 1818">
    <p class='ocr_par' dir='ltr' id='par_1_77' title="bbox 2224 1724 3620 1818">
     <span class='ocr_line' id='line_1_77' title="bbox 2224 1724 3620 1818; baseline 0.014 -33"><span class='ocrx_word' id='word_1_552' title='bbox 2224 1724 2266 1782; x_wconf 82' lang='grc' dir='ltr'><strong><em>Β</em></strong></span> <span class='ocrx_word' id='word_1_553' title='bbox 2295 1738 2657 1801; x_wconf 86' lang='lat' dir='ltr'><strong>minatiouem,</strong></span> <span class='ocrx_word' id='word_1_554' title='bbox 2692 1757 2795 1795; x_wconf 91' lang='lat' dir='ltr'><strong>non</strong></span> <span class='ocrx_word' id='word_1_555' title='bbox 2827 1743 2906 1797; x_wconf 88' lang='lat' dir='ltr'><strong>eis</strong></span> <span class='ocrx_word' id='word_1_556' title='bbox 2938 1747 3250 1809; x_wconf 88' lang='lat' dir='ltr'><strong>resistendo,</strong></span> <span class='ocrx_word' id='word_1_557' title='bbox 3280 1752 3620 1818; x_wconf 86' lang='lat' dir='ltr'><strong>permittere.</strong></span> 
     </span>
    </p>
   </div>
   <div class='ocr_carea' id='block_1_78' title="bbox 2365 1825 3815 1904">
    <p class='ocr_par' dir='ltr' id='par_1_78' title="bbox 2365 1825 3815 1904">
     <span class='ocr_line' id='line_1_78' title="bbox 2365 1825 3815 1904; baseline 0.012 -27"><span class='ocrx_word' id='word_1_558' title='bbox 2365 1825 2548 1881; x_wconf 73' lang='lat' dir='ltr'><strong>XXVI.</strong></span> <span class='ocrx_word' id='word_1_559' title='bbox 2611 1828 3016 1899; x_wconf 88' lang='lat' dir='ltr'><strong>Suscipiendum</strong></span> <span class='ocrx_word' id='word_1_560' title='bbox 3070 1843 3151 1888; x_wconf 90' lang='lat' dir='ltr'><strong>est</strong></span> <span class='ocrx_word' id='word_1_561' title='bbox 3203 1837 3363 1904; x_wconf 79' lang='lat' dir='ltr'><strong>igitur</strong></span> <span class='ocrx_word' id='word_1_562' title='bbox 3412 1839 3611 1892; x_wconf 87' lang='lat' dir='ltr'><strong>bellum</strong></span> <span class='ocrx_word' id='word_1_563' title='bbox 3664 1852 3815 1895; x_wconf 78' lang='lat' dir='ltr'><strong>contra</strong></span> 
     </span>
    </p>
   </div>
   <div class='ocr_carea' id='block_1_79' title="bbox 2292 1913 3811 1996">
    <p class='ocr_par' dir='ltr' id='par_1_79' title="bbox 2292 1913 3811 1996">
     <span class='ocr_line' id='line_1_79' title="bbox 2292 1913 3811 1996; baseline 0.013 -34"><span class='ocrx_word' id='word_1_564' title='bbox 2292 1913 2439 1977; x_wconf 79' lang='lat' dir='ltr'><strong>vitia,</strong></span> <span class='ocrx_word' id='word_1_565' title='bbox 2486 1924 2541 1968; x_wconf 79' lang='lat' dir='ltr'><strong>et</strong></span> <span class='ocrx_word' id='word_1_566' title='bbox 2566 1918 2853 1985; x_wconf 83' lang='lat' dir='ltr'><strong>gerendum</strong></span> <span class='ocrx_word' id='word_1_567' title='bbox 2899 1922 3112 1985; x_wconf 82' lang='lat' dir='ltr'><strong>acriter,</strong></span> <span class='ocrx_word' id='word_1_568' title='bbox 3164 1940 3229 1977; x_wconf 91' lang='lat' dir='ltr'><strong>ue</strong></span> <span class='ocrx_word' id='word_1_569' title='bbox 3267 1926 3329 1978; x_wconf 86' lang='lat' dir='ltr'><strong>ad</strong></span> <span class='ocrx_word' id='word_1_570' title='bbox 3364 1926 3687 1980; x_wconf 86' lang='lat' dir='ltr'><strong>damnabilia</strong></span> <span class='ocrx_word' id='word_1_571' title='bbox 3717 1945 3811 1996; x_wconf 54' lang='lat' dir='ltr'><strong>pec-</strong></span> 
     </span>
    </p>
   </div>
   <div class='ocr_carea' id='block_1_80' title="bbox 2292 2007 3813 2079">
    <p class='ocr_par' dir='ltr' id='par_1_80' title="bbox 2292 2007 3813 2079">
     <span class='ocr_line' id='line_1_80' title="bbox 2292 2007 3813 2079; baseline 0.01 -24"><span class='ocrx_word' id='word_1_572' title='bbox 2292 2011 2413 2056; x_wconf 89' lang='lat' dir='ltr'><strong>cata</strong></span> <span class='ocrx_word' id='word_1_573' title='bbox 2456 2007 2767 2073; x_wconf 77' lang='lat' dir='ltr'><strong>perducant.</strong></span> <span class='ocrx_word' id='word_1_574' title='bbox 2818 2009 2881 2062; x_wconf 84' lang='lat' dir='ltr'><strong>Et</strong></span> <span class='ocrx_word' id='word_1_575' title='bbox 2922 2012 3183 2079; x_wconf 88' lang='lat' dir='ltr'><strong>siquidem</strong></span> <span class='ocrx_word' id='word_1_576' title='bbox 3225 2015 3455 2068; x_wconf 88' lang='lat' dir='ltr'><strong>nondum</strong></span> <span class='ocrx_word' id='word_1_577' title='bbox 3506 2018 3813 2071; x_wconf 76' lang='lat' dir='ltr'><strong>victoriarum</strong></span> 
     </span>
    </p>
   </div>
   <div class='ocr_carea' id='block_1_81' title="bbox 2291 2097 3815 2166">
    <p class='ocr_par' dir='ltr' id='par_1_81' title="bbox 2291 2097 3815 2166">
     <span class='ocr_line' id='line_1_81' title="bbox 2291 2097 3815 2166; baseline 0.009 -20"><span class='ocrx_word' id='word_1_578' title='bbox 2291 2097 2676 2150; x_wconf 89' lang='lat' dir='ltr'><strong>consuetudine</strong></span> <span class='ocrx_word' id='word_1_579' title='bbox 2724 2099 2974 2154; x_wconf 88' lang='lat' dir='ltr'><strong>roborata</strong></span> <span class='ocrx_word' id='word_1_580' title='bbox 3025 2110 3165 2166; x_wconf 87' lang='lat' dir='ltr'><strong>sunt,</strong></span> <span class='ocrx_word' id='word_1_581' title='bbox 3220 2104 3426 2159; x_wconf 74' lang='lat' dir='ltr'><strong>facilius</strong></span> <span class='ocrx_word' id='word_1_582' title='bbox 3472 2107 3745 2161; x_wconf 87' lang='lat' dir='ltr'><strong>vincuntur</strong></span> <span class='ocrx_word' id='word_1_583' title='bbox 3776 2119 3815 2159; x_wconf 65' lang='lat' dir='ltr'><strong>ct</strong></span> 
     </span>
    </p>
   </div>
   <div class='ocr_carea' id='block_1_82' title="bbox 2293 2182 3813 2259">
    <p class='ocr_par' dir='ltr' id='par_1_82' title="bbox 2293 2182 3813 2259">
     <span class='ocr_line' id='line_1_82' title="bbox 2293 2182 3813 2259; baseline 0.009 -25"><span class='ocrx_word' id='word_1_584' title='bbox 2293 2182 2485 2235; x_wconf 90' lang='lat' dir='ltr'><strong>cedunt</strong></span> <span class='ocrx_word' id='word_1_585' title='bbox 2516 2201 2526 2235; x_wconf 91' lang='lat'>:</span> <span class='ocrx_word' id='word_1_586' title='bbox 2558 2185 2601 2236; x_wconf 88' lang='lat' dir='ltr'><strong>si</strong></span> <span class='ocrx_word' id='word_1_587' title='bbox 2629 2193 2805 2239; x_wconf 89' lang='lat' dir='ltr'><strong>autem</strong></span> <span class='ocrx_word' id='word_1_588' title='bbox 2830 2188 3040 2241; x_wconf 86' lang='lat' dir='ltr'><strong>vincere</strong></span> <span class='ocrx_word' id='word_1_589' title='bbox 3078 2199 3237 2257; x_wconf 88' lang='lat' dir='ltr'><strong>atque</strong></span> <span class='ocrx_word' id='word_1_590' title='bbox 3272 2193 3538 2259; x_wconf 85' lang='lat' dir='ltr'><strong>imperare</strong></span> <span class='ocrx_word' id='word_1_591' title='bbox 3564 2209 3813 2248; x_wconf 68' lang='lat' dir='ltr'><strong>COIISIICVE-</strong></span> 
     </span>
    </p>
   </div>
   <div class='ocr_carea' id='block_1_83' title="bbox 2293 2270 3811 2347">
    <p class='ocr_par' dir='ltr' id='par_1_83' title="bbox 2293 2270 3811 2347">
     <span class='ocr_line' id='line_1_83' title="bbox 2293 2270 3811 2347; baseline 0.008 -25"><span class='ocrx_word' id='word_1_592' title='bbox 2293 2279 2438 2333; x_wconf 89' lang='lat' dir='ltr'><strong>runt,</strong></span> <span class='ocrx_word' id='word_1_593' title='bbox 2463 2270 2728 2327; x_wconf 85' lang='lat' dir='ltr'><strong>laboriosa</strong></span> <span class='ocrx_word' id='word_1_594' title='bbox 2753 2274 3061 2330; x_wconf 73' lang='lat' dir='ltr'><strong>difficultate</strong></span> <span class='ocrx_word' id='word_1_595' title='bbox 3091 2292 3433 2347; x_wconf 88' lang='lat' dir='ltr'><strong>superantur.</strong></span> <span class='ocrx_word' id='word_1_596' title='bbox 3475 2281 3603 2336; x_wconf 65' lang='lat' dir='ltr'><strong>Haac</strong></span> <span class='ocrx_word' id='word_1_597' title='bbox 3636 2293 3711 2337; x_wconf 87' lang='lat' dir='ltr'><strong>est</strong></span> <span class='ocrx_word' id='word_1_598' title='bbox 3743 2299 3811 2334; x_wconf 82' lang='lat' dir='ltr'><strong>au-</strong></span> 
     </span>
    </p>
   </div>
   <div class='ocr_carea' id='block_1_84' title="bbox 2295 2362 3813 2442">
    <p class='ocr_par' dir='ltr' id='par_1_84' title="bbox 2295 2362 3813 2442">
     <span class='ocr_line' id='line_1_84' title="bbox 2295 2362 3813 2442; baseline 0.009 -30"><span class='ocrx_word' id='word_1_599' title='bbox 2295 2368 2400 2414; x_wconf 91' lang='lat' dir='ltr'><strong>tem</strong></span> <span class='ocrx_word' id='word_1_600' title='bbox 2428 2362 2480 2414; x_wconf 90' lang='lat' dir='ltr'><strong>in</strong></span> <span class='ocrx_word' id='word_1_601' title='bbox 2506 2364 2605 2416; x_wconf 82' lang='lat' dir='ltr'><strong>fide</strong></span> <span class='ocrx_word' id='word_1_602' title='bbox 2635 2363 2852 2419; x_wconf 85' lang='lat' dir='ltr'><strong>Christi.</strong></span> <span class='ocrx_word' id='word_1_603' title='bbox 2892 2366 3024 2421; x_wconf 79' lang='lat' dir='ltr'><strong>Nam</strong></span> <span class='ocrx_word' id='word_1_604' title='bbox 3054 2370 3098 2422; x_wconf 84' lang='lat' dir='ltr'><strong>si</strong></span> <span class='ocrx_word' id='word_1_605' title='bbox 3135 2368 3215 2422; x_wconf 76' lang='lat' dir='ltr'><strong>lex</strong></span> <span class='ocrx_word' id='word_1_606' title='bbox 3247 2370 3441 2437; x_wconf 86' lang='lat' dir='ltr'><strong>jubens</strong></span> <span class='ocrx_word' id='word_1_607' title='bbox 3469 2374 3626 2435; x_wconf 83' lang='lat' dir='ltr'><strong>adsit,</strong></span> <span class='ocrx_word' id='word_1_608' title='bbox 3656 2384 3703 2426; x_wconf 90' lang='lat' dir='ltr'><strong>et</strong></span> <span class='ocrx_word' id='word_1_609' title='bbox 3730 2375 3813 2442; x_wconf 85' lang='lat' dir='ltr'><strong>spi-</strong></span> 
     </span>
    </p>
   </div>
   <div class='ocr_carea' id='block_1_85' title="bbox 2294 2448 3811 2526">
    <p class='ocr_par' dir='ltr' id='par_1_85' title="bbox 2294 2448 3811 2526">
     <span class='ocr_line' id='line_1_85' title="bbox 2294 2448 3811 2526; baseline 0.01 -27"><span class='ocrx_word' id='word_1_610' title='bbox 2294 2448 2429 2501; x_wconf 87' lang='lat' dir='ltr'><strong>ritus</strong></span> <span class='ocrx_word' id='word_1_611' title='bbox 2448 2451 2639 2517; x_wconf 80' lang='lat' dir='ltr'><strong>jurans</strong></span> <span class='ocrx_word' id='word_1_612' title='bbox 2667 2452 2836 2517; x_wconf 77' lang='lat' dir='ltr'><strong>desit;</strong></span> <span class='ocrx_word' id='word_1_613' title='bbox 2864 2469 2959 2522; x_wconf 90' lang='lat' dir='ltr'><strong>per</strong></span> <span class='ocrx_word' id='word_1_614' title='bbox 2989 2455 3155 2523; x_wconf 88' lang='lat' dir='ltr'><strong>ipsam</strong></span> <span class='ocrx_word' id='word_1_615' title='bbox 3191 2459 3605 2526; x_wconf 85' lang='lat' dir='ltr'><strong>prohibitionem</strong></span> <span class='ocrx_word' id='word_1_616' title='bbox 3640 2462 3811 2514; x_wconf 64' lang='lat' dir='ltr'><strong>deside</strong></span> 
     </span>
    </p>
   </div>
   <div class='ocr_carea' id='block_1_86' title="bbox 2295 2537 3812 2619">
    <p class='ocr_par' dir='ltr' id='par_1_86' title="bbox 2295 2537 3812 2619">
     <span class='ocr_line' id='line_1_86' title="bbox 2295 2537 3812 2619; baseline 0.008 -32"><span class='ocrx_word' id='word_1_617' title='bbox 2295 2537 2376 2588; x_wconf 91' lang='lat' dir='ltr'><strong>rio</strong></span> <span class='ocrx_word' id='word_1_618' title='bbox 2402 2546 2676 2591; x_wconf 82' lang='lat' dir='ltr'><strong>crescente</strong></span> <span class='ocrx_word' id='word_1_619' title='bbox 2705 2542 2908 2607; x_wconf 90' lang='lat' dir='ltr'><strong>peccati</strong></span> <span class='ocrx_word' id='word_1_620' title='bbox 2950 2550 3109 2619; x_wconf 81' lang='lat' dir='ltr'><strong>atque</strong></span> <span class='ocrx_word' id='word_1_621' title='bbox 3144 2545 3410 2607; x_wconf 78' lang='lat' dir='ltr'><strong>vincente,</strong></span> <span class='ocrx_word' id='word_1_622' title='bbox 3457 2548 3619 2599; x_wconf 75' lang='lat' dir='ltr'><strong>etiam</strong></span> <span class='ocrx_word' id='word_1_623' title='bbox 3663 2557 3812 2600; x_wconf 83' lang='lat' dir='ltr'><strong>reatus</strong></span> 
     </span>
    </p>
   </div>
   <div class='ocr_carea' id='block_1_87' title="bbox 2293 2622 3805 2705">
    <p class='ocr_par' dir='ltr' id='par_1_87' title="bbox 2293 2622 3805 2705">
     <span class='ocr_line' id='line_1_87' title="bbox 2293 2622 3805 2705; baseline 0.009 -29"><span class='ocrx_word' id='word_1_624' title='bbox 2293 2622 2747 2692; x_wconf 70' lang='lat' dir='ltr'><strong>prmvaricationis</strong></span> <span class='ocrx_word' id='word_1_625' title='bbox 2794 2622 3027 2686; x_wconf 69' lang='lat' dir='ltr'><strong>accedat.</strong></span> <span class='ocrx_word' id='word_1_626' title='bbox 3074 2632 3461 2703; x_wconf 80' lang='lat' dir='ltr'><strong>Nonnunquam</strong></span> <span class='ocrx_word' id='word_1_627' title='bbox 3510 2652 3635 2689; x_wconf 87' lang='lat' dir='ltr'><strong>sane</strong></span> <span class='ocrx_word' id='word_1_628' title='bbox 3683 2653 3805 2705; x_wconf 80' lang='lat' dir='ltr'><strong>aper-</strong></span> 
     </span>
    </p>
   </div>
   <div class='ocr_carea' id='block_1_88' title="bbox 2297 2713 3804 2794">
    <p class='ocr_par' dir='ltr' id='par_1_88' title="bbox 2297 2713 3804 2794">
     <span class='ocr_line' id='line_1_88' title="bbox 2297 2713 3804 2794; baseline 0.009 -29"><span class='ocrx_word' id='word_1_629' title='bbox 2297 2713 2499 2766; x_wconf 86' lang='lat' dir='ltr'><strong>tissima</strong></span> <span class='ocrx_word' id='word_1_630' title='bbox 2555 2715 2681 2767; x_wconf 73' lang='lat' dir='ltr'><strong>vitia</strong></span> <span class='ocrx_word' id='word_1_631' title='bbox 2726 2717 2845 2772; x_wconf 85' lang='lat' dir='ltr'><strong>aliis</strong></span> <span class='ocrx_word' id='word_1_632' title='bbox 2896 2720 3037 2773; x_wconf 76' lang='lat' dir='ltr'><strong>vitiis</strong></span> <span class='ocrx_word' id='word_1_633' title='bbox 3088 2722 3373 2776; x_wconf 76' lang='lat' dir='ltr'><strong>vincuntur</strong></span> <span class='ocrx_word' id='word_1_634' title='bbox 3428 2726 3666 2789; x_wconf 84' lang='lat' dir='ltr'><strong>occultis,</strong></span> <span class='ocrx_word' id='word_1_635' title='bbox 3715 2744 3804 2794; x_wconf 65' lang='lat' dir='ltr'><strong>qua</strong></span> 
     </span>
    </p>
   </div>
   <div class='ocr_carea' id='block_1_89' title="bbox 2295 2810 3807 2884">
    <p class='ocr_par' dir='ltr' id='par_1_89' title="bbox 2295 2810 3807 2884">
     <span class='ocr_line' id='line_1_89' title="bbox 2295 2810 3807 2884; baseline 0.007 -27"><span class='ocrx_word' id='word_1_636' title='bbox 2295 2814 2548 2872; x_wconf 89' lang='lat' dir='ltr'><strong>putantur</strong></span> <span class='ocrx_word' id='word_1_637' title='bbox 2584 2823 2702 2861; x_wconf 82' lang='lat' dir='ltr'><strong>esse</strong></span> <span class='ocrx_word' id='word_1_638' title='bbox 2742 2810 2985 2874; x_wconf 77' lang='lat' dir='ltr'><strong>virtutes,</strong></span> <span class='ocrx_word' id='word_1_639' title='bbox 3019 2812 3069 2863; x_wconf 90' lang='lat' dir='ltr'><strong>in</strong></span> <span class='ocrx_word' id='word_1_640' title='bbox 3093 2814 3282 2879; x_wconf 88' lang='lat' dir='ltr'><strong>quibus</strong></span> <span class='ocrx_word' id='word_1_641' title='bbox 3310 2826 3491 2884; x_wconf 83' lang='lat' dir='ltr'><strong>regnat</strong></span> <span class='ocrx_word' id='word_1_642' title='bbox 3518 2818 3741 2884; x_wconf 80' lang='lat' dir='ltr'><strong>superbia</strong></span> <span class='ocrx_word' id='word_1_643' title='bbox 3766 2828 3807 2869; x_wconf 82' lang='lat' dir='ltr'><strong>ct</strong></span> 
     </span>
    </p>
   </div>
   <div class='ocr_carea' id='block_1_90' title="bbox 2296 2896 3803 2966">
    <p class='ocr_par' dir='ltr' id='par_1_90' title="bbox 2296 2896 3803 2966">
     <span class='ocr_line' id='line_1_90' title="bbox 2296 2896 3803 2966; baseline 0.007 -20"><span class='ocrx_word' id='word_1_644' title='bbox 2296 2896 2535 2962; x_wconf 65' lang='lat' dir='ltr'><strong>qumdam</strong></span> <span class='ocrx_word' id='word_1_645' title='bbox 2581 2896 2679 2949; x_wconf 91' lang='lat' dir='ltr'><strong>sibi</strong></span> <span class='ocrx_word' id='word_1_646' title='bbox 2723 2898 2963 2966; x_wconf 88' lang='lat' dir='ltr'><strong>placendi</strong></span> <span class='ocrx_word' id='word_1_647' title='bbox 3007 2901 3230 2956; x_wconf 88' lang='lat' dir='ltr'><strong>altitudo</strong></span> <span class='ocrx_word' id='word_1_648' title='bbox 3281 2904 3515 2958; x_wconf 88' lang='lat' dir='ltr'><strong>ruinosa.</strong></span> <span class='ocrx_word' id='word_1_649' title='bbox 3572 2905 3670 2958; x_wconf 89' lang='lat' dir='ltr'><strong>Sed</strong></span> <span class='ocrx_word' id='word_1_650' title='bbox 3711 2915 3803 2957; x_wconf 84' lang='lat' dir='ltr'><strong>tunc</strong></span> 
     </span>
    </p>
   </div>
   <div class='ocr_carea' id='block_1_91' title="bbox 2300 2985 3802 3056">
    <p class='ocr_par' dir='ltr' id='par_1_91' title="bbox 2300 2985 3802 3056">
     <span class='ocr_line' id='line_1_91' title="bbox 2300 2985 3802 3056; baseline 0.007 -21"><span class='ocrx_word' id='word_1_651' title='bbox 2300 2985 2438 3037; x_wconf 86' lang='lat' dir='ltr'><strong>victa</strong></span> <span class='ocrx_word' id='word_1_652' title='bbox 2467 2986 2594 3039; x_wconf 90' lang='lat' dir='ltr'><strong>vitia</strong></span> <span class='ocrx_word' id='word_1_653' title='bbox 2626 2988 2921 3055; x_wconf 83' lang='lat' dir='ltr'><strong>deputanda</strong></span> <span class='ocrx_word' id='word_1_654' title='bbox 2963 2998 3102 3056; x_wconf 90' lang='lat' dir='ltr'><strong>sunt,</strong></span> <span class='ocrx_word' id='word_1_655' title='bbox 3142 3007 3262 3045; x_wconf 92' lang='lat' dir='ltr'><strong>cum</strong></span> <span class='ocrx_word' id='word_1_656' title='bbox 3291 2992 3385 3048; x_wconf 89' lang='lat' dir='ltr'><strong>Dei</strong></span> <span class='ocrx_word' id='word_1_657' title='bbox 3415 3008 3594 3047; x_wconf 86' lang='lat' dir='ltr'><strong>amore</strong></span> <span class='ocrx_word' id='word_1_658' title='bbox 3619 2996 3802 3047; x_wconf 80' lang='lat' dir='ltr'><strong>vincun-</strong></span> 
     </span>
    </p>
   </div>
   <div class='ocr_carea' id='block_1_92' title="bbox 2219 3051 3805 3146">
    <p class='ocr_par' dir='ltr' id='par_1_92' title="bbox 2219 3051 3805 3146">
     <span class='ocr_line' id='line_1_92' title="bbox 2219 3051 3805 3146; baseline 0.005 -22"><span class='ocrx_word' id='word_1_659' title='bbox 2219 3051 2264 3112; x_wconf 69' lang='grc' dir='ltr'>ο</span> <span class='ocrx_word' id='word_1_660' title='bbox 2301 3080 2420 3132; x_wconf 86' lang='lat' dir='ltr'><strong>tur;</strong></span> <span class='ocrx_word' id='word_1_661' title='bbox 2470 3068 2629 3140; x_wconf 84' lang='lat' dir='ltr'><strong>quem</strong></span> <span class='ocrx_word' id='word_1_662' title='bbox 2674 3051 2776 3128; x_wconf 80' lang='lat' dir='ltr'><strong>nisi</strong></span> <span class='ocrx_word' id='word_1_663' title='bbox 2830 3075 2967 3129; x_wconf 88' lang='lat' dir='ltr'><strong>Deus</strong></span> <span class='ocrx_word' id='word_1_664' title='bbox 3016 3051 3125 3146; x_wconf 82' lang='lat' dir='ltr'><strong>ipse</strong></span> <span class='ocrx_word' id='word_1_665' title='bbox 3174 3096 3277 3132; x_wconf 89' lang='lat' dir='ltr'><strong>non</strong></span> <span class='ocrx_word' id='word_1_666' title='bbox 3330 3082 3522 3143; x_wconf 87' lang='lat' dir='ltr'><strong>donat,</strong></span> <span class='ocrx_word' id='word_1_667' title='bbox 3560 3097 3654 3134; x_wconf 89' lang='lat' dir='ltr'><strong>nec</strong></span> <span class='ocrx_word' id='word_1_668' title='bbox 3685 3082 3805 3134; x_wconf 81' lang='lat' dir='ltr'><strong>aliter</strong></span> 
     </span>
    </p>
   </div>
   <div class='ocr_carea' id='block_1_93' title="bbox 2297 3159 3802 3230">
    <p class='ocr_par' dir='ltr' id='par_1_93' title="bbox 2297 3159 3802 3230">
     <span class='ocr_line' id='line_1_93' title="bbox 2297 3159 3802 3230; baseline 0.007 -18"><span class='ocrx_word' id='word_1_669' title='bbox 2297 3159 2476 3223; x_wconf 87' lang='lat' dir='ltr'><strong>donat,</strong></span> <span class='ocrx_word' id='word_1_670' title='bbox 2504 3161 2603 3214; x_wconf 90' lang='lat' dir='ltr'><strong>nisi</strong></span> <span class='ocrx_word' id='word_1_671' title='bbox 2632 3178 2722 3230; x_wconf 80' lang='lat' dir='ltr'><strong>per</strong></span> <span class='ocrx_word' id='word_1_672' title='bbox 2741 3162 3070 3217; x_wconf 77' lang='lat' dir='ltr'><strong>mediatorem</strong></span> <span class='ocrx_word' id='word_1_673' title='bbox 3095 3165 3191 3219; x_wconf 85' lang='lat' dir='ltr'><strong>Dei</strong></span> <span class='ocrx_word' id='word_1_674' title='bbox 3218 3176 3263 3219; x_wconf 84' lang='lat' dir='ltr'><strong>et</strong></span> <span class='ocrx_word' id='word_1_675' title='bbox 3289 3169 3553 3222; x_wconf 80' lang='lat' dir='ltr'><strong>hominum</strong></span> <span class='ocrx_word' id='word_1_676' title='bbox 3589 3172 3802 3223; x_wconf 71' lang='lat' dir='ltr'><strong>hominem</strong></span> 
     </span>
    </p>
   </div>
   <div class='ocr_carea' id='block_1_94' title="bbox 2297 3245 3805 3326">
    <p class='ocr_par' dir='ltr' id='par_1_94' title="bbox 2297 3245 3805 3326">
     <span class='ocr_line' id='line_1_94' title="bbox 2297 3245 3805 3326; baseline 0.008 -27"><span class='ocrx_word' id='word_1_677' title='bbox 2297 3245 2556 3301; x_wconf 84' lang='lat' dir='ltr'><strong>Christum</strong></span> <span class='ocrx_word' id='word_1_678' title='bbox 2592 3247 2791 3313; x_wconf 76' lang='lat' dir='ltr'><strong>Iesum,</strong></span> <span class='ocrx_word' id='word_1_679' title='bbox 2835 3252 2923 3319; x_wconf 91' lang='lat' dir='ltr'><strong>qui</strong></span> <span class='ocrx_word' id='word_1_680' title='bbox 2962 3251 3132 3308; x_wconf 88' lang='lat' dir='ltr'><strong>factus</strong></span> <span class='ocrx_word' id='word_1_681' title='bbox 3176 3266 3259 3309; x_wconf 90' lang='lat' dir='ltr'><strong>est</strong></span> <span class='ocrx_word' id='word_1_682' title='bbox 3296 3257 3563 3326; x_wconf 83' lang='lat' dir='ltr'><strong>particeps</strong></span> <span class='ocrx_word' id='word_1_683' title='bbox 3610 3258 3805 3311; x_wconf 85' lang='lat' dir='ltr'><strong>mortali-</strong></span> 
     </span>
    </p>
   </div>
   <div class='ocr_carea' id='block_1_95' title="bbox 2298 3340 3802 3414">
    <p class='ocr_par' dir='ltr' id='par_1_95' title="bbox 2298 3340 3802 3414">
     <span class='ocr_line' id='line_1_95' title="bbox 2298 3340 3802 3414; baseline 0.005 -22"><span class='ocrx_word' id='word_1_684' title='bbox 2298 3340 2421 3393; x_wconf 83' lang='lat' dir='ltr'><strong>tatis</strong></span> <span class='ocrx_word' id='word_1_685' title='bbox 2475 3349 2668 3395; x_wconf 72' lang='lat' dir='ltr'><strong>nostrze</strong></span> <span class='ocrx_word' id='word_1_686' title='bbox 2693 3380 2708 3406; x_wconf 91' lang='lat'><strong>,</strong></span> <span class='ocrx_word' id='word_1_687' title='bbox 2748 3350 2807 3395; x_wconf 91' lang='lat' dir='ltr'><strong>ut</strong></span> <span class='ocrx_word' id='word_1_688' title='bbox 2853 3357 2949 3398; x_wconf 90' lang='lat' dir='ltr'><strong>nos</strong></span> <span class='ocrx_word' id='word_1_689' title='bbox 2982 3345 3269 3414; x_wconf 88' lang='lat' dir='ltr'><strong>participes</strong></span> <span class='ocrx_word' id='word_1_690' title='bbox 3315 3344 3517 3403; x_wconf 84' lang='lat' dir='ltr'><strong>faceret</strong></span> <span class='ocrx_word' id='word_1_691' title='bbox 3557 3348 3802 3402; x_wconf 79' lang='lat' dir='ltr'><strong>divinitatis</strong></span> 
     </span>
    </p>
   </div>
   <div class='ocr_carea' id='block_1_96' title="bbox 2296 3420 3030 3488">
    <p class='ocr_par' dir='ltr' id='par_1_96' title="bbox 2296 3420 3030 3488">
     <span class='ocr_line' id='line_1_96' title="bbox 2296 3420 3030 3488; baseline 0.005 -4"><span class='ocrx_word' id='word_1_692' title='bbox 2296 3445 2422 3484; x_wconf 80' lang='lat' dir='ltr'><strong>suae.</strong></span> <span class='ocrx_word' id='word_1_693' title='bbox 2891 3420 2895 3423; x_wconf 56' lang='grc'><em>’</em></span> <span class='ocrx_word' id='word_1_694' title='bbox 3026 3483 3030 3488; x_wconf 90' lang='grc'>.</span> 
     </span>
    </p>
   </div>
   <div class='ocr_carea' id='block_1_97' title="bbox 2870 3521 3319 3589">
    <p class='ocr_par' dir='ltr' id='par_1_97' title="bbox 2870 3521 3319 3589">
     <span class='ocr_line' id='line_1_97' title="bbox 2870 3521 3319 3589; baseline 0.004 -15"><span class='ocrx_word' id='word_1_695' title='bbox 2870 3521 3203 3589; x_wconf 25' lang='grc' dir='ltr'><strong>ΕΡΙΞΤΟΙιΔη</strong></span> <span class='ocrx_word' id='word_1_696' title='bbox 3235 3525 3319 3579; x_wconf 88' lang='lat' dir='ltr'>III.</span> 
     </span>
    </p>
   </div>
   <div class='ocr_carea' id='block_1_98' title="bbox 2872 3622 3251 3662">
    <p class='ocr_par' dir='ltr' id='par_1_98' title="bbox 2872 3622 3251 3662">
     <span class='ocr_line' id='line_1_98' title="bbox 2872 3622 3251 3662; baseline 0.005 -3"><span class='ocrx_word' id='word_1_697' title='bbox 2872 3622 2940 3659; x_wconf 71' lang='lat' dir='ltr'><strong>AD</strong></span> <span class='ocrx_word' id='word_1_698' title='bbox 2990 3624 3251 3662; x_wconf 65' lang='lat' dir='ltr'><strong>SOROIEI.</strong></span> 
     </span>
    </p>
   </div>
   <div class='ocr_carea' id='block_1_99' title="bbox 2363 3695 3792 3764">
    <p class='ocr_par' dir='ltr' id='par_1_99' title="bbox 2363 3695 3792 3764">
     <span class='ocr_line' id='line_1_99' title="bbox 2363 3695 3792 3764; baseline 0.005 -15"><span class='ocrx_word' id='word_1_699' title='bbox 2363 3695 2701 3751; x_wconf 78' lang='lat' dir='ltr'><strong>Charissima:</strong></span> <span class='ocrx_word' id='word_1_700' title='bbox 2724 3711 2786 3751; x_wconf 87' lang='lat' dir='ltr'><strong>ac</strong></span> <span class='ocrx_word' id='word_1_701' title='bbox 2814 3696 3297 3764; x_wconf 71' lang='lat' dir='ltr'><strong>suspicientissimte</strong></span> <span class='ocrx_word' id='word_1_702' title='bbox 3320 3700 3370 3752; x_wconf 92' lang='lat' dir='ltr'><strong>in</strong></span> <span class='ocrx_word' id='word_1_703' title='bbox 3398 3698 3611 3754; x_wconf 87' lang='lat' dir='ltr'><strong>Christo</strong></span> <span class='ocrx_word' id='word_1_704' title='bbox 3629 3709 3792 3755; x_wconf 71' lang='lat' dir='ltr'><strong>sancta</strong></span> 
     </span>
    </p>
   </div>
   <div class='ocr_carea' id='block_1_100' title="bbox 2296 3785 3797 3857">
    <p class='ocr_par' dir='ltr' id='par_1_100' title="bbox 2296 3785 3797 3857">
     <span class='ocr_line' id='line_1_100' title="bbox 2296 3785 3797 3857; baseline 0.003 -20"><span class='ocrx_word' id='word_1_705' title='bbox 2296 3786 2465 3839; x_wconf 92' lang='lat' dir='ltr'><strong>sorori</strong></span> <span class='ocrx_word' id='word_1_706' title='bbox 2487 3786 2777 3839; x_wconf 87' lang='lat' dir='ltr'><strong>Leidradus</strong></span> <span class='ocrx_word' id='word_1_707' title='bbox 2798 3785 2923 3839; x_wconf 91' lang='lat' dir='ltr'><strong>licet</strong></span> <span class='ocrx_word' id='word_1_708' title='bbox 2946 3785 3189 3855; x_wconf 84' lang='lat' dir='ltr'><strong>indignus</strong></span> <span class='ocrx_word' id='word_1_709' title='bbox 3207 3786 3574 3857; x_wconf 85' lang='lat' dir='ltr'><strong>Lugdunensis</strong></span> <span class='ocrx_word' id='word_1_710' title='bbox 3594 3787 3797 3843; x_wconf 71' lang='lat' dir='ltr'><strong>Ecclesia</strong></span> 
     </span>
    </p>
   </div>
   <div class='ocr_carea' id='block_1_101' title="bbox 2295 3875 3798 3949">
    <p class='ocr_par' dir='ltr' id='par_1_101' title="bbox 2295 3875 3798 3949">
     <span class='ocr_line' id='line_1_101' title="bbox 2295 3875 3798 3949; baseline 0.003 -21"><span class='ocrx_word' id='word_1_711' title='bbox 2295 3878 2572 3945; x_wconf 88' lang='lat' dir='ltr'><strong>episcopus</strong></span> <span class='ocrx_word' id='word_1_712' title='bbox 2606 3876 2659 3929; x_wconf 92' lang='lat' dir='ltr'><strong>in</strong></span> <span class='ocrx_word' id='word_1_713' title='bbox 2686 3876 2908 3931; x_wconf 87' lang='lat' dir='ltr'><strong>Domino</strong></span> <span class='ocrx_word' id='word_1_714' title='bbox 2938 3875 3063 3931; x_wconf 83' lang='lat' dir='ltr'><strong>Jesu</strong></span> <span class='ocrx_word' id='word_1_715' title='bbox 3092 3876 3305 3933; x_wconf 82' lang='lat' dir='ltr'><strong>Christo</strong></span> <span class='ocrx_word' id='word_1_716' title='bbox 3342 3882 3705 3949; x_wconf 84' lang='lat' dir='ltr'><strong>sempiternam</strong></span> <span class='ocrx_word' id='word_1_717' title='bbox 3734 3895 3798 3932; x_wconf 82' lang='lat' dir='ltr'><strong>sa-</strong></span> 
     </span>
    </p>
   </div>
   <div class='ocr_carea' id='block_1_102' title="bbox 2295 3966 2474 4019">
    <p class='ocr_par' dir='ltr' id='par_1_102' title="bbox 2295 3966 2474 4019">
     <span class='ocr_line' id='line_1_102' title="bbox 2295 3966 2474 4019; baseline -0.011 0"><span class='ocrx_word' id='word_1_718' title='bbox 2295 3966 2474 4019; x_wconf 85' lang='lat' dir='ltr'><strong>lutem.</strong></span> 
     </span>
    </p>
   </div>
   <div class='ocr_carea' id='block_1_103' title="bbox 2362 4051 3797 4123">
    <p class='ocr_par' dir='ltr' id='par_1_103' title="bbox 2362 4051 3797 4123">
     <span class='ocr_line' id='line_1_103' title="bbox 2362 4051 3797 4123; baseline 0.001 -16"><span class='ocrx_word' id='word_1_719' title='bbox 2362 4052 2694 4123; x_wconf 86' lang='lat' dir='ltr'><strong>Cognoscere</strong></span> <span class='ocrx_word' id='word_1_720' title='bbox 2733 4051 2978 4121; x_wconf 82' lang='lat' dir='ltr'><strong>dignetur</strong></span> <span class='ocrx_word' id='word_1_721' title='bbox 3018 4053 3297 4121; x_wconf 87' lang='lat' dir='ltr'><strong>prudentia</strong></span> <span class='ocrx_word' id='word_1_722' title='bbox 3334 4054 3590 4115; x_wconf 79' lang='lat' dir='ltr'><strong>altuitatis</strong></span> <span class='ocrx_word' id='word_1_723' title='bbox 3617 4064 3704 4108; x_wconf 77' lang='lat' dir='ltr'><strong>tua:</strong></span> <span class='ocrx_word' id='word_1_724' title='bbox 3727 4068 3797 4104; x_wconf 76' lang='lat' dir='ltr'><strong>nos</strong></span> 
     </span>
    </p>
   </div>
   <div class='ocr_carea' id='block_1_104' title="bbox 2288 4138 3795 4211">
    <p class='ocr_par' dir='ltr' id='par_1_104' title="bbox 2288 4138 3795 4211">
     <span class='ocr_line' id='line_1_104' title="bbox 2288 4138 3795 4211; baseline 0 -18"><span class='ocrx_word' id='word_1_725' title='bbox 2288 4139 2440 4207; x_wconf 80' lang='lat' dir='ltr'><strong>juxta</strong></span> <span class='ocrx_word' id='word_1_726' title='bbox 2465 4142 2657 4211; x_wconf 81' lang='lat' dir='ltr'><strong>donum</strong></span> <span class='ocrx_word' id='word_1_727' title='bbox 2687 4140 2933 4193; x_wconf 87' lang='lat' dir='ltr'><strong>donantis</strong></span> <span class='ocrx_word' id='word_1_728' title='bbox 2970 4138 3062 4193; x_wconf 86' lang='lat' dir='ltr'><strong>Dei</strong></span> <span class='ocrx_word' id='word_1_729' title='bbox 3109 4142 3310 4194; x_wconf 78' lang='lat' dir='ltr'><strong>viribus</strong></span> <span class='ocrx_word' id='word_1_730' title='bbox 3340 4142 3579 4211; x_wconf 82' lang='lat' dir='ltr'><strong>corporis</strong></span> <span class='ocrx_word' id='word_1_731' title='bbox 3604 4142 3795 4210; x_wconf 83' lang='lat' dir='ltr'><strong>aliquan-</strong></span> 
     </span>
    </p>
   </div>
   <div class='ocr_carea' id='block_1_105' title="bbox 2298 4208 3794 4297">
    <p class='ocr_par' dir='ltr' id='par_1_105' title="bbox 2298 4208 3794 4297">
     <span class='ocr_line' id='line_1_105' title="bbox 2298 4208 3794 4297; baseline -0.001 -16"><span class='ocrx_word' id='word_1_732' title='bbox 2298 4229 2461 4297; x_wconf 84' lang='lat' dir='ltr'><strong>tisper</strong></span> <span class='ocrx_word' id='word_1_733' title='bbox 2495 4208 2779 4297; x_wconf 62' lang='lat' dir='ltr'><strong>praevalere</strong></span> <span class='ocrx_word' id='word_1_734' title='bbox 2803 4244 2816 4291; x_wconf 92' lang='lat'><strong>;</strong></span> <span class='ocrx_word' id='word_1_735' title='bbox 2858 4235 2912 4282; x_wconf 91' lang='lat' dir='ltr'><strong>et</strong></span> <span class='ocrx_word' id='word_1_736' title='bbox 2940 4229 3227 4283; x_wconf 86' lang='lat' dir='ltr'><strong>secundum</strong></span> <span class='ocrx_word' id='word_1_737' title='bbox 3256 4208 3492 4297; x_wconf 49' lang='lat' dir='ltr'><strong>quod,—si</strong></span> <span class='ocrx_word' id='word_1_738' title='bbox 3523 4208 3705 4285; x_wconf 80' lang='lat' dir='ltr'><strong>incerta</strong></span> <span class='ocrx_word' id='word_1_739' title='bbox 3732 4244 3794 4280; x_wconf 80' lang='lat' dir='ltr'><strong>sa-</strong></span> 
     </span>
    </p>
   </div>
   <div class='ocr_carea' id='block_1_106' title="bbox 2295 4314 3791 4387">
    <p class='ocr_par' dir='ltr' id='par_1_106' title="bbox 2295 4314 3791 4387">
     <span class='ocr_line' id='line_1_106' title="bbox 2295 4314 3791 4387; baseline -0.001 -19"><span class='ocrx_word' id='word_1_740' title='bbox 2295 4318 2375 4373; x_wconf 86' lang='lat' dir='ltr'><strong>lu$</strong></span> <span class='ocrx_word' id='word_1_741' title='bbox 2418 4326 2633 4386; x_wconf 85' lang='lat' dir='ltr'><strong>propter</strong></span> <span class='ocrx_word' id='word_1_742' title='bbox 2671 4325 2943 4386; x_wconf 85' lang='lat' dir='ltr'><strong>suspectos</strong></span> <span class='ocrx_word' id='word_1_743' title='bbox 2991 4331 3145 4370; x_wconf 88' lang='lat' dir='ltr'><strong>casus</strong></span> <span class='ocrx_word' id='word_1_744' title='bbox 3173 4317 3295 4371; x_wconf 81' lang='lat' dir='ltr'><strong>vita:</strong></span> <span class='ocrx_word' id='word_1_745' title='bbox 3346 4317 3505 4387; x_wconf 88' lang='lat' dir='ltr'><strong>bujus</strong></span> <span class='ocrx_word' id='word_1_746' title='bbox 3547 4316 3704 4379; x_wconf 87' lang='lat' dir='ltr'><strong>habet,</strong></span> <span class='ocrx_word' id='word_1_747' title='bbox 3745 4314 3791 4366; x_wconf 83' lang='lat' dir='ltr'><strong>dc</strong></span> 
     </span>
    </p>
   </div>
   <div class='ocr_carea' id='block_1_107' title="bbox 2297 4406 3792 4477">
    <p class='ocr_par' dir='ltr' id='par_1_107' title="bbox 2297 4406 3792 4477">
     <span class='ocr_line' id='line_1_107' title="bbox 2297 4406 3792 4477; baseline -0.001 -16"><span class='ocrx_word' id='word_1_748' title='bbox 2297 4409 2463 4461; x_wconf 81' lang='lat' dir='ltr'><strong>salute</strong></span> <span class='ocrx_word' id='word_1_749' title='bbox 2500 4416 2679 4462; x_wconf 89' lang='lat' dir='ltr'><strong>nostra</strong></span> <span class='ocrx_word' id='word_1_750' title='bbox 2712 4408 2911 4477; x_wconf 89' lang='lat' dir='ltr'><strong>gratias</strong></span> <span class='ocrx_word' id='word_1_751' title='bbox 2940 4406 3046 4461; x_wconf 84' lang='lat' dir='ltr'><strong>Deo</strong></span> <span class='ocrx_word' id='word_1_752' title='bbox 3081 4406 3291 4462; x_wconf 86' lang='lat' dir='ltr'><strong>debere.</strong></span> <span class='ocrx_word' id='word_1_753' title='bbox 3324 4407 3526 4463; x_wconf 87' lang='lat' dir='ltr'><strong>Deinde</strong></span> <span class='ocrx_word' id='word_1_754' title='bbox 3553 4407 3792 4463; x_wconf 83' lang='lat' dir='ltr'><strong>secundum</strong></span> 
     </span>
    </p>
   </div>
   <div class='ocr_carea' id='block_1_108' title="bbox 2296 4494 3789 4553">
    <p class='ocr_par' dir='ltr' id='par_1_108' title="bbox 2296 4494 3789 4553">
     <span class='ocr_line' id='line_1_108' title="bbox 2296 4494 3789 4553; baseline -0.002 -4"><span class='ocrx_word' id='word_1_755' title='bbox 2296 4499 2437 4553; x_wconf 89' lang='lat' dir='ltr'><strong>vires</strong></span> <span class='ocrx_word' id='word_1_756' title='bbox 2462 4498 2623 4552; x_wconf 82' lang='lat' dir='ltr'><strong>animi</strong></span> <span class='ocrx_word' id='word_1_757' title='bbox 2651 4511 2912 4550; x_wconf 88' lang='lat' dir='ltr'><strong>memores</strong></span> <span class='ocrx_word' id='word_1_758' title='bbox 2938 4510 3033 4549; x_wconf 88' lang='lat' dir='ltr'><strong>uos</strong></span> <span class='ocrx_word' id='word_1_759' title='bbox 3058 4510 3174 4550; x_wconf 86' lang='lat' dir='ltr'><strong>esse</strong></span> <span class='ocrx_word' id='word_1_760' title='bbox 3200 4497 3253 4550; x_wconf 90' lang='lat' dir='ltr'><strong>in</strong></span> <span class='ocrx_word' id='word_1_761' title='bbox 3278 4499 3607 4552; x_wconf 85' lang='lat' dir='ltr'><strong>orationibus</strong></span> <span class='ocrx_word' id='word_1_762' title='bbox 3638 4494 3789 4550; x_wconf 82' lang='lat' dir='ltr'><strong>nostris</strong></span> 
     </span>
    </p>
   </div>
   <div class='ocr_carea' id='block_1_109' title="bbox 2294 4584 3788 4656">
    <p class='ocr_par' dir='ltr' id='par_1_109' title="bbox 2294 4584 3788 4656">
     <span class='ocr_line' id='line_1_109' title="bbox 2294 4584 3788 4656; baseline 0.003 -18"><span class='ocrx_word' id='word_1_763' title='bbox 2294 4600 2390 4654; x_wconf 83' lang='lat' dir='ltr'><strong>pro</strong></span> <span class='ocrx_word' id='word_1_764' title='bbox 2416 4586 2581 4639; x_wconf 85' lang='lat' dir='ltr'><strong>salute</strong></span> <span class='ocrx_word' id='word_1_765' title='bbox 2618 4594 2796 4637; x_wconf 86' lang='lat' dir='ltr'><strong>vestra</strong></span> <span class='ocrx_word' id='word_1_766' title='bbox 2834 4584 3114 4653; x_wconf 87' lang='lat' dir='ltr'><strong>temporali</strong></span> <span class='ocrx_word' id='word_1_767' title='bbox 3138 4594 3191 4639; x_wconf 90' lang='lat' dir='ltr'><strong>et</strong></span> <span class='ocrx_word' id='word_1_768' title='bbox 3215 4593 3434 4647; x_wconf 63' lang='lat' dir='ltr'><strong>eterna.</strong></span> <span class='ocrx_word' id='word_1_769' title='bbox 3472 4587 3576 4641; x_wconf 76' lang='lat' dir='ltr'><strong>Vos</strong></span> <span class='ocrx_word' id='word_1_770' title='bbox 3605 4597 3788 4656; x_wconf 69' lang='lat' dir='ltr'><strong>quoque.</strong></span> 
     </span>
    </p>
   </div>
   <div class='ocr_carea' id='block_1_110' title="bbox 2295 4671 3788 4741">
    <p class='ocr_par' dir='ltr' id='par_1_110' title="bbox 2295 4671 3788 4741">
     <span class='ocr_line' id='line_1_110' title="bbox 2295 4671 3788 4741; baseline 0.003 -16"><span class='ocrx_word' id='word_1_771' title='bbox 2295 4674 2340 4725; x_wconf 92' lang='lat' dir='ltr'><strong>si</strong></span> <span class='ocrx_word' id='word_1_772' title='bbox 2369 4675 2499 4727; x_wconf 74' lang='lat' dir='ltr'><strong>bene</strong></span> <span class='ocrx_word' id='word_1_773' title='bbox 2530 4673 2736 4735; x_wconf 83' lang='lat' dir='ltr'><strong>valetis,</strong></span> <span class='ocrx_word' id='word_1_774' title='bbox 2770 4682 2823 4726; x_wconf 88' lang='lat' dir='ltr'><strong>et</strong></span> <span class='ocrx_word' id='word_1_775' title='bbox 2856 4674 2906 4726; x_wconf 91' lang='lat' dir='ltr'><strong>in</strong></span> <span class='ocrx_word' id='word_1_776' title='bbox 2932 4674 3260 4728; x_wconf 87' lang='lat' dir='ltr'><strong>orationibus</strong></span> <span class='ocrx_word' id='word_1_777' title='bbox 3284 4676 3500 4737; x_wconf 87' lang='lat' dir='ltr'><strong>vestris,</strong></span> <span class='ocrx_word' id='word_1_778' title='bbox 3525 4673 3664 4741; x_wconf 77' lang='lat' dir='ltr'><strong>juxta</strong></span> <span class='ocrx_word' id='word_1_779' title='bbox 3684 4671 3788 4740; x_wconf 80' lang='lat' dir='ltr'><strong>quod</strong></span> 
     </span>
    </p>
   </div>
   <div class='ocr_carea' id='block_1_111' title="bbox 2296 4763 3788 4826">
    <p class='ocr_par' dir='ltr' id='par_1_111' title="bbox 2296 4763 3788 4826">
     <span class='ocr_line' id='line_1_111' title="bbox 2296 4763 3788 4826; baseline 0 -10"><span class='ocrx_word' id='word_1_780' title='bbox 2296 4764 2359 4816; x_wconf 84' lang='lat' dir='ltr'><strong>de</strong></span> <span class='ocrx_word' id='word_1_781' title='bbox 2398 4763 2917 4826; x_wconf 55' lang='lat' dir='ltr'><strong>\‘obisw&#39;utidimus,</strong></span> <span class='ocrx_word' id='word_1_782' title='bbox 2948 4777 3209 4816; x_wconf 89' lang='lat' dir='ltr'><strong>memores</strong></span> <span class='ocrx_word' id='word_1_783' title='bbox 3234 4763 3400 4815; x_wconf 83' lang='lat' dir='ltr'><strong>nostri</strong></span> <span class='ocrx_word' id='word_1_784' title='bbox 3426 4764 3585 4825; x_wconf 86' lang='lat' dir='ltr'><strong>estis,</strong></span> <span class='ocrx_word' id='word_1_785' title='bbox 3612 4763 3788 4816; x_wconf 73' lang='lat' dir='ltr'><strong>immen-</strong></span> 
     </span>
    </p>
   </div>
   <div class='ocr_carea' id='block_1_112' title="bbox 2298 4847 3785 4920">
    <p class='ocr_par' dir='ltr' id='par_1_112' title="bbox 2298 4847 3785 4920">
     <span class='ocr_line' id='line_1_112' title="bbox 2298 4847 3785 4920; baseline -0.001 -15"><span class='ocrx_word' id='word_1_786' title='bbox 2298 4867 2383 4905; x_wconf 78' lang='lat' dir='ltr'><strong>Sas</strong></span> <span class='ocrx_word' id='word_1_787' title='bbox 2414 4854 2519 4905; x_wconf 81' lang='lat' dir='ltr'><strong>Deo</strong></span> <span class='ocrx_word' id='word_1_788' title='bbox 2543 4852 2819 4907; x_wconf 72' lang='lat' dir='ltr'><strong>referimus</strong></span> <span class='ocrx_word' id='word_1_789' title='bbox 2849 4852 3069 4920; x_wconf 80' lang='lat' dir='ltr'><strong>gratias,</strong></span> <span class='ocrx_word' id='word_1_790' title='bbox 3109 4866 3173 4905; x_wconf 91' lang='lat' dir='ltr'><strong>eo</strong></span> <span class='ocrx_word' id='word_1_791' title='bbox 3198 4852 3336 4920; x_wconf 91' lang='lat' dir='ltr'><strong>quod</strong></span> <span class='ocrx_word' id='word_1_792' title='bbox 3373 4854 3651 4908; x_wconf 84' lang='lat' dir='ltr'><strong>secundum</strong></span> <span class='ocrx_word' id='word_1_793' title='bbox 3681 4847 3785 4920; x_wconf 70' lang='lat' dir='ltr'><strong>quod</strong></span> 
     </span>
    </p>
   </div>
   <div class='ocr_carea' id='block_1_113' title="bbox 2298 4938 3783 5011">
    <p class='ocr_par' dir='ltr' id='par_1_113' title="bbox 2298 4938 3783 5011">
     <span class='ocr_line' id='line_1_113' title="bbox 2298 4938 3783 5011; baseline 0 -18"><span class='ocrx_word' id='word_1_794' title='bbox 2298 4940 2654 4995; x_wconf 69' lang='lat' dir='ltr'><strong>desideramus</strong></span> <span class='ocrx_word' id='word_1_795' title='bbox 2684 4954 2801 4993; x_wconf 71' lang='lat' dir='ltr'><strong>esse</strong></span> <span class='ocrx_word' id='word_1_796' title='bbox 2832 4954 2923 4997; x_wconf 81' lang='lat' dir='ltr'><strong>vos</strong></span> <span class='ocrx_word' id='word_1_797' title='bbox 2960 4946 3186 4995; x_wconf 85' lang='lat' dir='ltr'><strong>constat.</strong></span> <span class='ocrx_word' id='word_1_798' title='bbox 3224 4938 3354 4995; x_wconf 84' lang='lat' dir='ltr'><strong>Novi</strong></span> <span class='ocrx_word' id='word_1_799' title='bbox 3388 4951 3567 4996; x_wconf 85' lang='lat' dir='ltr'><strong>autem</strong></span> <span class='ocrx_word' id='word_1_800' title='bbox 3598 4941 3783 5011; x_wconf 67' lang='lat' dir='ltr'><strong>animum</strong></span> 
     </span>
    </p>
   </div>
   <div class='ocr_carea' id='block_1_114' title="bbox 2299 5028 3784 5099">
    <p class='ocr_par' dir='ltr' id='par_1_114' title="bbox 2299 5028 3784 5099">
     <span class='ocr_line' id='line_1_114' title="bbox 2299 5028 3784 5099; baseline 0.007 -23"><span class='ocrx_word' id='word_1_801' title='bbox 2299 5036 2531 5079; x_wconf 72' lang='lat' dir='ltr'><strong>vestrum</strong></span> <span class='ocrx_word' id='word_1_802' title='bbox 2578 5040 2744 5094; x_wconf 86' lang='lat' dir='ltr'><strong>nuper</strong></span> <span class='ocrx_word' id='word_1_803' title='bbox 2787 5028 3085 5081; x_wconf 75' lang='lat' dir='ltr'><strong>vehementi</strong></span> <span class='ocrx_word' id='word_1_804' title='bbox 3132 5029 3312 5083; x_wconf 72' lang='lat' dir='ltr'><strong>dolore</strong></span> <span class='ocrx_word' id='word_1_805' title='bbox 3357 5031 3669 5099; x_wconf 82' lang='lat' dir='ltr'><strong>perculsum,</strong></span> <span class='ocrx_word' id='word_1_806' title='bbox 3696 5034 3784 5098; x_wconf 75' lang='grc' dir='ltr'><strong>ροει</strong></span> 
     </span>
    </p>
   </div>
   <div class='ocr_carea' id='block_1_115' title="bbox 2298 5116 3781 5191">
    <p class='ocr_par' dir='ltr' id='par_1_115' title="bbox 2298 5116 3781 5191">
     <span class='ocr_line' id='line_1_115' title="bbox 2298 5116 3781 5191; baseline 0.007 -24"><span class='ocrx_word' id='word_1_807' title='bbox 2298 5126 2521 5169; x_wconf 82' lang='lat' dir='ltr'><strong>mortem</strong></span> <span class='ocrx_word' id='word_1_808' title='bbox 2562 5116 2675 5177; x_wconf 80' lang='lat' dir='ltr'><strong>filii,</strong></span> <span class='ocrx_word' id='word_1_809' title='bbox 2708 5126 2891 5185; x_wconf 88' lang='lat' dir='ltr'><strong>postea</strong></span> <span class='ocrx_word' id='word_1_810' title='bbox 2924 5118 3131 5191; x_wconf 70' lang='lat' dir='ltr'><strong>fratris.</strong></span> <span class='ocrx_word' id='word_1_811' title='bbox 3176 5118 3243 5173; x_wconf 84' lang='lat' dir='ltr'><strong>Et</strong></span> <span class='ocrx_word' id='word_1_812' title='bbox 3277 5119 3463 5189; x_wconf 80' lang='lat' dir='ltr'><strong>utique</strong></span> <span class='ocrx_word' id='word_1_813' title='bbox 3500 5120 3624 5177; x_wconf 75' lang='lat' dir='ltr'><strong>tanti</strong></span> <span class='ocrx_word' id='word_1_814' title='bbox 3651 5116 3781 5185; x_wconf 61' lang='lat' dir='ltr'><strong>etiam</strong></span> 
     </span>
    </p>
   </div>
   <div class='ocr_carea' id='block_1_116' title="bbox 2298 5203 3783 5280">
    <p class='ocr_par' dir='ltr' id='par_1_116' title="bbox 2298 5203 3783 5280">
     <span class='ocr_line' id='line_1_116' title="bbox 2298 5203 3783 5280; baseline 0.007 -26"><span class='ocrx_word' id='word_1_815' title='bbox 2298 5204 2520 5270; x_wconf 84' lang='lat' dir='ltr'><strong>privatio</strong></span> <span class='ocrx_word' id='word_1_816' title='bbox 2572 5205 2714 5258; x_wconf 86' lang='lat' dir='ltr'><strong>nullo</strong></span> <span class='ocrx_word' id='word_1_817' title='bbox 2764 5206 2919 5260; x_wconf 89' lang='lat' dir='ltr'><strong>modo</strong></span> <span class='ocrx_word' id='word_1_818' title='bbox 2967 5221 3064 5261; x_wconf 91' lang='lat' dir='ltr'><strong>nos</strong></span> <span class='ocrx_word' id='word_1_819' title='bbox 3111 5216 3285 5274; x_wconf 84' lang='lat' dir='ltr'><strong>p0test</strong></span> <span class='ocrx_word' id='word_1_820' title='bbox 3315 5209 3613 5280; x_wconf 68' lang='lat' dir='ltr'><strong>sinagravi</strong></span> <span class='ocrx_word' id='word_1_821' title='bbox 3646 5203 3783 5263; x_wconf 72' lang='lat' dir='ltr'><strong>dolore</strong></span> 
     </span>
    </p>
   </div>
   <div class='ocr_carea' id='block_1_117' title="bbox 2300 5290 3778 5365">
    <p class='ocr_par' dir='ltr' id='par_1_117' title="bbox 2300 5290 3778 5365">
     <span class='ocr_line' id='line_1_117' title="bbox 2300 5290 3778 5365; baseline 0.007 -23"><span class='ocrx_word' id='word_1_822' title='bbox 2300 5290 2464 5355; x_wconf 81' lang='lat' dir='ltr'><strong>allici;</strong></span> <span class='ocrx_word' id='word_1_823' title='bbox 2513 5294 2760 5359; x_wconf 91' lang='lat' dir='ltr'><strong>quoniam</strong></span> <span class='ocrx_word' id='word_1_824' title='bbox 2808 5294 2873 5348; x_wconf 90' lang='lat' dir='ltr'><strong>de</strong></span> <span class='ocrx_word' id='word_1_825' title='bbox 2918 5310 3139 5361; x_wconf 87' lang='lat' dir='ltr'><strong>quorum</strong></span> <span class='ocrx_word' id='word_1_826' title='bbox 3169 5296 3279 5349; x_wconf 89' lang='lat' dir='ltr'><strong>vita</strong></span> <span class='ocrx_word' id='word_1_827' title='bbox 3309 5299 3613 5365; x_wconf 82' lang='lat' dir='ltr'><strong>gaudemus,</strong></span> <span class='ocrx_word' id='word_1_828' title='bbox 3641 5304 3778 5351; x_wconf 38' lang='lat' dir='ltr'><strong>conn;</strong></span> 
     </span>
    </p>
   </div>
   <div class='ocr_carea' id='block_1_118' title="bbox 2297 5379 3779 5450">
    <p class='ocr_par' dir='ltr' id='par_1_118' title="bbox 2297 5379 3779 5450">
     <span class='ocr_line' id='line_1_118' title="bbox 2297 5379 3779 5450; baseline 0.005 -15"><span class='ocrx_word' id='word_1_829' title='bbox 2297 5394 2519 5450; x_wconf 87' lang='lat' dir='ltr'><strong>quenter</strong></span> <span class='ocrx_word' id='word_1_830' title='bbox 2548 5385 2611 5437; x_wconf 87' lang='lat' dir='ltr'><strong>de</strong></span> <span class='ocrx_word' id='word_1_831' title='bbox 2638 5400 2821 5437; x_wconf 89' lang='lat' dir='ltr'><strong>eorum</strong></span> <span class='ocrx_word' id='word_1_832' title='bbox 2851 5394 3020 5442; x_wconf 87' lang='lat' dir='ltr'><strong>morte</strong></span> <span class='ocrx_word' id='word_1_833' title='bbox 3058 5385 3329 5449; x_wconf 78' lang='lat' dir='ltr'><strong>dolemus;</strong></span> <span class='ocrx_word' id='word_1_834' title='bbox 3368 5397 3423 5441; x_wconf 87' lang='lat' dir='ltr'><strong>et</strong></span> <span class='ocrx_word' id='word_1_835' title='bbox 3459 5395 3600 5444; x_wconf 83' lang='lat' dir='ltr'><strong>lauto</strong></span> <span class='ocrx_word' id='word_1_836' title='bbox 3627 5379 3779 5447; x_wconf 68' lang='lat' dir='ltr'><strong>maio&quot;</strong></span> 
     </span>
    </p>
   </div>
   <div class='ocr_carea' id='block_1_119' title="bbox 2302 5474 3774 5547">
    <p class='ocr_par' dir='ltr' id='par_1_119' title="bbox 2302 5474 3774 5547">
     <span class='ocr_line' id='line_1_119' title="bbox 2302 5474 3774 5547; baseline 0.004 -23"><span class='ocrx_word' id='word_1_837' title='bbox 2302 5474 2513 5527; x_wconf 81' lang='lat' dir='ltr'><strong>tristitia</strong></span> <span class='ocrx_word' id='word_1_838' title='bbox 2562 5490 2653 5529; x_wconf 88' lang='lat' dir='ltr'><strong>cor</strong></span> <span class='ocrx_word' id='word_1_839' title='bbox 2705 5484 2945 5529; x_wconf 87' lang='lat' dir='ltr'><strong>nostrum</strong></span> <span class='ocrx_word' id='word_1_840' title='bbox 2998 5476 3192 5544; x_wconf 89' lang='lat' dir='ltr'><strong>premit</strong></span> <span class='ocrx_word' id='word_1_841' title='bbox 3239 5476 3596 5547; x_wconf 83' lang='lat' dir='ltr'><strong>cujuscunque</strong></span> <span class='ocrx_word' id='word_1_842' title='bbox 3643 5482 3774 5530; x_wconf 63' lang='lat' dir='ltr'><strong>mersi</strong></span> 
     </span>
    </p>
   </div>
  </div>
