3922 6222
240 414 341 467 833

1203 414 1604 472 AMALANUS.
1636 445 1702 485 τ-
1728 414 1997 483 NOTITIA
2034 412 2417 469 HISTORICA-

3253 408 3351 462 886

240 527 436 588 quanto
461 517 658 587 majore
692 519 870 575 betitia
906 519 1211 574 sublevabat
1232 520 1357 573 vita.
1397 519 1574 588 Neque
1601 522 1739 574 enim
1768 527 1810 582 Α
1841 520 1923 573 alii
1952 534 2069 573 mox
2102 520 2150 571 in
2184 520 2319 572 hanc
2344 518 2513 571 lucem
2534 514 2713 579 effusi;
2741 522 2793 569 et
2818 515 3061 582 deinceps
3085 529 3186 568 non
3207 515 3351 568 inve-

237 604 354 668 jura
395 611 593 657 natura:
626 606 830 672 penitus
865 608 1194 677 exstinguere
1232 623 1523 676 possumus,
1561 625 1627 662 ne
1660 611 1751 663 do-

241 691 472 753 leamus;
505 690 595 743 sed
619 690 832 762 forsitan
853 695 1067 747 consilio
1091 696 1304 748 meliore
1331 696 1512 761 lenire,
1534 706 1601 754 .ut
1628 697 1753 750 tole-

241 776 454 841 remus;
488 792 552 831 ne
595 776 730 831 forte
775 781 1043 850 contingat
1071 790 1126 834 ut
1164 782 1286 837 dum
1324 785 1515 838 amoris
1557 798 1750 851 sequax

240 864 448 915 animus
468 879 566 932 pro
593 866 829 931 proximo
857 867 997 920 dolet
1025 877 1079 920 ut
1106 870 1341 932 blandus,
1382 869 1591 936 judiciis
1626 873 1755 924 divi-

240 950 324 1001 nis
358 949 607 1013 eﬁiciatnr
634 951 881 1006 infensus.
923 954 1079 1007 Multa
1117 958 1253 1008 enim
1291 956 1603 1011 discretione
1625 973 1755 1027 Opus

241 1045 342 1097 est,
368 1043 424 1087 ut
454 1037 505 1088 in
532 1036 823 1103 hujusmodi
850 1040 1047 1095 damnis
1071 1042 1208 1109 inter
1239 1043 1401 1095 Deum
1432 1042 1753 1109 judicantem

241 1134 294 1175 et
332 1124 624 1190 proximum
666 1126 969 1180 morientem
991 1131 1247 1195 :equitatis
1274 1140 1505 1185 tenorem
1541 1147 1642 1186 non
1676 1148 1757 1185 re.

242 1212 570 1277 linquamus;
601 1222 856 1280 quatenus
881 1224 933 1267 et
952 1216 1412 1285 justissimojudici
1440 1219 1625 1287 ingrati
1653 1235 1753 1271 non

242 1300 549 1359 cxistamus,
572 1307 625 1351 et
646 1309 850 1352 mortuo
872 1303 1105 1367 proximo
1132 1306 1504 1371 compassionis
1525 1305 1755 1357 dolorem

239 1385 389 1452 juxta
436 1400 733 1439 mensuram
781 1389 1137 1442 exhibeamus.
1180 1392 1505 1444 Audiendum
1546 1393 1755 1445 omnino

244 1483 325 1525 est
351 1474 621 1527 consilium
645 1474 785 1527 beati
805 1476 949 1529 Pauli
978 1479 1194 1545 apostoli
1225 1480 1478 1531 dicentis:
1502 1480 1636 1543 Nolo
1666 1498 1757 1532 au-

244 1572 341 1611 tem
380 1579 462 1614 vos
498 1562 679 1628 fratres
721 1566 1007 1617 contristari
1043 1567 1104 1618 de
1146 1568 1523 1632 dormientibus,
1569 1571 1619 1622 id
1657 1581 1752 1633 est,

247 1649 588 1701 morientibus
612 1688 625 1710 ,
681 1652 809 1701 sicut
846 1661 891 1703 et
921 1655 1085 1705 caueri
1134 1656 1219 1722 qui
1262 1672 1396 1723 spem
1440 1673 1539 1709 non
1579 1658 1756 1710 habent

248 1737 643 1788 resurrectionis.
692 1736 845 1789 Aliud
884 1748 962 1791 est
1000 1741 1136 1793 enim
1181 1742 1437 1798 inﬁdelem
1484 1745 1758 1797 inﬁdeliter

248 1821 369 1871 ﬁere
399 1831 672 1883 mortuum,
716 1825 860 1889 quasi
894 1840 955 1877 ex
1003 1835 1111 1879 toto
1149 1829 1427 1895 perditum,
1465 1846 1616 1897 quem
1655 1846 1755 1883 non
1787 1845 1827 1902 Β

247 1916 425 1973 speret
474 1923 588 1961 esse
638 1909 926 1973 victurum;
978 1912 1117 1964 aliud
1166 1920 1245 1966 est
1294 1913 1495 1969 ﬁdelem
1539 1915 1758 1967 ﬁdeliter

248 2001 509 2047 mortuum
539 1995 747 2049 interim
772 1998 1067 2060 condolere,
1106 2014 1260 2067 quem
1274 2007 1391 2054 ‘non
1419 2002 1618 2055 dubitat
1645 2018 1758 2056 esse

250 2089 687 2134 resurrecturum.
728 2083 793 2135 Et
826 2099 1153 2151 quanquam,
1200 2094 1257 2138 ut
1295 2087 1535 2155 superius
1566 2092 1758 2143 «ictum

249 2176 356 2227 est,
408 2169 521 2220 ﬁeri
567 2184 669 2222 non
711 2173 875 2237 possit
918 2182 973 2225 ut
1018 2173 1129 2240 ejus
1167 2175 1315 2231 nobis
1348 2182 1461 2231 ‘non
1505 2178 1574 2243 sit
1620 2194 1761 2232 mors

248 2268 452 2315 amara,
494 2255 638 2321 cujus
664 2257 826 2311 dulcis
850 2267 929 2311 est
953 2260 1083 2325 vita,
1126 2269 1179 2314 et
1216 2262 1336 2314 hinc
1363 2263 1431 2315 sit
1456 2263 1625 2317 luctus
1668 2267 1761 2317 hu-

251 2345 393 2394 mani
425 2352 476 2396 et
511 2344 773 2399 aliectuosi
817 2349 1007 2410 cordis,
1052 2351 1197 2415 quasi
1234 2351 1438 2414 vulnus,
1472 2359 1558 2405 aut
1585 2353 1759 2417 ulcus;

250 2441 396 2486 recte
424 2440 591 2485 tamen
630 2435 749 2487 huic
785 2438 1014 2491 sanando
1038 2438 1348 2492 adhibentur
1376 2441 1618 2494 oﬁiciosaa
1641 2456 1763 2493 con-

252 2518 536 2573 solationes
560 2538 570 2570 :
595 2530 677 2573 est
724 2524 862 2575 enim
907 2524 1045 2591 quod
1093 2534 1341 2587 sanetur:
1374 2536 1427 2580 et
1461 2537 1654 2594 quanto
1684 2538 1765 2581 est

253 2609 546 2660 animorum
574 2610 774 2672 melior,
805 2618 949 2664 tanto
986 2612 1038 2664 in
1078 2628 1139 2667 eo
1178 2614 1329 2667 citius
1356 2614 1656 2683 faciliusque
1685 2633 1767 2669 sa-

254 2706 432 2751 netur.
464 2697 589 2750 Cum
613 2699 767 2774 igitur
794 2700 857 2753 de
886 2701 1309 2758 cbarissimorum
1346 2706 1615 2767 mortibus,
1652 2721 1765 2757 ma-

253 2786 396 2839 xime
424 2800 637 2851 quorum
668 2795 787 2839 sunt
819 2789 1055 2853 humanae
1082 2790 1317 2842 societati
1340 2789 1505 2843 oﬁicia
1532 2805 1768 2844 necessa~

254 2871 355 2933 ria,
379 2886 522 2923 nunc
544 2872 739 2935 mitius,
767 2887 903 2926 nunc
930 2876 1160 2942 asperius
1195 2876 1454 2944 aiiligatur
1488 2879 1594 2931 vita
1631 2893 1768 2931 mor-

255 2960 473 3024 talium;
506 2969 681 3015 tamen
707 2963 783 3015 eis
807 2978 935 3030 quos
974 2964 1235 3033 diligimus
1265 2967 1454 3034 justius
1489 2976 1765 3037 congratu-

253 3047 451 3111 lamur,
478 3066 595 3103 cum
621 3052 930 3116 moriuntur,
961 3066 1117 3121 quam
1146 3053 1444 3119 toleramus,
1473 3072 1590 3109 cum
1614 3072 1642 3108 a
1668 3055 1767 3109 fide

1849 608 1989 659 nitur
2026 608 2111 673 qui
2160 612 2461 658 numeretur
2493 604 2605 656 dies
2636 610 2724 655 aut
2766 617 2961 665 annus,
3008 603 3060 655 in
3106 616 3207 669 quo
3251 619 3352 655 non

1848 708 1989 747 mors
2032 706 2312 746 occurrens
2356 692 2649 758 intercipiat
2688 691 2847 744 vitam
2893 691 3005 757 ejus
3052 690 3141 757 qui
3188 690 3356 743 adhuc.

1848 781 2022 833 vivere
2054 779 2226 841 vellet,
2257 792 2415 845 seque
2446 778 2619 830 vivere
2654 784 2876 844 putaret.
2906 775 3034 828 Cum
3060 777 3171 829 hazc
3202 776 3356 843 igitur

1849 866 1918 918 ita
1950 866 2073 927 sint,
2114 864 2343 931 diligenti
2378 863 2789 916 consideratione
2824 870 3073 926 mutatur,
3104 862 3358 929 quotidia-

1849 965 1943 1002 nas
1965 949 2071 1001 Deo
2095 948 2340 1000 debemus
2365 957 2537 1014 grates
2564 947 2852 1008 exsolvere,
2891 947 3011 1012 quia
3049 946 3189 999 dedit
3222 948 3356 1012 quod
3436 983 3445 996 .

1849 1037 2089 1098 viximus,
2128 1035 2353 1101 quandiu
2387 1035 2629 1097 viximus,
2669 1049 2772 1087 non
2806 1033 2979 1087 dolere
3003 1034 3064 1086 de
3092 1034 3190 1086 hoc
3222 1034 3360 1101 quod

1851 1122 2119 1181 morimur,
2169 1121 2302 1171 ultra
2344 1119 2479 1186 quod
2522 1124 2785 1186 nunquam
2814 1120 3106 1185 accepimus
3136 1127 3189 1170 ut
3217 1120 3358 1170 vive-

1852 1221 2044 1259 remus.
2078 1206 2224 1269 Quis,
2250 1220 2395 1273 rogo,
2419 1218 2521 1257 non
2555 1206 2807 1258 moritur?
2836 1204 2891 1256 Si
2922 1203 3180 1265 Salvator,
3209 1204 3360 1256 dator

1852 1292 2035 1344 salutis
2072 1299 2125 1344 et
2161 1293 2301 1356 vim,
2332 1300 2567 1343 mortuus
2585 1298 2686 1353 est,
2716 1291 2831 1357 quis
2856 1298 2959 1342 tam
2990 1290 3173 1342 stultus
3198 1298 3278 1342 est
3306 1299 3361 1341 ut

1853 1393 2053 1446 semper
2097 1379 2221 1432 velit
2260 1381 2450 1440 vivere.
2496 1380 2617 1432 dum
2662 1381 2804 1432 novit
2830 1394 2925 1446 pro
2956 1372 3104 1433 nubis
3142 1389 3356 1432 mortem

1854 1468 2120 1536 gustasse?
2161 1468 2277 1521 Vita
2317 1467 2580 1521 nascimur
2621 1467 2862 1536 mquales,
2898 1469 3228 1535 coaequaliter
3252 1485 3359 1522 mo-

1856 1556 2020 1608 rimur
2062 1569 2259 1609 omnes.
2309 1556 2522 1610 Diversa
2572 1566 2654 1610 est
2694 1570 2895 1610 merces
2943 1567 3061 1623 post
3109 1568 3353 1621 mortem,

1856 1658 1995 1696 mors
2036 1652 2203 1696 tamen
2244 1646 2485 1699 omnibus
2521 1662 2642 1699 una.
2685 1647 2955 1702 Ploramus
2994 1660 3047 1701 et
3085 1650 3362 1716 gemimus,

1856 1732 1945 1784 sed
1974 1732 2216 1799 prodesse
2252 1733 2317 1787 ad
2343 1733 2562 1787 invicem
2589 1750 2689 1788 non
2718 1736 2965 1788 valemus.
2995 1736 3187 1790 Luctus
3218 1738 3361 1791 adest

1855 1819 2034 1884 oculis,
2062 1828 2115 1873 et
2134 1822 2302 1874 nullus
2328 1822 2527 1877 fructus
2548 1826 2721 1891 operis
2765 1840 2778 1877 :
2806 1826 2926 1892 quia
2954 1841 3054 1879 non
3087 1828 3361 1891 revelatur,

1858 1923 1972 1960 cum
2000 1908 2304 1977 plangimus.
2338 1909 2506 1963 Surda
2538 1920 2590 1964 et
2615 1912 2743 1963 dura
2768 1921 2843 1965 est
2872 1928 3013 1965 mors
3037 1931 3047 1964 :
3072 1929 3167 1965 nec
3197 1915 3361 1977 audit,

1858 2012 1953 2049 nec
1995 1996 2251 2049 condolet.
2294 1997 2440 2050 Nulla
2488 2008 2714 2066 potestas
2753 2000 2990 2053 auxiliari
3034 2001 3131 2053 sibi
3174 2012 3363 2067 potest.

1857 2086 2068 2154 Figulus
2095 2088 2179 2142 ille
2216 2089 2301 2155 qui
2327 2104 2509 2142 omnes
2539 2091 2600 2143 de
2628 2104 2727 2141 una
2757 2098 2894 2143 terra
2935 2091 3227 2157 plasmavit,
3276 2106 3367 2144 no-

1858 2174 1933 2225 vit
1967 2174 2118 2241 quale
2155 2183 2207 2227 et
2239 2179 2446 2242 quando
2483 2192 2573 2230 vas
2616 2178 2836 2248 frangat.
2867 2179 3069 2233 Nullum
3100 2188 3273 2232 tamen
3298 2179 3369 2231 illi

1857 2264 2020 2331 perit;
2050 2264 2169 2330 quia
2193 2265 2278 2331 qui
2320 2264 2441 2318 fecit
2468 2266 2531 2319 de
2562 2266 2791 2333 pulvere,
2820 2268 2884 2320 de
2916 2270 3126 2336 pulvere
3151 2267 3372 2325 reﬁciet.

1859 2351 1935 2411 Ad
1950 2350 2230 2417 iussionem
2253 2352 2628 2420 Omnipotentis
2650 2369 2799 2408 nemo
2818 2364 2988 2422 potest
3011 2370 3125 2408 csse
3143 2355 3369 2409 rebellis.

1861 2436 1956 2499 Qui
2012 2438 2180 2491 adhuc
2218 2440 2359 2499 vivit,
2408 2442 2701 2493 consideret
2739 2443 2875 2495 unde
2922 2444 3086 2510 possit
3128 2444 3371 2510 prodesse

1863 2531 2084 2577 mortuo.
2139 2523 2267 2587 Quia
2315 2532 2367 2576 et
2407 2525 2493 2591 qui
2541 2518 2902 2591 mortuus‘est,
2939 2543 3041 2581 non
3066 2538 3183 2597 eget
3210 2528 3371 2582 infru-
3415 2542 3426 2551 ‘

1864 2620 2042 2663 ctuoso
2078 2612 2237 2673 luctu,
2278 2613 2369 2665 sed
2405 2612 2668 2666 fructuoso
2706 2614 2964 2682 suﬂ'ragio.
3003 2615 3118 2667 1am
3156 2616 3375 2671 sufﬁciat

1863 2702 2124 2767 praeterita
2162 2703 2347 2753 damna
2383 2702 2631 2768 plorasse.
2672 2704 2861 2755 Demus
2886 2719 3113 2772 operam,
3145 2703 3369 2759 futuram

1865 2790 2012 2843 nobis
2034 2797 2254 2846 mortem
2273 2788 2514 2855 levigare.
2554 2788 2702 2853 Quod
2728 2791 2881 2842 vitari
2911 2805 3012 2844 non
3039 2800 3228 2860 potest,
3266 2806 3371 2847 non

1864 2878 2013 2932 valde
2058 2878 2338 2931 timendum
2379 2886 2477 2932 est.
2524 2879 2596 2932 Ea
2642 2895 2766 2932 vero
2802 2881 3027 2933 timenda
3075 2889 3193 2934 sum
3238 2883 3372 2935 mala

1865 2980 1979 3033 quae
2012 2973 2063 3017 et
2089 2967 2320 3017 viventes
2364 2966 2528 3018 vitare
2570 2981 2841 3034 possumus
2890 2975 2941 3019 et
2989 2976 3107 3035 post
3154 2976 3373 3022 mortem

1867 3061 1987 3105 sunt
2015 3052 2168 3103 mala.
2198 3051 2327 3103 Nam
2358 3066 2514 3114 mors,
2558 3068 2672 3118 quae
2711 3053 2762 3103 in
2801 3067 2856 3105 se
2898 3053 3040 3105 mala
3080 3062 3175 3117 est,
3225 3054 3376 3107 malis

252 3137 336 3189 vel
380 3139 535 3191 bonis
575 3139 805 3192 moribus
841 3140 1099 3191 labuntur.
1150 3140 1278 3205 Quia
1327 3147 1531 3195 tcntatio
1561 3154 1630 3196 cst
1668 3147 1768 3197 vita
1797 3138 1839 3197 C
1869 3150 2140 3210 propterea
2186 3140 2318 3193 mala
2353 3149 2449 3203 est,
2489 3141 2607 3207 quia
2642 3156 2736 3208 per
2763 3156 2877 3194 eam
2904 3141 2968 3193 ad
3000 3140 3177 3207 pejora
3204 3150 3373 3198 trans-

258 3231 485 3283 humana
517 3244 665 3296 super
690 3238 889 3281 terram.
921 3228 1024 3282 Et:
1062 3228 1150 3282 γω
1189 3232 1375 3285 mundo
1403 3233 1463 3285 ab
1493 3234 1763 3286 scandulis.

259 3316 325 3370 Et
348 3331 467 3368 cum
492 3331 629 3371 mors
651 3332 829 3371 eorum
864 3333 959 3371 nos
980 3320 1271 3381 contristat,
1296 3321 1404 3389 ipsa
1429 3321 1617 3374 iterum
1648 3337 1771 3376 con-

258 3404 489 3467 soletur;
537 3404 655 3471 quia
703 3414 980 3458 caruerunt
1014 3408 1183 3472 malis,
1222 3410 1407 3475 quibus
1444 3410 1494 3461 in
1529 3410 1627 3462 hac
1662 3410 1766 3461 vita

258 3495 381 3546 boni
421 3494 656 3546 homines
678 3494 757 3545 vel
784 3503 1136 3558 conteruntur,
1172 3498 1250 3550 vel
1285 3499 1650 3565 depravantur,
1688 3498 1766 3551 vel

260 3580 313 3632 in
348 3589 569 3647 utroque
606 3581 981 3648 periclitantur.
1012 3582 1175 3637 Crede
1208 3586 1349 3651 quia,
1386 3594 1443 3637 ut
1466 3587 1592 3638 mihi
1623 3587 1762 3639 vide-

262 3660 369 3730 tur,
400 3681 466 3719 ex
489 3667 650 3721 altera
688 3678 835 3737 parte
854 3671 993 3724 omni
1030 3673 1267 3727 morienti
1308 3674 1765 3740 congratulandum

262 3763 368 3816 est;
399 3768 467 3807 ne
495 3753 628 3808 forte
651 3756 693 3807 si
722 3757 957 3820 vixisset,
997 3757 1143 3830 pejor
1177 3758 1407 3811 obiisset.
1441 3757 1543 3811 Sed
1569 3760 1687 3826 quia
1716 3759 1764 3812 id

261 3842 563 3897 hominibus
605 3843 810 3897 suaderi
841 3859 942 3897 non
969 3851 1155 3911 potest,
1203 3845 1326 3898 illud
1354 3845 1611 3899 subtiliter
1646 3860 1768 3898 eon-

262 3929 597 3989 siderandum
623 3939 719 3994 est,
757 3932 893 3998 quod
915 3946 1032 3985 cum
1061 3946 1239 4001 omnes
1266 3933 1510 3986 mortales
1536 3940 1587 3985 et
1615 3933 1770 3984 mori-

264 4016 368 4070 turi
407 4030 705 4081 nascamur,
751 4018 835 4071 alii
882 4020 1172 4073 moriuntur
1214 4022 1263 4073 in
1310 4022 1471 4073 uteris
1521 4028 1765 4096 matrum,

1865 3239 1989 3283 eunt
2017 3245 2029 3280 :
2060 3230 2210 3283 bonis
2240 3244 2361 3282 vero
2390 3231 2522 3282 bona
2548 3238 2647 3292 est,
2676 3231 2793 3297 quia
2818 3245 2909 3297 per
2935 3230 3137 3282 eamad
3163 3230 3376 3282 meliora

1869 3326 2157 3371 transeunt.
2201 3316 2362 3371 Nemo
2390 3318 2489 3370 sibi
2517 3318 2661 3379 vivit,
2709 3325 2761 3369 et
2802 3332 2955 3371 nemo
3000 3316 3096 3372 sibi
3136 3319 3373 3371 moritur.

1869 3406 1923 3458 Si
1950 3406 2186 3467 vivimus,
2228 3404 2448 3457 Domino
2484 3404 2741 3457 vivimus:
2770 3406 2813 3457 si
2855 3406 3120 3467 morimur,
3160 3405 3378 3458 Domino

1868 3492 2138 3544 morimur.
2171 3490 2409 3545 Christus
2447 3498 2805 3554 mortuusest,
2836 3496 2887 3543 et
2915 3492 3217 3553 resurrexit,
3245 3498 3381 3543 utet

1868 3588 2192 3634 mortuorum
2239 3586 2293 3633 et
2335 3580 2569 3632 vivorum
2631 3579 2940 3632 dominetur.
2992 3580 3128 3648 Ergo
3178 3580 3377 3648 cogita-

1868 3671 2027 3731 tione,
2062 3669 2344 3735 locutione,
2376 3667 2673 3737 operatione
2699 3681 2759 3720 ea
2788 3668 3101 3728 studeamus,
3141 3680 3234 3734 per
3266 3682 3380 3734 qua:

1866 3755 1939 3808 illi
1960 3755 2275 3823 placeamus,
2300 3754 2446 3821 cujus
2468 3761 2694 3822 potestas
2716 3762 2795 3807 est
2822 3754 2957 3807 male
2980 3755 3208 3805 viventes
3233 3754 3378 3806 dam-

1869 3858 2014 3906 nare,
2046 3850 2099 3896 et
2124 3844 2255 3895 bene
2280 3844 2562 3895 morientes
2596 3841 2917 3911 gloriﬁcare;
2965 3841 3155 3909 quique
3200 3840 3381 3893 tribuit

1866 3918 2005 3982 male
2031 3930 2323 3983 viventibus
2354 3945 2447 3996 per
2470 3929 2881 3983 emendationem
2908 3929 3039 3982 bene
3065 3928 3218 3993 mori,
3248 3942 3378 3980 nun—

1868 4033 2024 4086 quam
2051 4018 2234 4071 tribuit
2257 4020 2387 4073 bene
2413 4020 2751 4072 morientibus
2778 4019 2912 4071 male
2930 4018 3121 4072 vivere.

263 4144 3381 4189 Μ

1463 4263 1625 4306 ANNO
1667 4263 1889 4306 DOMINI
1922 4264 2177 4309 DCCCIV.

1180 4362 2515 4563 AMALARIUS

1320 4636 1759 4693 TREVIRENSIS
1793 4637 2374 4695 ARCHIEPISCOPUS.

914 4832 1332 4909 NOTITIA
1388 4833 1919 4931 HISTOBICA
1971 4832 2074 4907 IN
2134 4826 2743 4907 AMALABIUM.

1322 4961 1410 5022 (Ex
1439 4959 1669 5022 Fabricio,
1685 4960 1906 5009 Biblioth.
1929 4960 2056 5008 med.
2075 4962 2126 5008 et
2146 4957 2225 5007 inf.
2250 4956 2379 5016 Lat.)

1711 5064 1960 5081 Ψ

335 5138 629 5195 Amalarius
648 5137 978 5196 Fortunatus,
997 5137 1279 5189 monachus
1306 5135 1695 5197 Benedictinus,
1725 5143 1777 5186 et
1806 5136 1851 5193 ι)
1876 5135 2200 5200 Anonymum
2251 5128 2612 5200 Melliceusem,
2650 5143 2763 5200 cap:
2810 5128 2868 5200 71
2900 5128 2986 5200 de
3036 5125 3383 5200 Scriptoribus

268 5212 333 5263 ab
369 5222 507 5260 anno
530 5205 721 5259 ChriSIi
758 5204 856 5259 8l0
884 5205 1298 5271 archiepiscopus
1324 5202 1659 5259 Trevirensis.
1691 5203 1775 5270 qui

269 5278 460 5329 missus
507 5290 534 5326 a
563 5272 745 5327 Carolo
774 5272 954 5337 Magno
988 5272 1037 5323 in
1068 5270 1352 5324 Saxoniam
1388 5286 1522 5323 anno
1570 5270 1659 5323 8H
1695 5285 1779 5322 ec-

269 5344 479 5397 clesiam
508 5342 943 5413 liamburgensem
990 5340 1040 5391 in
1090 5340 1336 5413 honorem
1365 5340 1529 5413 beatae
1557 5338 1781 5413 Virginis

268 5410 621 5471 consecravit,
672 5406 892 5462 triennio
943 5415 1058 5475 post
1092 5408 1394 5460 exstinctus.
1417 5406 1633 5475 irVitam,
1658 5406 1779 5475 ejus

269 5478 489 5547 scripsit
502 5477 878 5547 itionstantinns
893 5473 1367 5547 Caetqmiscditam
1396 5474 1605 5547 _i_iom:e_
1621 5473 1747 5523 16ιὲ
1764 5512 1776 5547 ε

270 5541 456 5612 inqui
482 5546 665 5597 librum
694 5546 757 5596 de
801 5544 987 5595 divinis
1029 5542 1222 5596 Oﬁiciis
1251 5557 1350 5612 non
1396 5541 1641 5612 Metensi,
1690 5542 1777 5592 sed

271 5610 680 5667 littic‘Amalai'io
727 5612 1050 5665 lrilmcndum
1090 5611 1367 5669 contendit,
1402 5610 1535 5672 quod
1597 5616 1780 5675 praeter

1875 5195 2254 5255 ecclesiasticis.
2286 5198 2473 5249 diserte
2521 5198 2676 5248 etiam
2714 5195 2853 5248 'facit
2884 5195 3166 5249 Albericus’
3200 5211 3382 5250 mona-

1876 5270 2004 5320 chus
2033 5267 2206 5317 Trium
2235 5266 2470 5317 Fontium
2517 5265 2566 5315 in
2605 5264 2859 5316 Chronico
2908 5262 2979 5315 ad
3006 5279 3193 5316 annum
3248 5263 3344 5317 810
3365 5302 3380 5326 ,

1876 5351 2004 5401 page
2038 5335 2167 5385 155s:
2208 5353 2224 5381 ί
2263 5333 2449 5384 Wasco
2495 5332 2652 5383 abbas
2685 5332 2966 5401 Mediolaci
2989 5330 3083 5401 fuit
3132 5331 3387 5401 archiepi-

1877 5397 2062 5469 scopus
2087 5401 2437 5469 Treverensis,
2456 5406 2517 5469 et
2543 5405 2657 5466 post
2684 5397 3118 5469 cumAmalarius
3135 5398 3387 5469 Fortuna-

1882 5465 2266 5522 tus'cardinalis
2288 5506 2306 5532 ,
2344 5468 2430 5534 qui
2456 5465 2642 5517 librum
2674 5465 2967 5534 Olliciorum
3014 5466 3385 5534 ecclesiastico-

1882 5554 1993 5588 rum
2022 5538 2324 5602 composuit.
2359 5532 2458 5587 Sed
2491 5533 2605 5585 libri
2644 5535 2707 5585 de
2743 5532 2933 5602 Oﬁiciis
2960 5534 3023 5602 ad
3074 5533 3383 5585 Ludovicum

1881 5606 2023 5657 Pium
2040 5601 2483 5673 gloriosissimum,
2498 5608 2554 5651 ut
2568 5616 2683 5653 cum
2700 5601 2987 5670 compellat,
3002 5601 3382 5670 imperatorem,
