3922 6222
547 359 639 414 891

1520 367 1833 419 AMMAIUI
1873 367 2311 422 TREVIRENSIS
2346 371 2751 427 ARCHIEPISC.

3575 385 3701 436 ω.

545 467 842 534 ρι’ωευηιριὶ
866 469 1038 534 operis
1065 469 1330 536 indagare,
1352 471 1441 526 sed
1470 482 1525 523 ut
1553 481 1813 541 tangerem
1845 490 1958 526 meo
1982 475 2057 526 in-
2086 477 2130 533 Α
2156 479 2463 541 sequestrati
2487 495 2684 543 sumus,
2712 482 2882 550 aliqua
2908 474 3168 553 inquirere
3189 491 3250 542 de
3274 491 3684 549 Nocturnalibus

544 561 695 619 cepto
730 560 872 606 utros
909 552 1107 624 [Forte,
1133 557 1292 626 viros]
1325 557 1623 620 industrios,
1674 563 1759 627 qui
1814 560 2056 614 facillime

542 647 753 705 possent
797 641 872 692 rei
913 641 1178 696 veritatem
1206 642 1486 697 dilueidare
1532 645 1671 710 ejus,
1710 661 1864 712 quam
1902 649 2056 700 vehe-

544 735 744 780 menter
771 727 1146 781 desiderabam.
1175 729 1179 732 ’

609 812 832 884 Scripsi,
874 828 931 870 ut
972 821 1166 882 nostis,
1209 821 1346 887 quod
1377 821 1492 875 illos
1527 824 1816 877 arbitrabar
1863 825 2054 879 imitari

541 905 628 971 qui
671 907 720 956 in
751 907 908 958 choro
935 915 1072 979 stant
1116 916 1168 960 et
1208 917 1420 961 cantant
1465 911 1689 963 intrante
1724 912 1964 980 episcopo
2001 915 2052 965 in

539 993 832 1054 ecclesiam,
859 1003 914 1045 ut
939 981 1115 1062 postea
1146 996 1379 1062 sequenti
1404 1010 1557 1063 opere
1596 998 2050 1060 demonstrabitur,

536 1095 649 1148 quat
677 1076 977 1132 conscientia
1017 1081 1211 1150 [Forte,
1257 1084 1635 1152 consentientia]
1676 1094 1800 1136 esset
1827 1085 1922 1154 [in]
1953 1097 2053 1138 toto

537 1175 704 1227 nostro
734 1166 921 1231 ofﬁcio,
948 1169 1081 1235 quod
1110 1171 1278 1236 agit-ur
1304 1171 1354 1222 in
1374 1172 1545 1231 missa,
1569 1173 1670 1222 sive
1698 1173 1748 1224 in
1769 1173 2050 1237 psallendo,

535 1253 636 1304 sive
670 1253 722 1303 in
764 1255 883 1314 situ,
921 1256 1021 1306 sive
1057 1256 1109 1306 in
1147 1255 1408 1324 qualitate,
1434 1259 1536 1309 sive
1561 1261 1612 1310 in
1640 1261 1914 1328 quantitate
1939 1278 2051 1312 cum

536 1341 718 1402 nostris
747 1342 1061 1402 authenticis,
1093 1358 1215 1409 quos
1245 1345 1404 1395 omnis
1446 1343 1668 1397 Ecclesia
1706 1346 1853 1409 colit;
1896 1363 2049 1414 repu-

536 1434 649 1478 tans
685 1427 819 1492 apud
852 1443 933 1480 me
961 1428 1085 1479 nihil
1113 1436 1360 1481 statutum
1388 1445 1501 1483 esse
1525 1432 1575 1483 in
1601 1433 1852 1496 Ecclesia,
1884 1449 2051 1502 neque

534 1521 653 1564 ante
699 1515 894 1567 antieos
929 1513 1208 1585 [antiquos]
1244 1517 1451 1581 Patres,
1481 1534 1646 1586 neque
1683 1521 1817 1587 apud
1867 1537 2047 1575 recen-

535 1602 709 1663 tiores,
734 1604 870 1668 quod
909 1595 1120 1656 ratione
1153 1614 1346 1656 careat.
1395 1605 1450 1658 Si
1487 1607 1624 1658 enim
1650 1609 1866 1674 gentiles
1900 1625 2051 1677 argu—

531 1699 831 1742 mentantur
873 1689 944 1760 [F
947 1700 1071 1753 orte,
1116 1692 1441 1762 argutantur]
1493 1693 1640 1746 ludos
1685 1695 1884 1762 aliquos
1929 1711 2050 1749 suos

2159 563 2339 628 ofﬁciis
2372 575 2416 616 ct
2454 568 2515 618 de
2541 567 2655 620 aliis
2682 586 2795 638 qua:
2836 573 2890 624 in
2934 574 3015 625 die
3055 587 3307 643 aguntur;
3344 588 3397 632 et
3423 581 3485 632 de
3523 581 3684 635 Cm

2157 651 2360 703 Domini
2404 663 2451 705 et
2493 655 2769 710 Parasceve
2809 669 2855 711 et
2897 661 3115 714 Sabbato
3141 676 3333 717 sancto.
3363 668 3442 720 Ad
3469 671 3605 735 quod
3632 673 3681 723 si

2157 741 2342 792 vestra:
2366 743 2627 798 orationes
2654 760 2821 799 meme
2848 750 3385 815 perduxerint,.credo
3413 759 3541 810 meis
3563 773 3685 812 mo-

2155 827 2292 878 tibus
2321 830 2500 882 adesse
2547 839 2601 883 et
2644 824 2937 890 adfuturam
2985 837 3095 892 fore
3129 841 3539 898 misericordiam
3567 846 3680 898 Do-

2156 913 2301 965 mini.
2328 915 2502 968 Valete
2534 917 2584 969 in
2617 918 2850 973 Christo!
2904 986 2912 997 '

2871 1049 2952 1103 Ill.

2241 1158 2262 1185 ⁸
2301 1148 2794 1210 lNTERBOGATlO
2836 1157 3074 1213 CAROLI
3116 1161 3584 1246 lMPERATORlS.

2221 1254 2271 1306 ln
2302 1257 2507 1310 nomine
2534 1260 2720 1326 Patris,
2744 1271 2794 1316 et
2822 1265 2956 1328 Filii,
2982 1277 3034 1320 et
3059 1267 3280 1335 Spiritus
3301 1274 3484 1325 sancti.
3513 1274 3680 1328 Caro-

2153 1342 2230 1395 lus
2259 1347 2619 1403 serenissimus
2639 1352 2901 1419 Augustus
2927 1371 2957 1407 a
2984 1355 3090 1410 Deo
3112 1368 3406 1424 coronatus,
3433 1361 3676 1430 Magnus,

2151 1431 2399 1494 paciﬁcus
2423 1434 2719 1502 imperator,
2744 1440 3037 1516 Romanun)
3055 1446 3348 1514 gubernans
3370 1449 3675 1516 imperium.

2151 1518 2237 1582 qui
2283 1529 2334 1570 et
2370 1535 2464 1586 per
2509 1524 2918 1582 misericordiam
2963 1509 3056 1584 ﬁci
3105 1548 3197 1585 rex
3251 1535 3572 1590 Francorum
3620 1549 3680 1593 et

2150 1605 2625 1676 Longobardorum,
2651 1614 2910 1670 Amalario
2931 1622 3213 1674 venerabili
3237 1625 3497 1694 episcopo,
3519 1638 3676 1682 teter—

2151 1709 2271 1746 nam
2301 1696 2366 1748 in"
2381 1697 2597 1752 Domino
2626 1702 2864 1755 salutem.

529 1777 805 1844 allegorice
859 1793 1095 1844 promere
1144 1780 1300 1846 (sicut
1347 1779 1614 1840 aleatores,
1662 1782 1746 1848 qui
1776 1784 2048 1849 perhibent
2080 1779 2123 1837 Β
2217 1781 2414 1850 Smpius
2435 1793 2622 1850 tecum,
2654 1789 2759 1843 imo
2803 1799 2854 1844 et
2897 1809 3014 1847 cum
3040 1799 3242 1852 caeteris
3277 1799 3489 1870 collegis
3519 1801 3669 1872 [Pez.

530 1865 693 1916 tribus
720 1866 928 1933 tesseris
954 1866 1061 1918 suis
1087 1866 1184 1918 tria
1216 1874 1445 1934 tempora
1472 1867 1771 1935 significari,
1798 1885 2046 1935 praesens,

528 1953 845 2020 praiteritu-m
873 1961 925 2005 et
968 1951 1224 2016 futurum;
1266 1962 1318 2006 et
1358 1955 1470 2008 vias
1505 1970 1684 2008 eorum
1713 1958 1918 2010 senario
1953 1975 2049 2011 nu-

530 2053 672 2089 mero
721 2039 1038 2104 distinguunt
1088 2048 1299 2107 propter
1362 2055 1451 2094 sex
1504 2051 1686 2096 tetates
1748 2044 2043 2110 hominum,

525 2134 722 2190 quanto
758 2127 921 2193 magis
956 2125 1301 2180 Christianam
1352 2129 1657 2182 industriam
1697 2146 1759 2184 ac
1795 2135 2047 2208 rationem

529 2213 676 2284 [Ms.,
704 2213 1011 2283 orationem]
1055 2216 1150 2268 sibi
1181 2231 1209 2268 a
1252 2216 1357 2270 Deo
1399 2215 1696 2270 concessam
1723 2220 1861 2274 nullo
1893 2222 2049 2274 modo

525 2302 798 2354 excederet
833 2300 1023 2354 frustra
1048 2302 1240 2370 aliquid
1284 2305 1544 2358 statuere?
1578 2305 1690 2359 Non
1730 2307 1844 2361 ideo
1871 2322 2048 2360 exem-

526 2388 664 2454 plum
706 2387 769 2440 de
811 2390 1086 2456 gentilibus
1128 2392 1299 2458 posui,
1329 2399 1385 2443 ut
1422 2406 1511 2445 eos
1542 2393 1831 2458 imitemur;
1879 2397 1970 2449 sed
2003 2399 2045 2449 si

527 2476 596 2527 illi
630 2477 726 2528 hoc
763 2477 840 2528 vel
871 2477 993 2529 illud
1023 2487 1452 2546 argumentantur
1491 2480 1687 2550 [Forte,
1719 2484 2043 2554 argutantur]

526 2566 762 2628 rationis,
805 2573 997 2632 quanto
1043 2568 1208 2633 magis
1247 2575 1443 2632 totum,
1493 2571 1629 2637 quod
1678 2571 1895 2624 rationis
1937 2581 2041 2634 est,

523 2653 849 2706 Christianus
877 2656 1021 2720 sequi
1061 2655 1233 2718 debet,
1269 2657 1356 2723 qui
1387 2672 1601 2711 summa:
1628 2659 1813 2712 rationi
1859 2661 1963 2712 Deo
1991 2675 2046 2714 se

522 2754 819 2808 sponsorem
855 2741 996 2795 facit.
1036 2743 1146 2796 Non
1178 2744 1292 2798 ideo
1325 2745 1571 2799 Dominus
1597 2747 1823 2800 villicum
1854 2739 2045 2816 iniqui-

523 2829 643 2881 tatis
681 2829 939 2882 laudatum
965 2846 1081 2884 esse
1115 2832 1255 2894 dicit,
1304 2841 1361 2885 ut
1397 2834 1539 2886 illum
1585 2835 1922 2894 imitaremur,
1955 2835 2044 2886 sed

520 2917 564 2968 si
592 2916 677 2970 ille
714 2931 776 2969 ex
805 2917 1030 2970 villicatu
1061 2919 1350 2986 iniquitatis
1377 2921 1658 2988 prudenter
1687 2923 1783 2976 sibi
1823 2923 1873 2975 in
1902 2923 2043 2976 futu-

522 3022 636 3059 rum
673 3008 914 3074 providit,
945 3019 1135 3076 quanto
1172 3011 1334 3080 magis
1363 3021 1566 3080 oportet
1593 3014 1948 3068 Christianum
1977 3031 2038 3068 ex

2147 1869 2288 1921 addit
2318 1873 2442 1943 tuis]
2473 1875 2726 1930 familiare
2767 1880 3101 1950 colloquium,
3128 1886 3191 1940 de
3217 1889 3439 1942 utilitate
3472 1869 3668 1946 sancta:

2145 1955 2236 2008 Dei
2265 1957 2510 2024 Ecclesiae
2540 1961 2731 2018 habere
2752 1967 3107 2034 voluissemus,
3137 1974 3179 2025 si
3208 1975 3400 2043 absque
3430 1977 3670 2031 molestia

2143 2049 2396 2113 corporali
2425 2051 2476 2102 id
2500 2050 2631 2105 eilici
2651 2057 2920 2120 potuisset.
2953 2049 3312 2128 Sed'quamvis
3337 2067 3668 2121 sanctitatem

2145 2140 2284 2184 tuam
2333 2136 2384 2186 in
2432 2138 2617 2191 divinis
2655 2143 2811 2196 rebus
2859 2152 2964 2196 tota
2995 2147 3278 2202 intentione
3316 2152 3531 2219 vigilare
3562 2171 3668 2208 non

2146 2219 2476 2286 ignoremus,
2521 2227 2761 2281 omittere
2817 2239 2990 2284 tamen
3035 2248 3136 2285 non
3177 2251 3486 2302 possumus,
3537 2241 3668 2308 quin

2145 2317 2284 2360 tuam
2327 2309 2672 2376 devotionem,
2705 2325 2883 2370 sancto
2922 2319 3170 2374 incitante
3213 2322 3430 2392 Spiritu,
3473 2328 3670 2382 nostris

2142 2399 2374 2463 apicibus
2411 2402 2778 2469 compellemus
2815 2414 2967 2475 atque
3000 2425 3441 2476 commoneamus,
3472 2423 3526 2467 ut
3554 2433 3668 2470 ma-

2143 2487 2219 2552 gis
2248 2501 2308 2540 ac
2337 2489 2500 2555 magis
2539 2491 2590 2542 in
2628 2501 2804 2545 sancta
2836 2495 2926 2546 Dei
2955 2496 3183 2551 Ecclesia
3211 2502 3440 2555 studiose
3482 2519 3546 2556 ae
3590 2505 3679 2558 vi-.

2142 2573 2319 2639 gilanti
2346 2590 2470 2628 cura
2512 2576 2750 2631 laborare
2779 2581 2987 2636 studeas
3013 2584 3064 2636 in
3091 2587 3459 2651 pratdicatione
3482 2600 3668 2644 sancta

2141 2671 2193 2714 et
2223 2664 2453 2716 doctrina
2500 2666 2743 2730 salutari;
2780 2679 3032 2736 quatenus
3073 2687 3168 2740 per
3205 2682 3346 2728 tuam
3389 2678 3666 2732 devotissi-

2142 2768 2279 2804 mam
2311 2754 2574 2808 solertiam
2601 2757 2826 2810 Verbum
2855 2761 2970 2814 vita:
2993 2769 3199 2817 teterna:
3226 2775 3425 2820 crescat
3453 2778 3504 2820 et
3537 2785 3656 2822 cur-

2142 2848 2239 2901 rat,
2283 2849 2335 2891 et
2377 2842 2746 2908 multiplicetur
2789 2861 3034 2903 numerus
3069 2853 3242 2919 populi
3284 2853 3567 2909 Christiani
3612 2859 3664 2909 in

2140 2924 2341 2978 laudem
2373 2937 2425 2980 et
2460 2929 2671 2995 gloriam
2705 2929 2987 2987 Salvatoris
3014 2939 3176 2989 nostri
3203 2939 3314 2992 Dei.

2209 3013 2370 3067 Nosse
2402 3030 2624 3084 namque
2665 3017 2792 3088 [Al.,
2837 3015 3052 3103 itaque].
3077 3038 3171 3091 per
3203 3032 3290 3077 tua
3325 3027 3535 3094 scripta,
3573 3039 3666 3082 aut

516 3093 670 3162 iustis
718 3097 956 3150 censibus
1005 3100 1306 3165 acquirere,
1366 3101 1455 3168 qui
1509 3117 1626 3154 eum
1679 3103 1928 3170 recipient
1988 3105 2037 3156 in
2063 3096 2109 3157 C
2139 3118 2233 3170 per
2265 3112 2315 3155 te
2343 3104 2508 3172 ipsum
2540 3106 2792 3171 volumus,
2819 3093 3118 3177 qualiter'tu
3159 3113 3542 3182 etsuil‘ragauei
3588 3119 3663 3169 tui

487 3200 490 3204 '
520 3193 712 3237 :eterna
741 3185 1104 3238 tabernacula?
1132 3187 1293 3254 Rogo,
1321 3187 1493 3252 Pater,
1516 3195 1573 3240 ut
1593 3203 1693 3241 non
1719 3187 1781 3240 ad
1805 3190 2037 3256 publicas

519 3290 672 3327 aures
705 3273 906 3327 libellus
947 3285 1123 3329 noster
1168 3279 1419 3340 mittatur,
1463 3293 1527 3330 ne
1567 3276 1724 3332 intret
1766 3280 1817 3330 in
1857 3279 2037 3332 dentes

518 3363 942 3424 obtrectatorum,
976 3379 1142 3431 neque
1164 3365 1426 3418 cachinnis
1461 3368 1798 3432 superborum
1824 3381 1917 3434 per
1945 3383 2036 3420 au-

519 3466 604 3504 ras
647 3452 901 3505 resultans
938 3453 1000 3507 de
1021 3441 1300 3508 humillima
1331 3457 1561 3509 doctrina
1598 3459 1913 3524 paupertatis
1943 3473 2036 3511 no-

516 3555 656 3598 str:c.
685 3545 936 3610 Quoniam
977 3563 1076 3599 non
1109 3562 1190 3599 me
1230 3547 1449 3614 prmfero
1485 3551 1790 3617 magistrum
1830 3551 1892 3602 de
1935 3551 2033 3603 hac

517 3635 817 3703 scriptione,
860 3636 949 3689 sed
987 3637 1292 3702 discipulum
1337 3637 1681 3704 inquirentem
1710 3639 1847 3707 quod
1880 3638 2033 3708 diligo

518 3723 672 3775 scire.

583 3811 738 3865 Addit
759 3812 913 3865 etiam
936 3813 1183 3866 sanctitas
1200 3819 1371 3866 vestra
1397 3813 1446 3864 in
1473 3813 1690 3880 epistola
1719 3827 2031 3868 commemo-

516 3907 625 3952 rata
666 3899 862 3962 scedas,
895 3915 1024 3967 quas
1052 3899 1220 3968 legisti
1255 3901 1438 3953 missas
1479 3901 1543 3952 ad
1586 3905 1827 3954 domuum
1870 3902 2032 3956 Caro-

514 3989 619 4041 lum
653 3989 1011 4055 imperatorem
1051 4004 1080 4041 a
1125 3997 1299 4042 nostra
1346 3991 1624 4058 parvitate,
1661 3990 1724 4043 de
1769 3990 2032 4046 Scrutinio

512 4084 565 4128 et
609 4075 934 4143 Baptisterio,
977 4076 1222 4143 prmdicto
1265 4079 1405 4144 operi
1437 4079 1719 4140 innectere,
1749 4081 1885 4148 quod
1928 4096 2030 4135 non

513 4161 706 4224 distuli,
733 4179 1036 4231 praeponens
1063 4163 1204 4228 illud,
1238 4167 1479 4231 quoniam
1509 4175 1659 4220 antea
1687 4168 1920 4236 quisquis
1944 4185 2030 4222 ca-

513 4252 800 4306 techizatur
844 4260 896 4303 ct
933 4252 1223 4318 baptizatur
1255 4268 1406 4319 quam
1449 4255 1710 4322 perveniet
1749 4255 1813 4307 ad
1854 4270 2030 4310 sacros

511 4340 736 4394 ordines.
767 4339 949 4393 Addidi
977 4341 1132 4392 etiam
1161 4352 1213 4393 et
1233 4342 1370 4408 ipsas
1395 4344 1654 4410 epistolas,
1687 4361 1817 4412 quas
1843 4347 2030 4414 glorio-

511 4428 746 4483 sissimus
771 4429 1046 4493 imperator
1069 4441 1383 4483 memoratus
1407 4431 1544 4484 misit
1573 4434 1748 4496 nobis;
1782 4435 1833 4486 in
1861 4435 2028 4491 prima

512 4531 605 4569 nos
631 4517 861 4568 excitans
888 4517 950 4568 ad
992 4517 1042 4569 id
1083 4518 1395 4581 faciendum,
1441 4521 1492 4572 in
1532 4522 1754 4574 secunda
1793 4524 2029 4589 praebens

511 4608 871 4659 auctoritatem
891 4607 1031 4673 operi
1058 4606 1212 4660 facto.
1245 4608 1592 4675 Similiterque
1623 4625 1712 4663 vos
1738 4626 1942 4678 precor,
1971 4623 2026 4665 ut

511 4709 613 4745 non
657 4695 825 4761 pigeat
869 4695 1192 4748 dilectionem
1237 4704 1461 4748 vestram
1503 4697 1768 4764 perlegere
1809 4715 1868 4752 ea
1910 4715 2025 4766 qua)

510 4783 662 4835 modo
690 4783 1000 4845 addimus,et
1025 4783 1107 4834 ille
1137 4798 1235 4836 non
1273 4785 1412 4850 legit,
1444 4794 1501 4837 ut
1527 4786 1661 4838 sicut
1685 4800 1743 4837 ea
1777 4802 1892 4855 quae
1917 4789 2024 4855 ipse

508 4870 653 4937 legit,
680 4869 754 4921 sic
778 4877 830 4920 et
852 4870 959 4923 lucc
975 4886 1089 4937 qua:
1108 4871 1252 4923 vobis
1274 4871 1528 4938 leguntur,
1553 4888 1614 4925 ex
1646 4883 1815 4927 vestra
1843 4887 2022 4928 sancta

508 4957 815 5009 auctoritate
848 4959 1187 5026 corrigantur,
1218 4973 1332 5024 qua:
1357 4960 1656 5025 corrigenda
1688 4971 1821 5020 sunt,
1854 4971 1905 5013 et
1935 4962 2020 5014 lir-

507 5054 730 5109 mentur,
761 5061 876 5113 qua:
899 5045 1143 5099 ﬁrmanda
1185 5055 1321 5100 sunt.
1352 5047 1574 5113 Mihique
1603 5049 1753 5102 libuit
1789 5059 2015 5102 vestram

504 5133 776 5200 epistolam
803 5135 944 5202 operi
973 5135 1116 5186 vobis
1156 5135 1446 5201 specialiter
1483 5136 1679 5188 directo
1719 5150 2016 5202 przeponcre

501 5234 624 5276 cum
648 5221 881 5272 versibus
919 5221 1222 5286 quibusdam
1267 5222 1498 5273 marinis.
1538 5222 1641 5274 Vos
1669 5222 1805 5273 enim
1843 5239 2013 5275 meum

511 5306 700 5381 ',ullum
737 5307 896 5359 latere
924 5307 1056 5360 volo.
1102 5308 1439 5370 Pertractavi,
1489 5319 1762 5376 postquam
1802 5325 2019 5376 corpore

574 5474 597 5497 ει
623 5457 742 5510 Haec
768 5465 846 5511 est
871 5456 1086 5528 epistola
1115 5459 1208 5508 sub
1235 5459 1411 5512 eodem
1441 5466 1614 5528 tenore
1643 5461 1706 5511 ad
1738 5461 1865 5513 alios
1893 5477 2020 5528 quo-

501 5541 605 5592 que
653 5525 794 5592 regni
832 5525 1241 5601 archiepiscopos
1281 5541 1415 5577 anno
1456 5527 1662 5602 circiter
1689 5531 1787 5580 812
1828 5525 2016 5603 inissa;

508 5603 704 5646 restant
740 5608 939 5660 quoque
981 5595 1267 5660 aliquorum
1313 5595 1667 5661 responsirmcs
1710 5599 1839 5664 apud
1881 5597 2019 5649 Μυ-

2059 4400 2106 4458 D

2135 3189 2364 3242 doceatis
2384 3199 2436 3243 et
2458 3193 2726 3247 instruatis
2747 3199 3040 3251 sacerdotes
3057 3199 3147 3252 Dei
3171 3199 3265 3271 [et]
3283 3202 3486 3268 plebem
3508 3205 3665 3259 vobis

2133 3279 2462 3332 commissam
2512 3282 2575 3334 de
2622 3283 2862 3350 baptismi
2909 3298 3256 3352 sacramento,
3311 3290 3362 3343 id
3411 3300 3513 3354 est,
3567 3308 3664 3345 cur

2131 3368 2299 3434 primo
2351 3369 2519 3423 infans
2566 3372 2957 3427 catechuminus
2999 3375 3246 3440 edicitur;
3294 3378 3376 3431 vel
3417 3381 3545 3447 quid
3593 3383 3666 3435 sit

2131 3459 2558 3512 eatechuminus?
2579 3460 2771 3513 Deinde
2795 3477 2885 3529 per
2905 3465 3137 3517 ordinem
3159 3468 3332 3520 omnia
3353 3483 3468 3536 quze
3494 3485 3663 3538 agun-

2132 3553 2233 3597 tur.
2260 3547 2330 3598 Dc
2355 3549 2622 3607 scrutinio,
2646 3551 2767 3626 quid
2787 3551 2851 3602 sit
2873 3553 3211 3607 scrutinium?
3231 3556 3296 3608 Et
3311 3557 3374 3610 de
3396 3559 3662 3626 symbolo,

2129 3634 2250 3700 quid
2278 3634 2404 3703 [Al.,
2431 3635 2565 3705 qum]
2596 3639 2661 3689 sit
2685 3623 2797 3706 ejus
2825 3640 3201 3710 interpretatio,
3230 3623 3514 3702 secundum
3549 3649 3659 3704 La-

2130 3724 2298 3775 tinos?
2337 3722 2409 3775 De
2454 3725 2779 3790 credulitate,
2827 3731 3082 3796 quomodo
3122 3734 3434 3789 credendum
3483 3739 3550 3792 sit
3603 3741 3655 3792 in

2129 3813 2295 3864 Deum
2318 3813 2521 3866 Patrem
2554 3817 2978 3884 omnipotentem,
3013 3828 3062 3874 et
3104 3821 3156 3875 in
3189 3821 3364 3877 Jesum
3386 3825 3658 3884 Christum

2129 3896 2315 3950 Filium
2355 3899 2468 3965 ejus
2504 3910 2680 3953 natum
2714 3911 2766 3956 et
2794 3919 3036 3971 passum;
3065 3915 3119 3960 et
3156 3909 3208 3961 in
3252 3908 3502 3978 Spiritum
3533 3929 3657 3968 san-

2129 3995 2289 4050 ctum,
2319 3997 2553 4042 sanctam
2573 3991 2857 4046 Ecclesiam
2885 3993 3215 4061 catholicam,
3241 4007 3294 4052 et
3316 4010 3507 4054 caetera
3534 4019 3658 4071 qua:

2129 4084 2415 4140 sequuntur
2459 4079 2512 4131 in
2549 4080 2729 4134 eodem
2780 4083 3045 4150 symbolo?
3087 4085 3158 4138 De
3197 4088 3656 4146 abrenuntiationc

2131 4160 2334 4215 Satanae
2363 4174 2414 4216 et
2442 4166 2504 4218 de
2531 4169 2771 4227 omnibus
2800 4173 3043 4238 operibus
3077 4172 3187 4240 ejus
3229 4184 3384 4243 atque
3422 4181 3652 4246 pompis,

2129 4250 2251 4314 quid
2299 4252 2366 4302 sit
2409 4253 2825 4318 abrenuntiatio,
2873 4257 2952 4310 vel
2997 4274 3109 4326 qua:
3154 4276 3310 4329 opera
3357 4265 3545 4319 diaboli
3599 4279 3656 4322 et

2127 4339 2359 4404 pompa)?
2393 4339 2498 4391 (Zur
2521 4342 2820 4396 exsulllatur
2843 4344 2968 4415 [Al.,
2994 4347 3324 4418 insulilatur],
3352 4360 3405 4404 et
3429 4367 3526 4404 cur
3558 4370 3654 4408 ex-

2129 4426 2420 4478 orcizatur?
2449 4429 2553 4483 Cur
2590 4433 2987 4488 catechuminus
3015 4438 3203 4505 accipit
3245 4439 3439 4492 salem?
3475 4440 3653 4506 Quare

2133 4521 2408 4582 tangantur
2443 4531 2612 4579 nares,
2645 4527 2824 4586 pectus
2846 4530 3066 4589 ungatur
3095 4524 3243 4578 oleo?
3274 4526 3380 4580 Cur
3421 4530 3654 4596 seapula:

2131 4603 2276 4672 [Με.,
2322 4605 2568 4677 ερθιίυιω]
2606 4608 2874 4677 signentur
2917 4610 3038 4680 [Αι.,
3077 4613 3298 4680 scapulae
3342 4614 3654 4689 lavantur]?

2128 4692 2297 4756 Quare
2333 4701 2511 4759 pectus
2549 4702 2600 4746 et
2628 4695 2848 4762 scapulzc
2890 4697 3168 4751 liniantur?
3191 4701 3296 4753 Cur
3321 4701 3450 4756 albis
3473 4704 3654 4761 indui-

2125 4787 2210 4831 tur
2236 4781 2587 4835 vestimentis?
2613 4782 2716 4835 Cur
2741 4799 2889 4838 sacro
2918 4786 3196 4840 chrismate
3225 4797 3379 4857 caput
3399 4795 3649 4863 perungi-

2129 4875 2228 4928 tur,
2249 4876 2302 4919 et
2326 4870 2544 4936 mystico
2575 4871 2765 4939 tegitur
2800 4873 3072 4938 velamine,
3101 4875 3183 4929 vel
3205 4890 3422 4944 corpore
3445 4887 3501 4933 et
3523 4893 3650 4936 san-

2126 4955 2280 5020 guine
2309 4955 2573 5008 Dominico
2609 4957 2984 5012 conﬁrmaturi“

2194 5041 2313 5094 "3‘36
2345 5043 2516 5094 omnia
2545 5044 2716 5097 subtili
2739 5046 2977 5116 indagine
3000 5051 3285 5118 perscripta
3304 5051 3471 5114 nobis,
3504 5053 3650 5108 sicut

2124 5131 2364 5195 diximus,
2397 5135 2635 5186 nuntiare
2663 5143 2876 5202 satage:
2907 5136 2988 5188 vel
3015 5139 3059 5190 si
3098 5139 3168 5192 ita
3212 5148 3387 5195 teneas
3420 5151 3473 5195 et
3507 5157 3648 5210 prte-

2121 5217 2289 5276 diees,
2317 5228 2404 5270 aut
2440 5220 2482 5271 si
2522 5220 2574 5270 in
2612 5222 2708 5273 hoc
2742 5223 2878 5288 quod
2907 5225 3177 5290 prtedicas,
3215 5228 3436 5295 teipsum
3462 5239 3648 5286 custo-

2117 5305 2246 5358 dias.
2273 5306 2408 5359 Benc
2436 5307 2600 5359 valete
2627 5307 2755 5377 [Al.,
2776 5310 2910 5380 vale]
2939 5319 2991 5364 et
3013 5327 3107 5366 ora
3136 5327 3230 5380 pro
3255 5316 3426 5370 nobis.

2120 5464 2284 5539 aiam,
2332 5463 2698 5539 Mabillonium,
2748 5465 3006 5539 Martenc,
3052 5469 3282 5539 Pezium.
3317 5469 3404 5539 βε(
3431 5472 3645 5539 quibus

2121 5532 2954 5608 lectiones.variauteshausimus.
3002 5538 3125 5590 Vide
3149 5552 3274 5591 vero
3316 5532 3536 5608 Pagitim
3575 5543 3644 5596 ad

2120 5617 2306 5652 παίδων
2336 5600 2453 5660 Sl'l,
2483 5615 2619 5652 num.
2661 5600 2718 5651 l2
2741 5612 2788 5653 et
2818 5603 2892 5655 l5.
