3922 6222
434 351 538 405 893

664 543 1025 599 RESPONSIO
1060 544 1374 597 AMALARII
1409 543 1715 597 EPlSCOPl.

498 628 884 684 Gloriosissimo
912 640 964 683 et
1000 631 1430 683 excellentissimo
1467 630 1715 697 Augusto,
1762 645 1791 681 a
1837 629 1941 681 Deo

430 725 710 781 coronato,
738 716 925 770 Carolo
963 718 1309 779 serenissinto,
1355 718 1461 769 vita
1494 717 1733 784 salusque
1769 732 1944 783 perpe~

436 814 545 858 tua.
1580 816 1583 817 ⁷

502 892 718 945 Domine
756 892 823 943 mi
849 891 1289 945 Christianissime
1312 892 1610 959 imperator.
1637 889 1845 941 Misistis
1878 888 1943 941 ad

430 978 694 1030 servulum
722 986 949 1030 vestrum
990 978 1364 1045 inquisitiones,
1408 978 1689 1030 secundum
1718 984 1944 1029 vestram

433 1066 861 1127 misericordiam,
887 1067 949 1117 de
973 1081 1122 1119 sacro
1144 1068 1471 1133 baptismate,
1494 1080 1585 1132 per
1612 1066 1844 1118 ordinem
1869 1066 1945 1115 in-

432 1162 756 1219 terrogantes
784 1167 878 1204 cur
905 1168 1220 1219 unaquaeque
1247 1168 1327 1204 res
1357 1160 1539 1220 agatur
1569 1152 1617 1202 iu
1644 1151 1945 1217 baptisteria

430 1252 485 1293 ut
512 1242 559 1291 in
587 1241 835 1292 scrutinio
861 1258 871 1291 :
905 1242 1038 1292 sicut
1074 1240 1124 1290 in
1165 1240 1403 1291 omnibus
1436 1239 1628 1291 Christi
1654 1236 1943 1305 exemplum

429 1328 729 1395 sequimini,
766 1327 840 1379 sic
882 1335 934 1379 et
983 1326 1033 1377 iu
1078 1326 1203 1387 isto;
1235 1326 1321 1392 qui
1368 1326 1430 1377 ad
1468 1326 1565 1377 hoc
1614 1324 1948 1391 interrogavit

429 1418 743 1484 Philippum,
765 1424 821 1467 ut
850 1416 1081 1474 doceret,
1106 1416 1285 1487 dicens
1313 1431 1325 1464 :
1360 1412 1501 1463 Unde
1528 1428 1745 1464 ememus
1771 1428 1942 1479 panes,

431 1514 484 1554 ut
516 1503 809 1555 manducent
829 1502 880 1551 lii
902 1499 1072 1569 (Joau.
1097 1516 1163 1559 vi,
1190 1499 1275 1565 5)?
1304 1499 1517 1558 Tamen,
1543 1507 1598 1549 ut
1621 1498 1945 1565 Evangelista

428 1591 503 1640 ait
532 1604 545 1639 :
570 1588 685 1655 Ipse
717 1588 848 1639 enim
875 1586 1060 1637 sciebat
1080 1585 1197 1653 quid
1225 1594 1349 1636 esset
1372 1584 1617 1651 facturus.
1641 1582 1947 1649 Quanquam

429 1676 646 1727 idoneus
679 1690 780 1727 non
816 1675 913 1725 sim
952 1682 1135 1725 vestra:
1179 1672 1570 1738 interrogationi
1617 1673 1944 1737 respondere,

1430 346 1637 400 EPIST.
1685 348 1769 401 DE
1804 345 2224 401 CEREMONIIS
2258 346 2583 401 BAPTISMI.

3450 353 3548 405 895

1967 462 2018 517 Α
2045 456 2196 509 fidem
2225 464 2397 509 tenere
2423 471 2515 524 per
2540 470 2697 524 opera
2722 457 3009 509 charitatis.
3050 458 3114 509 Et
3142 460 3274 509 sicut
3312 460 3548 527 Augusti-

2039 558 2135 595 nus
2164 543 2235 593 ait
2263 544 2313 594 in
2341 543 2472 596 libro
2510 542 2573 594 de
2601 541 2727 596 Fide
2762 552 2815 594 ct
2835 542 3085 609 Operibus
3116 543 3263 611 (Cap:
3293 544 3380 606 27,
3402 561 3548 596 num.

2038 632 2123 699 49)
2150 650 2160 682 :
2208 648 2224 679 ι
2259 631 2343 683 Sic
2366 630 2759 683 catechizandos
2786 644 2873 682 eos
2900 629 2987 697 qui
3016 631 3323 697 baptismum
3345 638 3548 697 petunt,

2040 727 2095 771 ut
2118 735 2215 771 non
2240 719 2405 771 solum
2432 720 2643 770 audiant
2668 728 2819 784 atque
2846 718 3131 783 suscipiant
3168 710 3288 783 quid
3316 719 3546 778 credere,

2039 822 2217 859 verum
2243 808 2400 860 etiam
2436 807 2658 873 qualiter
2700 806 2919 859 debeant
2949 806 3121 857 vivere
3151 824 3161 856 :
3208 807 3282 857 sic
3318 806 3548 872 promitti

2042 896 2275 949 fidelibus
2304 878 2459 947 vitam
2495 903 2763 956 :eternam,
2814 903 3006 945 utnon
3054 894 3210 945 etiam
3259 907 3349 960 per
3396 892 3550 943 fidem

2043 989 2321 1042 mortuam,
2360 995 2474 1046 qua:
2499 981 2609 1032 sine
2630 981 2871 1045 operibus
2907 980 3106 1032 salvare
3134 993 3233 1030 non
3270 986 3462 1044 potest,
3485 978 3548 1028 ad

2042 1085 2157 1123 eam
2191 1084 2245 1121 se
2273 1070 2491 1137 quisque
2519 1083 2669 1136 posse
2698 1069 2969 1135 pervenire
2997 1068 3297 1127 arbitretur,
3332 1066 3419 1118 sed
3459 1081 3552 1132 per

2044 1158 2183 1209 illam
2222 1157 2374 1208 fidem
2404 1156 2603 1225 gratia),
2632 1172 2745 1222 quze
2772 1171 2864 1221 per
2891 1154 3215 1205 dilectionem
3240 1160 3504 1219 operatur.
3528 1171 3545 1199 ο

2044 1246 2115 1297 De
2143 1260 2243 1311 qua
2300 1246 2658 1306 instrnctione,
2714 1244 2758 1295 si
2818 1244 2933 1309 quis
2976 1241 3108 1305 vult,
3152 1242 3277 1294 satis
3325 1241 3554 1304 reperire

2042 1340 2210 1401 potest
2240 1332 2289 1382 in
2327 1331 2609 1397 Augustino
2661 1330 2723 1382 de
2766 1328 3149 1381 cateehizandis
3188 1324 3418 1377 rudibus.
3459 1325 3555 1377 Sn-

2044 1434 2137 1486 per
2177 1420 2420 1485 parvulos
2453 1420 2737 1470 orationem
2787 1417 2978 1468 faciant
3020 1415 3163 1483 [Ms.,
3195 1412 3455 1481 facimus],
3500 1420 3557 1463 ut

2045 1508 2250 1560 cmcitas
2284 1508 2452 1559 cordis
2478 1508 2526 1557 in
2568 1507 2642 1559 eis
2670 1504 2972 1570 depellatur,
2998 1503 3359 1568 dirumpuntur
3385 1500 3553 1566 laquei

2047 1596 2271 1657 Satanas,
2304 1596 2490 1662 quibus
2532 1593 2734 1645 fuerant
2769 1592 3013 1659 colligati,
3053 1598 3105 1641 et
3132 1590 3298 1641 idonei
3322 1588 3549 1640 effician-

2048 1692 2131 1735 tur
2154 1698 2247 1751 per
2281 1684 2597 1734 incrementa
2640 1689 2692 1733 et
2732 1679 3164 1753 ministrationem
3206 1676 3553 1727 membrorum

430 1774 604 1815 tamen
628 1763 1005 1815 inobedientem
1030 1776 1125 1813 me
1154 1776 1254 1813 non
1283 1767 1487 1827 oportet
1507 1774 1639 1822 esse,
1672 1760 1795 1826 quin
1824 1774 1943 1813 tom-

2047 1784 2104 1822 ea
2130 1783 2439 1837 cognoscere
2469 1782 2582 1835 quin
2606 1765 2905 1819 dimittenda
2931 1772 3069 1827 sunt,
3098 1772 3149 1816 et
3173 1778 3286 1830 qua:
3317 1762 3552 1815 tenenda.

429 1852 584 1903 nibus
606 1852 841 1903 sensibus
856 1858 909 1903 et
931 1850 1189 1903 intellectu
1217 1865 1330 1901 meo
1352 1850 1539 1901 vestris
1558 1849 1952 1916 sanctisjussiop

429 1940 583 1990 nibus
609 1940 979 2006 obtemperem.
1001 1939 1217 2004 Ideoque
1239 1940 1375 2004 quod
1398 1938 1655 2004 conjicere
1676 1952 1949 2004 possumus

430 2028 557 2097 [Al.,
584 2027 885 2097 potuimus],
915 2028 1215 2095 scripsimus
1251 2027 1313 2079 de
1348 2028 1428 2079 his
1459 2028 1613 2080 rebus
1639 2042 1752 2093 quae
1779 2035 1947 2079 vestra

428 2116 715 2168 dominatio
745 2116 1096 2183 interrogavit,
1136 2124 1189 2167 et
1224 2116 1359 2181 quod
1389 2116 1439 2166 in
1466 2125 1703 2183 promptu
1750 2116 1947 2167 inveni-

430 2222 550 2257 mus
575 2207 625 2257 in
654 2206 805 2259 dictis
840 2214 1138 2258 sanctorum
1166 2205 1397 2268 Patrum,
1437 2206 1555 2258 illuc
1592 2206 1754 2274 magis
1784 2206 1951 2258 aciem

428 2295 621 2345 mentis
670 2294 952 2346 direximus
992 2309 1057 2345 ex
1102 2294 1181 2345 bis
1226 2309 1340 2360 qua:
1378 2294 1713 2345 admonitioni
1760 2303 1947 2345 vestra:

428 2394 659 2447 congrua
693 2380 1013 2432 videbamus.
1047 2378 1149 2430 Nos
1187 2393 1309 2431 vero
1348 2394 1642 2446 quanquam
1690 2380 1855 2447 ignari
1884 2381 1952 2431 si-

428 2484 571 2531 mus,
601 2483 699 2521 non
730 2482 992 2520 cessamus
1018 2468 1275 2535 pro’vobis
1302 2476 1353 2519 et
1379 2478 1548 2520 vestra
1576 2468 1947 2528 misericordia,

428 2572 587 2624 quam
622 2557 875 2608 exercetis
904 2556 953 2607 in
992 2570 1171 2607 omnes
1210 2555 1299 2606 Dei
1336 2554 1577 2617 cultores,
1616 2556 1808 2623 gratias
1848 2554 1952 2605 Deo

429 2659 610 2712 agerc,
652 2642 1083 2697 etstabilitatem
1124 2651 1276 2707 atque
1323 2643 1626 2707 sapientiam
1679 2642 1952 2708 imprecari

432 2741 609 2784 vestro
664 2731 931 2797 regimini;
983 2745 1201 2797 quarum
1258 2730 1717 2797 interrogationum
1787 2732 1953 2796 prima

430 2823 546 2873 hzec
582 2820 821 2873 consistit
857 2834 871 2871 :
917 2819 1022 2874 Cur
1062 2818 1231 2872 infans
1268 2820 1670 2873 catechumenus
1707 2820 1797 2871 fiat
1836 2828 1955 2872 ante

435 2912 786 2981 baptismum?

945 2999 1021 3051 De
1062 2998 1424 3049 cuteclmmenis

507 3088 710 3141 Scimus
752 3088 909 3149 enim,
955 3085 1386 3139 excellentissime
1431 3085 1730 3153 imperator,
1773 3099 1954 3143 omnes

436 3178 673 3230 homines
697 3177 793 3230 sub
814 3176 1012 3245 peccati
1044 3174 1168 3241 jugo
1199 3175 1363 3227 teneri
1398 3175 1461 3226 ab
1488 3175 1597 3242 ipso
1621 3174 1837 3227 articulo
1864 3190 1953 3227 na-

435 3265 655 3318 tivitatis
682 3267 812 3333 ejus,
860 3280 1023 3333 usque
1068 3264 1131 3316 ad
1176 3263 1454 3316 secundam
1506 3263 1855 3325 nativitatem;
1904 3272 1957 3315 et

437 3354 720 3407 veridicum
765 3368 877 3406 esse
917 3353 1224 3405 sententiam
1266 3350 1567 3413 Psalmistm,
1612 3351 1699 3417 qui
1746 3351 1953 3418 inquit,

436 3442 568 3496 Ecce
592 3444 723 3495 enim
762 3444 815 3493 iu
845 3442 1187 3509 iniquitatibus
1228 3449 1488 3505 conceptus
1522 3456 1652 3501 sum,
1683 3448 1728 3491 et
1754 3440 1805 3490 iu
1838 3456 1955 3505 pec-

436 3532 565 3583 catis
596 3529 815 3597 concepit
842 3545 918 3581 me
946 3537 1105 3580 mater
1125 3544 1240 3579 mea
1264 3525 1427 3597 (Psal.
1456 3544 1504 3589 L,
1531 3526 1600 3596 '7).
1644 3527 1708 3579 Et
1755 3528 1851 3580 hoc
1880 3536 1957 3579 est

437 3628 649 3688 propter
677 3618 1073 3671 inobedicntiam
1113 3618 1267 3684 primi
1315 3618 1537 3669 hominis
1574 3629 1625 3669 et
1649 3618 1760 3684 ejus
1789 3626 1955 3671 trans-

436 3708 779 3776 gressionem,
810 3722 838 3758 a
863 3722 965 3775 quo
992 3706 1227 3759 ducimus
1256 3706 1509 3774 originem
1552 3708 1808 3759 carnalem
1856 3725 1867 3758 :
1906 3716 1959 3759 et

437 3814 543 3850 non
571 3813 718 3865 posse
745 3813 839 3851 nos
866 3797 1136 3851 reformari
1174 3799 1235 3850 ad
1269 3799 1540 3866 imaginem
1586 3799 1697 3867 ejus
1736 3800 1823 3867 qui
1865 3814 1957 3851 nos

437 3886 653 3947 creavit,
690 3885 789 3937 nisi
829 3899 923 3953 per
966 3885 1190 3939 salutare
1232 3887 1507 3953 baptisma,
1549 3890 1685 3955 quod
1730 3888 1958 3939 nondum

442 3974 765 4039 accepimus;
796 3988 962 4040 neque
997 3980 1139 4041 patet
1167 3975 1336 4027 aditus
1381 3977 1520 4044 regni
1560 3976 1827 4037 caelorum,
1858 3976 1957 4027 nisi

438 4077 772 4115 renascamur
795 4077 857 4113 ex
884 4078 1015 4130 aqua
1040 4071 1086 4113 et
1114 4061 1306 4128 Spiritu
1336 4078 1375 4114 ει
1396 4072 1505 4113 ncto
1545 4062 1719 4129 (Joan.
1762 4079 1842 4124 tu,
1883 4062 1954 4131 5).

439 4151 631 4202 Sumus
659 4150 796 4202 enim
833 4157 952 4201 ante
993 4148 1247 4215 baptisma
1278 4148 1329 4200 in
1368 4149 1592 4201 tenebris
1620 4149 1957 4216 ignorantiae;

439 4238 491 4289 in
521 4237 787 4289 desideriis
808 4236 981 4289 carnis
1004 4236 1345 4299 ambulantes,
1382 4236 1600 4289 facimus
1627 4251 1687 4289 ea
1714 4252 1827 4303 qua:
1857 4252 1958 4289 non

2611 1876 2685 1927 De
2723 1875 2985 1927 scrutinio.

2112 1993 2165 2044 ln
2193 1990 2439 2060 scrutinio
2467 1989 2654 2055 quippe
2696 1986 2913 2038 facimus
2952 1985 3155 2050 signum
3193 1981 3361 2034 crucis
3402 1993 3558 2047 super

2044 2094 2246 2148 pueros,
2274 2080 2407 2130 sicut
2427 2076 2715 2129 invenimus
2739 2074 2989 2141 scriptum
3015 2074 3065 2124 in
3088 2071 3319 2124 Romano
3342 2068 3555 2129 Ordine,

2045 2180 2097 2224 et
2132 2168 2543 2238 genuﬂexionem
2587 2172 2639 2217 et
2684 2163 3061 2232 adjurationem
3098 2160 3283 2230 [Edit.,
3335 2159 3557 2211 admira-

2046 2256 2291 2324 tionem];
2324 2262 2376 2305 et
2395 2254 2639 2305 docemus
2663 2251 2949 2303 orationem
2982 2248 3295 2299 Dominicam
3321 2246 3556 2313 patrinos

2046 2352 2098 2397 et
2125 2342 2391 2402 matrinas,
2430 2346 2561 2389 utet
2586 2338 2679 2404 ipsi
2710 2336 2947 2389 similiter
2979 2334 3189 2395 faciant,
3231 2347 3360 2399 quos
3393 2346 3563 2384 susce-

2047 2430 2183 2497 pturi
2222 2436 2343 2481 sunt
2378 2442 2407 2479 a
2448 2441 2597 2478 sacro
2641 2425 2968 2492 baptismate.
3024 2420 3273 2474 Similiter
3316 2420 3563 2472 docemus

2049 2516 2355 2584 symbolum,
2396 2514 2533 2580 quod
2577 2514 2771 2580 signant
2810 2512 2861 2563 in
2904 2518 3081 2561 nostra
3117 2508 3291 2575 lingua
3317 2507 3555 2567 vertitur,

2046 2601 2128 2653 vel
2156 2601 2390 2668 cognitio.
2418 2598 2632 2661 Quando
2651 2596 3012 2649 dividebantur
3038 2592 3251 2660 apostoli
3280 2606 3374 2658 per
3396 2598 3560 2643 totum

2048 2688 2228 2739 orbem
2262 2684 2643 2753 praedicationis
2680 2696 2855 2738 causa,
2886 2680 3140 2731 dederunt
3162 2678 3284 2729 illud
3312 2675 3560 2746 [signum]

2050 2773 2455 2843 przedicationis;
2492 2780 2550 2822 ut
2577 2771 2618 2823 si
2649 2769 2763 2835 quis
2789 2767 2905 2819 talia
2935 2766 3269 2818 confiteretur
3291 2764 3460 2831 qualia
3492 2765 3562 2816 ibi

2053 2849 2688 2929 dicunturpcognitionem
2731 2850 2879 2910 daret
2916 2871 2972 2909 se
3018 2872 3045 2907 a
3091 2855 3283 2908 Christi
3320 2854 3566 2923 apostolis

2055 2953 2162 3006 sive
2186 2967 2215 3003 a
2246 2950 2636 3003 successoribus
2657 2964 2837 3002 eorum
2865 2948 3125 3000 didicisse.

2348 3057 2453 3112 Cur
2486 3058 2539 3109 in
2576 3057 2741 3125 fronte
2779 3054 3025 3123 faciamus
3057 3056 3272 3122 signum.

2120 3173 2287 3227 Sedes
2310 3169 2636 3224 verecundia:
2667 3168 2717 3219 in
2744 3164 2912 3218 fronte
2950 3164 3080 3218 solet
3114 3178 3248 3217 esse.
3297 3161 3560 3228 Siquidem

2052 3262 2213 3315 Iudici
2250 3261 2302 3313 in
2329 3259 2495 3311 fronte
2527 3257 2839 3309 erubescunt
2870 3254 3082 3308 credere
3131 3254 3182 3305 in
3225 3253 3366 3305 illum
3408 3265 3560 3318 quem

2054 3357 2245 3401 norunt
2290 3344 2613 3403 cruciﬁxum,
2665 3349 2721 3392 ut
2762 3339 2947 3392 Paulus
2993 3340 3400 3406 apostolus'ait:
3454 3337 3561 3390 Nos

2052 3446 2217 3491 autem
2251 3434 2582 3503 prcedicamus
2610 3429 2862 3483 Christum
2888 3429 3182 3493 cruciﬁxum
3228 3428 3420 3480 Judwis
3448 3429 3565 3496 qui-

2052 3527 2163 3578 dem
2188 3522 2504 3583 scandalum,
2534 3521 2757 3590 gentibus
2796 3528 2961 3571 autem
2989 3518 3249 3570 stultitiam
3285 3516 3335 3586 (1
3363 3516 3481 3569 Cor.
3512 3533 3564 3579 ι,

2052 3615 2159 3681 23).
2203 3614 2303 3666 Sed
2344 3627 2438 3665 nos
2484 3610 2741 3663 credimus
2772 3622 2866 3675 per
2903 3606 3221 3660 Crucifixum
3258 3606 3464 3666 salvari,
3503 3605 3591 3657 de'

2053 3704 2198 3770 cujus
2222 3701 2437 3753 nomine
2465 3697 2625 3750 Judaei
2672 3698 3004 3759 erubescunt,
3046 3697 3192 3762 cujus
3230 3711 3323 3748 nos
3359 3698 3567 3752 nomine

2053 3790 2311 3843 credimus
2339 3785 2557 3846 muniri;
2585 3792 2740 3851 atque
2760 3784 2875 3836 ideo
2903 3784 2953 3836 in
2974 3782 3143 3835 fronte
3171 3785 3373 3852 signum
3398 3784 3567 3835 crucis

2054 3881 2291 3941 facimus,
2328 3877 2416 3930 ubi
2456 3876 2605 3929 sedes
2633 3874 2955 3927 verecundia:
2996 3881 3090 3934 est,
3134 3873 3269 3926 sicut
3303 3873 3410 3941 jam
3439 3872 3570 3927 dixi-

2055 3984 2191 4021 mus.

2426 4050 2579 4114 Quali
2614 4050 2758 4116 signo
2794 4050 3046 4116 signemus
3081 4064 3190 4100 nos.

2122 4156 2186 4208 Et
2221 4170 2319 4208 non
2341 4156 2441 4208 alio
2467 4156 2611 4223 signo
2641 4156 2905 4222 signamus
2932 4169 3045 4217 nos,
3069 4155 3167 4206 nisi
3194 4156 3342 4222 signo
3362 4153 3568 4217 crucis;

2054 4246 2172 4313 quia
2216 4244 2464 4299 Dominus
2503 4244 2551 4294 in
2578 4256 2735 4296 carne
2772 4251 2925 4294 natus
2952 4241 3196 4293 vexillum
3238 4241 3426 4300 crucis,
3468 4252 3573 4306 quo

437 4327 785 4405 conveniunt:
815 4325 1037 4378 vivimus
1082 4325 1364 4377 secundum
1410 4332 1639 4377 veterem
1672 4325 1954 4387 hominem,
1983 4362 2031 4419 Β
2057 4349 2266 4389 suorum
2306 4331 2501 4385 frontes
2536 4344 2559 4370 ι
2589 4332 2836 4399 signaret,
2890 4329 3129 4391 merens,
3178 4336 3235 4379 ιιι
3282 4328 3573 4383 destrueret

440 4416 529 4482 qui
556 4414 903 4481 corrumpitur
925 4414 1207 4466 secundum
1228 4413 1480 4466 desideria
1504 4414 1715 4466 erroris.
1741 4413 1958 4480 Ideoque

438 4504 529 4571 qui
558 4504 816 4556 desiderat
843 4504 1124 4556 secundum
1152 4518 1347 4555 novum
1370 4504 1629 4557 hominem
1667 4504 1958 4567 reformari,

438 4604 650 4643 necesse
699 4598 778 4643 est
821 4598 874 4641 ut
918 4591 1205 4643 instruatur
1254 4606 1283 4641 a
1336 4592 1630 4644 doctoribus
1682 4592 1960 4656 Ecclesia,

438 4679 607 4747 qualis
639 4687 757 4730 ante
801 4677 1113 4744 baptismum
1144 4678 1244 4740 sit;
1281 4678 1449 4744 qualis
1493 4687 1610 4747 post
1646 4680 1962 4747 baptismum

437 4767 643 4821 futurus
665 4782 757 4835 per
779 4766 869 4817 Dei
889 4766 1127 4832 gratiam,
1150 4774 1205 4817 ut
1226 4767 1288 4819 de
1316 4767 1541 4819 tenebris
1556 4776 1882 4833 peccatorum
1911 4770 1961 4821 in

438 4855 607 4910 lucem
632 4854 865 4906 veritatis
895 4862 1255 4915 convertatur;
1289 4854 1468 4907 relicto
1490 4856 1694 4907 nomine
1714 4854 1961 4908 falsorum

438 4944 653 4996 deorum
682 4942 816 4996 colat
844 4959 1002 4995 unum
1038 4944 1197 4997 Deum
1224 4945 1395 4997 vivum
1420 4953 1471 4997 et
1504 4960 1702 4997 verum.
1732 4945 1795 4997 Et
1825 4954 1962 5013 post-

438 5044 598 5097 quam
616 5029 725 5089 hmc
748 5031 1018 5099 percepita
1042 5030 1291 5083 catholico
1314 5031 1541 5093 doctore,
1564 5034 1962 5086 catechumenus

438 5118 649 5183 dicitur,
696 5118 769 5189 [id
808 5118 908 5188 est]
939 5121 1211 5171 instructus
1237 5121 1345 5173 sive
1368 5122 1589 5173 auditor.

510 5208 621 5262 Non
664 5225 936 5276 possumus
984 5224 1295 5277 cognoscere
1348 5212 1643 5277 veritatem,
1683 5223 1959 5281 antequam

439 5297 670 5352 sciamus
696 5298 821 5365 quid
861 5298 928 5349 sit
970 5295 1172 5349 falsum.
1214 5298 1373 5365 Igitur
1418 5308 1618 5365 oportet
1655 5315 1747 5353 nos
1773 5301 1958 5354 docere

441 5386 607 5449 illum,
652 5402 681 5437 a
723 5401 826 5453 quo
855 5388 1128 5439 recesserit
1171 5387 1451 5453 peccando,
1481 5389 1608 5439 etin
1643 5403 1744 5455 quo
1780 5404 1957 5441 errore

441 5484 782 5543 permaneat:
813 5481 864 5528 et
890 5482 1066 5542 postea
1098 5474 1148 5526 in
1188 5491 1338 5542 quem
1368 5484 1601 5541 oporteat
1636 5478 1865 5535 credere,
1905 5486 1955 5529 et

2058 4424 2239 4476 mortis
2276 4423 2587 4489 imperium;
2634 4430 2687 4473 et
2714 4434 2805 4487 per
2832 4419 2935 4471 tale
2980 4420 3183 4488 signum
3234 4428 3572 4487 recognoscat

2057 4511 2317 4565 contraria
2353 4518 2601 4578 potestas,
2630 4507 2973 4575 principatum
3017 4522 3072 4560 se
3099 4507 3315 4572 perdere
3345 4507 3393 4556 in
3438 4506 3568 4568 istis,

2058 4614 2188 4668 quos
2214 4600 2350 4650 Deus
2376 4598 2582 4651 vocavit
2603 4597 2665 4648 ad
2691 4597 2907 4664 gratiam
2938 4593 3198 4661 baptismi.
3223 4592 3346 4643 Illud
3370 4592 3572 4659 signum

2059 4687 2256 4739 faciunt
2277 4686 2327 4737 in
2363 4684 2619 4737 frontibus
2653 4697 2832 4735 eorum
2873 4680 3181 4748 presbyteri,
3210 4678 3452 4747 acolythi,
3482 4694 3574 4751 pa-

2062 4776 2182 4829 trini
2213 4784 2264 4827 et
2288 4775 2543 4826 matrinm.
2597 4770 2853 4823 Scribitur
2897 4770 2947 4821 in
2983 4767 3324 4821 aedificatione
3373 4766 3569 4835 templi,

2064 4878 2217 4931 quam
2246 4862 2374 4913 vidit
2416 4859 2652 4912 Ezechiel
2686 4857 2979 4926 specialiter
3019 4870 3131 4909 esse
3176 4856 3419 4921 fenestras
3454 4854 3573 4906 obli-

2008 4986 2029 4997 ς
2062 4965 2186 5018 quas
2213 4950 2265 4999 in
2292 4947 2527 4998 thalamis
2556 4954 2601 4997 et
2628 4946 2681 4996 in
2708 4944 2953 5012 frontibus
2972 4959 3181 5005 corum,
3210 4944 3297 5010 qui
3324 4952 3465 4993 erant
3491 4943 3563 4993 in-

2064 5048 2142 5089 tra
2178 5046 2372 5105 portam
2401 5034 2621 5101 undique
2666 5047 2754 5101 per
2794 5034 3058 5083 circuitum
3087 5031 3294 5099 (Ezech.
3337 5046 3423 5089 XL,
3468 5030 3570 5097 16).

2064 5125 2208 5189 Quod
2238 5125 2312 5177 sic
2327 5122 2539 5189 exponit
2564 5123 2745 5174 beatus
2771 5118 3052 5187 Gregorius
3077 5119 3210 5187 (Lib.
3233 5117 3333 5169 uin
3362 5116 3567 5177 Eme/2.,

2064 5212 2239 5265 homil.
2268 5212 2317 5272 5,
2367 5225 2509 5261 num.
2559 5208 2639 5274 l9)
2674 5225 2684 5258 :
2721 5224 2737 5255 ι
2774 5205 3065 5259 Notandum
3114 5220 3255 5263 vero,
3312 5204 3583 5269 inquiens,

2055 5300 2192 5367 quod
2230 5300 2362 5351 intra
2404 5306 2605 5365 portam
2647 5296 2872 5362 undique
2900 5309 2991 5360 per
3028 5295 3301 5345 circuitum
3333 5291 3574 5343 fenestrae

2054 5390 2274 5454 obliqua:
2315 5401 2427 5439 esse
2457 5392 2825 5437 memorantur.
2860 5381 2968 5434 Non
3012 5383 3149 5435 enim
3178 5376 3572 5445 contemplatio-

2055 5479 2133 5529 nis
2164 5476 2327 5544 gratia
2359 5474 2573 5527 summis
2600 5474 2767 5538 datur,
2799 5481 2849 5526 et
2893 5474 3120 5527 minimis
3150 5486 3248 5524 non
3278 5470 3453 5532 datur,
3481 5467 3576 5521 sed

580 5584 737 5648 Edit.,
764 5601 961 5637 sacrum
996 5586 1176 5651 fronte,
1209 5586 1399 5651 absque
1432 5602 1612 5647 sensu;
1646 5586 1841 5647 Canis,
1885 5603 2080 5639 sacrum
2113 5585 2349 5652 frontem.
