3922 6222
425 332 526 389 895

1376 331 1698 385 AMALAl-Ul
1739 329 2182 386 TliEVlRENSlS
2218 331 2628 386 AllClllEPlSC.

3488 345 3601 396 89G

423 461 562 511 δίκερε
605 441 784 514 {hanc}
835 441 1047 503 summi,
1095 455 1230 507 sepe
1260 439 1478 498 minimi,
1511 438 1703 506 sapius
1732 438 1955 514 remoti.
1992 443 2031 496 Λ
2060 437 2210 490 nobis
2237 439 2410 490 omnia
2452 439 2770 492 necessaria.
2805 440 2869 493 Et
2898 442 3092 495 dimitte
3124 446 3264 496 nobis
3305 447 3472 497 debila
3502 461 3595 496 ηυ-

421 532 699 602 aliquando
725 531 880 594 etiam
902 528 1163 598 conjugati
1186 528 1495 596 percipiunt.
1535 546 1552 577 ›

735 620 840 673 Cur
874 630 1052 688 septies
1098 621 1399 672 s‘crutinium
1443 628 1643 686 agatur.

493 709 814 764 Scrutiniu-m
858 708 916 760 ﬁt
967 717 1089 760 ante
1137 707 1340 760 Pascha
1389 706 1610 773 septies;
1659 705 1956 773 septenario

421 800 560 851 enim
609 811 827 850 numero
887 809 1024 864 stepe
1078 795 1393 847 universitas
1439 793 1773 863 designatur;
1822 794 1959 847 sicut

422 887 649 940 Joannes
692 883 876 937 scribit
918 890 1103 950 septem
1149 879 1393 933 Ecclesiis
1435 879 1612 948 (Apoc.
1663 895 1710 942 t,
1745 879 1798 948 ά)
1839 894 1957 947 qua:

423 982 545 1025 stttll.
570 974 620 1025 in
645 963 794 1024 Asia.
832 968 934 1022 Per
958 969 1054 1022 has
1083 967 1222 1022 enim
1267 978 1468 1036 septem
1510 965 1771 1020 Ecclesias
1812 966 1954 1018 omni

425 1062 666 1115 l'lccleSiaa
693 1059 892 1112 scribit.
933 1056 1139 1136 Septies
1174 1064 1572 1126 perscrutantur
1597 1055 1672 1126 [id
1699 1065 1799 1117 est,
1831 1071 1953 1124 per-

423 1153 557 1206 fecte
597 1147 1040 1219 perscrutantur],
1066 1149 1111 1202 si
1141 1162 1202 1201 ea
1247 1148 1349 1200 ﬁxa
1380 1155 1553 1198 mente
1579 1154 1807 1208 teneant,
1838 1161 1954 1213 qua:

424 1241 749 1294 audierunta
780 1239 1056 1307 magistro;
1084 1247 1141 1290 et
1183 1236 1566 1303 quodammodo
1611 1237 1762 1304 quasi
1809 1242 1954 1289 tene-

426 1330 530 1380 lme
559 1326 805 1395 fugantur
830 1341 858 1377 a
887 1327 1284 1385 catechumeno,
1313 1332 1370 1376 ut
1399 1324 1449 1376 in
1486 1323 1721 1390 profectu
1761 1324 1952 1376 scruti-

424 1416 492 1467 nii
539 1415 891 1466 illumineutur
918 1415 1013 1481 ipsi
1053 1412 1444 1475 catecluuneni;
1485 1412 1622 1465 unde
1646 1413 1775 1464 etin
1805 1425 1951 1465 scru-

421 1504 550 1557 tinio
573 1503 827 1571 acolytbis
852 1501 1076 1571 plurium
1117 1502 1465 1554 ministerium
1493 1501 1830 1570 impenditur,
1861 1501 1947 1568 qui

420 1607 726 1647 accensores
748 1599 867 1645 sunt
888 1581 1160 1643 luminum.
1191 1590 1256 1641 Et
1283 1590 1400 1644 ideo
1433 1591 1820 1644 autumavimus
1856 1606 1952 1643 nos

421 1680 473 1730 in
511 1679 683 1744 priore
705 1677 944 1729 oratione
973 1675 1185 1728 dicere:
1231 1673 1443 1728 Omnem
1475 1676 1750 1728 ca'citatem
1783 1677 1948 1728 cordis

2054 534 2174 583 stra,
2193 526 2322 576 sicut
2349 534 2394 577 et
2419 541 2509 577 nos
2537 523 2840 582 dimittimus
2875 528 3181 582 debitoribus
3213 533 3414 583 nostris.
3447 532 3593 596 Quo—

2055 611 2179 664 tidie
2214 626 2509 678 peccamus,
2548 619 2602 664 et
2658 611 2775 666 ideo
2814 629 3027 668 necesse
3077 624 3159 669 est
3213 618 3364 670 nobis
3411 619 3592 670 dicere

2053 699 2285 766 quotidie
2315 717 2327 750 :
2359 699 2565 751 Dimitte
2590 700 2731 752 nobis
2750 700 2916 754 debita
2940 712 3132 767 nostra,
3161 705 3291 756 sicut
3321 716 3369 756 et
3389 720 3480 756 nos
3509 704 3595 756 di-

2052 787 2299 838 mittimus
2348 785 2657 839 dcbitoribus
2721 789 2926 841 nostris.
3004 787 3078 844 Te
3131 791 3373 852 donante,
3425 789 3596 852 Deus.

2054 872 2210 926 molle
2257 874 2326 926 sit
2365 887 2458 926 cor
2492 881 2754 938 nostrum,
2797 883 2856 927 ut
2901 875 3010 929 cito
3052 875 3402 946 ignoscamus,
3448 886 3503 930 et
3528 885 3591 929 tu

2053 961 2311 1028 ignoscas.
2344 959 2409 1012 Et
2443 977 2504 1013 ne
2547 978 2638 1014 nos
2663 961 2874 1024 inducas
2899 965 2952 1016 in
2979 965 3319 1016 tentationem.
3359 964 3436 1017 Ne
3466 977 3594 1032 per—

2052 1049 2232 1101 mittas
2257 1063 2352 1101 nos
2375 1064 2406 1100 a
2434 1048 2639 1102 diabolo
2668 1051 2741 1102 ita
2784 1050 2995 1114 tentari,
3036 1058 3096 1103 ut
3117 1064 3442 1118 separemur.
3481 1050 3592 1104 Sed

2052 1124 2210 1207 libera
2238 1147 2329 1186 nos
2354 1149 2386 1186 α
2412 1133 2567 1198 malo,
2596 1135 2646 1187 id
2670 1142 2772 1198 est,
2797 1150 2828 1188 a
2853 1136 3086 1203 peccatis
3113 1151 3231 1206 qua
3257 1138 3533 1207 gessimus.

2177 1205 2183 1212 ’
2633 1219 2711 1274 De
2745 1221 2993 1289 symbolo.

2119 1306 2422 1384 Symbolum
2447 1315 2622 1361 autem
2647 1307 2724 1361 sic
2746 1325 2759 1359 :
2785 1306 2948 1361 Credo
2970 1309 3021 1360 in
3042 1309 3205 1361 Deum
3237 1305 3447 1360 Patrem
3475 1325 3589 1361 out-

2049 1395 2368 1463 nipotcntcm.
2421 1394 2476 1447 ln
2523 1394 2799 1448 Dominum
2823 1396 3001 1448 vivum
3050 1405 3102 1449 et
3132 1410 3332 1455 verum,
3375 1394 3592 1448 Patrem

2048 1489 2298 1532 aeternum
2321 1481 2504 1533 teterni
2544 1482 2723 1551 geniti.
2755 1481 3175 1552 Omnipotcntem,
3199 1483 3366 1550 quiet
3400 1498 3592 1550 pecca-

2050 1568 2252 1621 toribus
2302 1568 2485 1621 reddet
2530 1567 2781 1637 supplicia
2829 1571 3113 1624 secundum
3149 1585 3241 1623 sua
3286 1572 3496 1631 merita,
3535 1581 3595 1624 et

2043 1656 2200 1724 justis
2227 1657 2461 1724 praemia.
2486 1655 2774 1710 Creatorem
2803 1659 2911 1712 caeli
2936 1669 2982 1711 et
3009 1668 3177 1722 terrm,
3205 1660 3258 1713 id
3296 1669 3396 1724 est,
3425 1662 3590 1729 spiri-

420 1766 483 1818 ηι,
511 1731 577 1817 ’ρο
606 1762 824 1832 expelle;
863 1772 916 1815 et
941 1762 991 1815 in
1020 1763 1142 1824 ista,
1169 1777 1285 1829 qua,
1323 1763 1491 1830 posita
1521 1759 1669 1830 [Man
1699 1778 1816 1830 quia
1855 1731 2023 1831 pora
2052 1746 2211 1832 tualis
2229 1749 2484 1800 creatura:
2511 1755 2563 1800 et
2582 1748 2891 1816 corporalis.
2923 1745 2989 1800 Et
3011 1750 3065 1801 in
3104 1748 3279 1802 Jesum
3320 1748 3590 1803 Christum

420 1850 551 1920 ste-.1]
592 1849 783 1903 dicitur
819 1850 872 1902 in
917 1849 1190 1911 scrutinio,
1233 1861 1474 1900 aeternam
1516 1865 1576 1900 ac
1607 1849 1950 1917 justissimam

421 1941 654 2006 pietatem
695 1947 855 1998 tuam,
887 1936 1146 1989 dicimus:
1181 1933 1246 1987 Ut
1274 1936 1496 2004 digneris
1541 1952 1624 1988 eos
1660 1935 1950 1989 illuminare

418 2027 606 2077 lumine
636 2024 978 2093 intelligenfire
1011 2034 1134 2077 tum.

929 2133 1004 2184 De
1063 2134 1430 2200 genuﬂexione.

485 2240 908 2304 chullcxionem
948 2255 1043 2308 pro
1085 2240 1165 2293 bis
1209 2239 1447 2302 facimus,
1493 2239 1630 2292 sicut
1656 2237 1952 2307 Stephanus

418 2331 562 2396 lccit,
587 2332 675 2399 qui
700 2330 928 2385 nondum
949 2329 1195 2396 baptizati
1224 2337 1394 2393 erant,
1420 2327 1666 2397 inquiens
1691 2346 1701 2378 :
1737 2327 1950 2379 Domine

419 2420 507 2482 mi,
533 2434 592 2470 ne
620 2429 816 2471 statuas
843 2416 944 2470 illis
969 2418 1062 2470 hoc
1089 2426 1350 2486 peccatum
1381 2418 1517 2485 (Act.
1547 2431 1620 2469 vn
1641 2456 1655 2480 ,
1684 2415 1794 2486 59),
1827 2414 1948 2481 quia

417 2511 659 2564 nesciunt
685 2505 808 2574 quid
835 2504 1050 2560 faciunt.
1083 2504 1336 2564 Similiter
1363 2491 1475 2573 pro
1493 2507 1608 2559 istis
1634 2518 1866 2566 oramus,
1893 2510 1951 2553 ut

418 2595 556 2648 Deus
608 2593 710 2645 illis
737 2606 841 2645 non
885 2593 1105 2663 imputet
1131 2591 1270 2658 quod
1320 2592 1496 2644 taudiu
1543 2597 1852 2642 erraverunt
1899 2595 1952 2639 et

415 2684 693 2752 iacuerunt
719 2681 770 2734 in
805 2681 1054 2749 peccatis,
1094 2681 1183 2733 sed
1213 2679 1498 2734 secundum
1527 2693 1766 2746 magnam
1795 2676 1952 2729 mise-

420 2770 709 2825 ricordiam-
723 2784 872 2822 suam
899 2784 991 2822 eos
1016 2767 1083 2821 ad
1104 2769 1348 2835 baptismi
1388 2766 1611 2835 gratiam
1639 2765 1910 2833 perducat.

849 2857 923 2910 De
961 2859 1189 2909 oratione
1223 2850 1510 2907 Dominica.

485 2935 786 3001 Orationem
841 2945 1161 2998 Dominicam
1205 2945 1282 2997 sic
1335 2943 1583 2997 docemus
1633 2961 1645 2994 :
1699 2942 1950 2996 Dominus

418 3038 595 3090 docuit
621 3035 899 3103 discipulos
937 3035 1071 3088 hanc
1099 3035 1412 3095 orationem,
1457 3047 1521 3086 ne
1560 3032 1819 3101 superﬂua
1858 3046 1947 3100 pe-

420 3134 609 3185 terent,
638 3133 690 3176 ct
715 3139 774 3175 ea
806 3138 919 3190 qua:
955 3123 1017 3175 ad
1056 3135 1238 3174 eorum
1277 3121 1498 3173 salutem
1529 3135 1630 3172 non
1662 3121 1942 3187 pertinent.

419 3213 630 3281 Septem
661 3213 937 3280 petitiones
983 3211 1182 3264 suntin
1230 3210 1330 3262 hac
1371 3209 1609 3262 oratione
1652 3208 1942 3261 Dominica.

417 3302 548 3354 Tres
586 3301 848 3367 pertinent
871 3298 934 3350 ad
961 3299 1305 3352 :eternitatem
1325 3339 1338 3360 ,
1371 3308 1596 3365 quatuor
1619 3299 1683 3351 ad
1708 3313 1949 3351 necessa-

419 3390 494 3440 ria
527 3396 700 3439 nostra
733 3385 883 3452 hujus
918 3389 1190 3454 temporis,
1220 3402 1333 3454 qua:
1369 3388 1419 3440 in
1449 3389 1547 3440 isto
1570 3387 1763 3440 mundo
1799 3387 1950 3456 [Ms.,‘

419 3472 592 3541 modo]
619 3475 966 3526 continentur.
1021 3471 1176 3526 Pater
1223 3485 1393 3526 noster
1429 3477 1514 3542 qui
1585 3493 1636 3526 es
1690 3476 1744 3526 in
1790 3475 1944 3538 caelis,

418 3563 760 3628 sanctiﬁcetur
789 3577 969 3612 nomen
999 3571 1160 3613 tuum.
1191 3563 1264 3648 ll'e
1293 3563 1502 3615 Patrem
1539 3563 1699 3615 Deum
1742 3564 1949 3618 invoca-

419 3667 555 3713 mus,
586 3652 670 3716 qui
708 3650 914 3702 voluisti
955 3665 1049 3703 nos
1078 3649 1253 3703 facere
1297 3653 1386 3704 tibi
1418 3651 1550 3704 ﬁlios
1574 3653 1866 3720 adoptivos,
1896 3663 1949 3708 et

419 3741 471 3794 in
516 3742 787 3793 animabus
830 3742 984 3807 justis
1031 3742 1205 3795 sedem
1237 3742 1312 3794 vis
1343 3742 1558 3806 habere,
1595 3751 1654 3795 ut
1692 3745 1948 3797 sanctitas

419 3831 644 3884 nominis
673 3832 766 3892 tui,
809 3845 923 3896 qum
956 3831 1089 3896 apud
1130 3839 1178 3883 te
1202 3839 1302 3892 est,
1343 3839 1550 3884 maneat
1575 3831 1626 3883 in
1654 3840 1833 3884 nostro
1861 3848 1949 3900 pe—

418 3929 582 3972 ctore.
621 3921 864 3971 Adveniat
909 3935 1113 3986 regnum
1154 3929 1313 3970 tuum.
1351 3919 1567 3972 Deﬁciat
1603 3921 1832 3985 quotidie
1863 3935 1947 3973 re-

417 4023 574 4076 gnum
601 4007 809 4068 diaboli,
843 4016 1152 4074 crescatque
1177 4017 1339 4060 tuum.
1357 4009 1448 4061 Vel
1477 4009 1562 4061 illo
1590 4011 1764 4072 modo,
1795 4012 1948 4064 sicuti

418 4093 646 4146 clamant
682 4095 730 4146 in
769 4094 1076 4162 Apocalypsi
1105 4112 1116 4146 :
1171 4093 1453 4172 Usquequo,
1485 4098 1712 4159 Domine,
1745 4111 1947 4153 sanctus

417 4191 462 4233 et
505 4199 646 4233 rerus
694 4200 794 4234 non
839 4183 1046 4250 judicas
1073 4193 1116 4235 et
1149 4183 1371 4237 vindicas
1397 4188 1692 4254 sanguinem
1724 4200 1945 4242 nostrum
1992 4227 2000 4236 .

415 4270 478 4320 de
505 4271 580 4319 lt‘s
603 4273 686 4337 qui
711 4271 937 4322 habitant
964 4273 1018 4323 in
1041 4282 1177 4323 terra
1219 4273 1397 4342 (Apoc.
1428 4289 1479 4326 vt
1498 4315 1510 4336 ,
1544 4275 1662 4342 10)?
1701 4276 1846 4342 Quod
1877 4280 1947 4333 ita

2053 1827 2248 1886 Filiu‘m
2272 1833 2400 1901 ejus.
2453 1833 2507 1886 lu
2556 1833 2902 1898 Salvatorem,
2937 1835 3181 1889 Unctum.
3238 1835 3431 1889 Filium
3477 1839 3594 1905 ejus

2054 1917 2293 1989 [Unicum
2315 1919 2587 1972 Dominum
2610 1919 2878 1991 nostrum].
2903 1919 3032 1986 Quia
3062 1922 3203 1975 solus
3240 1937 3334 1975 nos
3366 1923 3596 1977 redemit

2051 2007 2282 2072 pretioso
2306 2006 2557 2075 sanguine
2596 2019 2709 2069 suo,
2737 2007 2826 2075 qui
2853 2021 2948 2074 per
2972 2006 3158 2060 Isaiam
3189 2009 3322 2081 diin
3350 2026 3361 2059 :
3398 2007 3439 2060 Τ
3442 2025 3594 2061 orcu-

2052 2095 2132 2147 lar
2177 2097 2364 2147 calcari
2397 2095 2535 2148 solus
2561 2104 2606 2148 et
2649 2096 2711 2148 de
2753 2096 2980 2163 gentibus
3023 2113 3120 2150 non
3150 2109 3222 2150 est
3274 2100 3350 2151 vir
3393 2116 3589 2152 mecum

2053 2183 2183 2250 (Isa.
2214 2199 2372 2244 Lxut,
2400 2182 2473 2250 ⁸5).
2504 2181 2697 2234 Natum
2721 2183 2772 2234 in
2799 2192 3030 2250 tempore
3055 2186 3356 2246 novissimo,
3385 2203 3447 2239 ex
3473 2186 3591 2239 Μα-

2052 2273 2129 2323 ria
2158 2273 2362 2340 virgine.
2397 2271 2610 2325 Passum
2633 2287 2728 2341 pro
2757 2280 2934 2327 nostra
2968 2274 3135 2329 salute
3163 2276 3254 2328 sub
3282 2273 3470 2329 Pontio
3498 2276 3600 2330 Pi—

2051 2358 2186 2422 lato;
2214 2359 2264 2412 id
2292 2367 2394 2424 est,
2434 2361 2530 2414 sub
2554 2361 2773 2428 praeside
2812 2361 2996 2425 Pilato;
3028 2364 3116 2431 qui
3141 2365 3204 2416 de
3234 2365 3384 2419 Ponti
3413 2365 3586 2420 insula

2052 2445 2507 2514 l'uit.‘Cruciﬁ:t:us,
2539 2447 2589 2499 in
2624 2461 2780 2501 cruce
2807 2462 3112 2518 suSpcnsus.
3161 2452 3417 2516 Mortuus,
3466 2471 3589 2509 cor-

2049 2529 2228 2602 porali
2243 2543 2438 2598 morte;
2461 2544 2508 2587 et
2528 2535 2752 2603 sepultus
2769 2552 2989 2606 corpore
3011 2542 3202 2596 triduo.
3225 2542 3492 2595 Descendit
3517 2545 3591 2596 ad

2051 2621 2271 2689 inferna,
2306 2622 2479 2674 anima
2507 2630 2728 2676 tantum.
2776 2621 2946 2678 Tertia
2985 2627 3066 2680 die
3091 2632 3367 2682 resurrexit
3396 2649 3426 2682 ιι
3455 2648 3594 2684 mor-

2051 2709 2183 2770 tuis;
2233 2722 2452 2776 corpore
2482 2711 2772 2764 resurrexit
2801 2722 2968 2768 morte
3011 2715 3295 2769 destructa.
3348 2717 3593 2772 Ascendit

2051 2795 2119 2848 ad
2147 2796 2316 2858 caelos,
2339 2797 2588 2864 apostolis
2611 2799 2924 2864 videntibus,
2954 2803 3004 2856 in
3028 2799 3193 2857 forma
3213 2819 3316 2872 qua
3338 2817 3593 2861 venturus

2044 2885 2223 2937 estad
2261 2884 2535 2952 judicium.
2565 2886 2814 2949 Ascendit
2852 2891 2915 2943 ad
2961 2892 3141 2955 caelos,
3187 2896 3276 2962 qui
3321 2912 3592 2966 nunquam

2051 2969 2215 3023 deluit
2248 2973 2548 3028 cmlsstibus
2569 2976 2803 3030 sedibus.
2840 2977 2987 3031 Sedet
3017 2981 3082 3032 ad
3103 2981 3332 3034 dextram
3360 2984 3451 3036 Dei
3481 3003 3594 3037 om—

1975 3049 2018 3110 C
2049 3060 2336 3127 nipotentis,
2364 3062 2417 3115 id
2443 3071 2541 3127 est,
2571 3074 2754 3132 regnat
2790 3067 2842 3118 in
2874 3083 3034 3137 regno
3063 3068 3234 3123 Patris
3264 3074 3360 3133 sui,
3397 3074 3447 3126 in
3479 3090 3591 3141 quo

2045 3147 2174 3199 nihil
2195 3149 2465 3203 sinistrum
2491 3162 2666 3206 manet
2686 3161 2738 3207 et
2776 3158 3026 3211 manebit.
3060 3158 3189 3213 Inde
3231 3172 3468 3217 venturus
3494 3166 3594 3232 ju-

2045 3237 2216 3291 dicare
2265 3241 2396 3293 rivos
2423 3250 2754 3297 et'mortuos.
2789 3245 2915 3299 Eam
2958 3246 3177 3302 formam
3221 3268 3374 3320 quam
3419 3253 3592 3311 Judaei

2045 3325 2432 3393 cruciﬁxerunt,
2464 3329 2638 3398 impiis
2659 3341 2712 3386 et
2733 3333 2888 3398 justis
2918 3334 3393 3403 demonstraturus;
3417 3340 3585 3406 justis

2046 3427 2168 3465 vero
2194 3429 2307 3466 eam
2334 3415 2555 3470 formam
2585 3427 2788 3473 tantum
2818 3436 2975 3488 quam
3012 3422 3175 3478 Judmi
3200 3427 3448 3481 increduli
3475 3445 3585 3484 non

2046 3511 2420 3568 cognoverunt.
2469 3503 2717 3559 Judieare
2761 3509 2892 3562 vivos
2934 3521 2982 3566 et
3027 3522 3271 3576 mortuos,
3311 3514 3486 3580 justus
3535 3529 3593 3571 et

2044 3597 2367 3655 peccatores,
2436 3608 2858 3662 unumquemque
2907 3601 3192 3654 secundum
3264 3602 3398 3656 facta
3447 3606 3589 3674 ejus.

2047 3675 2207 3729 Credo
2251 3679 2302 3730 in
2357 3679 2603 3747 Spiritum
2643 3695 2895 3749 sanctum,
2927 3689 3014 3754 qui
3053 3688 3225 3756 aliquo
3254 3695 3406 3747 modo
3436 3692 3589 3764 [Ms.,

2047 3766 2346 3837 aliquando]
2375 3769 2564 3822 donum
2590 3771 2684 3824 Dei
2723 3773 2934 3839 dicitur,
2968 3786 3018 3830 et
3042 3793 3190 3831 amor
3213 3780 3384 3837 Patris
3424 3796 3474 3838 et
3501 3786 3591 3842 Fi-

2047 3851 2120 3915 lii,
2150 3854 2259 3906 sive
2291 3859 2721 3916 communicatio:
2754 3861 2806 3913 in
2834 3878 2937 3930 quo
2958 3864 3092 3918 dono
3117 3867 3173 3919 lit
3201 3871 3438 3924 remissio
3459 3888 3586 3924 om-

2047 3940 2189 3992 nium
2210 3950 2558 4008 peccatorum.
2586 3945 2805 4016 Ideoque
2829 3952 2916 4018 qui
2936 3950 3348 4020 blasp/icmaeerit
3377 3960 3429 4010 in
3466 3959 3592 4028 Spi-

2048 4030 2199 4080 ritum
2229 4040 2479 4095 sanctum,
2508 4047 2611 4086 non
2642 4036 2920 4088 remittetur
2940 4039 3003 4096 ei,
3045 4043 3275 4107 nequc‘in
3311 4044 3404 4095 hoc
3422 4062 3590 4098 sitcu-

2047 4114 2117 4205 lo,
2159 4118 2394 4205 nequein
2421 4117 2594 4184 futuro
2622 4120 2831 4188 (Matth.
2866 4139 2970 4188 xu,
3002 4126 3097 4190 32;
3139 4128 3300 4183 Marc.
3335 4149 3425 4196 ιιι,
3470 4134 3585 4205 ‘29).

2049 4200 2290 4254 Sanctam
2313 4203 2597 4258 Ecclesium
2626 4209 2944 4273 catholicam,
2990 4217 3333 4271 universalem
3363 4200 3589 4291 congre—

2047 4291 2308 4360 gationem
2335 4291 2617 4358 justorum,
2646 4306 2697 4349 et
2726 4299 2978 4354 unitatem
3004 4302 3122 4357 ﬁdei
3154 4309 3416 4364 credimus
3437 4327 3582 4367 esse.

415 4359 715 4464 εκροδίιυηξ
754 4359 988 4411 Videmus
1007 4360 1083 4464 ιξη
1132 4359 1264 4413 ω)το
1315 4362 1488 4416 domiti
1531 4364 1680 4418 Beda!
1706 4366 1865 4433 (Beda
1893 4370 1946 4421 in
1976 4370 2020 4427 D
2048 4359 2348 4434 Sanctorum
2375 4388 2795 4451 communionem,
2825 4390 2876 4442 in
2917 4393 3120 4447 vinculo
3157 4398 3302 4464 pacis
3328 4401 3586 4457 unitatem

415 4461 527 4511 cap.
586 4461 634 4495 νι
684 4448 902 4513 .-tpoc.);
950 4463 966 4495 α
1007 4448 1116 4500 Non
1148 4450 1246 4503 hoc
1291 4451 1411 4503 odio
1458 4454 1811 4518 inimicorum,
1852 4474 1948 4527 pro

412 4531 602 4597 quibus
633 4531 681 4583 in
714 4532 809 4585 hoc
840 4534 1029 4586 smculo
1070 4548 1404 4604 rogaverunt,
1434 4550 1610 4606 orant;
1642 4545 1732 4597 sed
1769 4561 1947 4601 amore

413 4619 694 4686 :cquitatis,
727 4636 829 4688 quo
869 4621 963 4690 ipsi
1011 4621 1200 4686 Judici,
1241 4635 1298 4677 ut
1342 4644 1502 4698 prope
1529 4635 1704 4700 positi,
1735 4652 1947 4691 concor-

412 4707 566 4767 dmt,
589 4708 724 4760 diem
750 4709 950 4776 judicii,
979 4726 1082 4778 quo
1129 4715 1332 4779 peccati
1373 4731 1588 4785 regnum
1624 4721 1942 4791 destruatur,

412 4804 463 4846 et
492 4799 926 4851 resurrectionem
962 4801 1339 4857 exstinctorum
1381 4821 1655 4875 corporum
1700 4799 1945 4869 advenire

415 4893 712 4951 precantur.
761 4884 887 4938 Nam
913 4895 966 4940 et
995 4904 1088 4941 nos
1135 4891 1184 4941 in
1215 4897 1480 4957 pnesenti,
1507 4913 1623 4950 cum
1651 4916 1744 4967 pro
1775 4903 1945 4956 inimi-

413 4975 489 5026 cis
513 4988 665 5025 orare
686 4972 946 5038 jubemur,
974 4975 1193 5030 dicimus
1226 4988 1392 5033 tamen
1427 4984 1647 5039 Domino
1689 4999 1897 5044 orantes
1929 5010 1939 5042 :

414 5063 657 5114 Adveniet
684 5078 886 5130 regnum
929 5074 1088 5136 tuum.
1127 5087 1143 5117 ι
1175 5066 1293 5118 Fiat
1338 5071 1563 5125 voluntas
1603 5079 1863 5138 tua,,sicut
1891 5083 1944 5132 in

415 5149 533 5199 coelo
571 5159 617 5200 et
656 5151 708 5202 in
746 5160 898 5202 terra.
955 5152 1052 5205 Per
1092 5155 1268 5207 emtum
1299 5159 1619 5223 spiritualem
1649 5173 1941 5221 creaturam

413 5234 776 5305 intelligimus;
808 5253 900 5305 per
926 5249 1131 5305 terram,
1171 5247 1512 5313 corporalem.
1545 5249 1620 5301 lta
1663 5253 1770 5316 liat,
1808 5256 1944 5309 Deus

412 5321 588 5387 Pater,
617 5327 855 5380 voluntas
880 5337 987 5390 tua,
1012 5340 1070 5382 ut
1096 5346 1157 5383 ea
1185 5348 1301 5399 quae
1328 5336 1502 5390 animo
1533 5341 1824 5409 cogitamus
1852 5348 1943 5399 bo—

413 5429 498 5475 na,
543 5417 795 5482 perﬁcere
847 5418 1108 5473 valeamus
1155 5436 1314 5488 opere
1363 5440 1456 5491 per
1500 5442 1707 5496 corpus.
1751 5431 1942 5486 Panem

418 5513 641 5555 nostrum
667 5507 1015 5571 quotidianum
1044 5509 1110 5558 da
1141 5511 1282 5563 nobis
1304 5511 1470 5565 hodie.
1518 5516 1737 5586 Semper
1778 5537 1942 5587 quan-

423 5594 503 5643 Jiu
558 5607 650 5646 nos
677 5609 857 5650 sumus
891 5597 942 5650 in
988 5597 1086 5662 hoc
1135 5601 1342 5667 sacculo,
1397 5605 1611 5672 dignare
1643 5610 1939 5667 ministrare

2047 4470 2271 4538 Spiritus
2322 4491 2532 4531 servare
2585 4482 2762 4534 credo.
2822 4482 3187 4543 Remissionem
3235 4505 3584 4563 peccatorum,

2043 4576 2174 4628 quat,
2208 4565 2344 4617 sicut
2373 4566 2614 4630 diximus,
2648 4567 2705 4621 lit
2733 4571 2782 4623 in
2806 4574 2941 4629 dono
2973 4575 3200 4644 Spiritus
3229 4584 3414 4636 sancti.
3443 4580 3582 4638 Car-

2045 4652 2121 4703 nis
2153 4655 2599 4716 resurrectionem;
2649 4659 2926 4726 septimam
2971 4663 3173 4718 sabbati
3211 4669 3368 4721 credo
3401 4669 3584 4736 justos

2045 4738 2278 4805 recipere
2321 4741 2583 4796 absolutos
2631 4759 2658 4796 a
2709 4760 2926 4813 corpore
2974 4759 3202 4818 terreno,
3244 4762 3476 4811 etcrunt
3525 4762 3581 4813 in

2043 4841 2232 4895 magno
2258 4829 2443 4894 gaudio
2471 4833 2753 4885 secundum
2785 4837 3190 4906 uniuscujusque
3216 4846 3577 4911 mansionem;

2043 4927 2197 4984 atque
2225 4929 2530 4987 exspectare
2554 4933 2796 4976 octavum
2824 4927 2979 4989 diem,
3022 4930 3081 4982 iu‘
3103 4947 3205 4999 quo
3229 4949 3450 5003 corpora
3477 4953 3580 4993 sua

2044 5007 2299 5074 recipiant
2326 5008 2527 5075 integra
2569 5019 2722 5077 atque
2761 5013 3037 5082 perlecta:
3091 5020 3233 5088 impii
3274 5023 3337 5074 ad
3380 5025 3582 5092 suppli-

2043 5096 2198 5156 cium,
2227 5160 2232 5168 _
2241 5096 2366 5163 justi
2406 5099 2470 5150 ad
2514 5101 2674 5153 vitam
2713 5112 2959 5159 :eternam
2991 5106 3148 5177 [Vere
3183 5119 3235 5164 et
3260 5111 3455 5180 absque
3479 5114 3580 5168 du-

2042 5181 2295 5236 bitatione
2331 5185 2402 5236 ita
2438 5187 2740 5259 credimus].

2546 5275 2620 5326 De
2655 5280 3045 5334 exorcizatione.

2111 5355 2470 5423 Exorcizatur,
2519 5362 2567 5414 id
2609 5370 2724 5425 est,
2776 5364 3061 5430 adjuratur,
3112 5368 3221 5421 sive
3265 5369 3578 5439 increpatur

2043 5441 2306 5508 diabolus,
2351 5448 2446 5499 sub
2498 5464 2601 5515 quo
2659 5458 2777 5502 sunt
2821 5467 3004 5507 omnes
3043 5456 3131 5522 qui
3186 5471 3304 5510 cum
3351 5471 3574 5526 peccato

2044 5539 2341 5595 nascuntur,
2393 5542 2449 5587 ut
2487 5537 2692 5589 recedat
2730 5553 2756 5590 a
2788 5538 2876 5592 Dei
2919 5550 3157 5597 creatura
3194 5541 3383 5615 [Edit.,
3416 5561 3446 5600 a
3475 5547 3572 5606 Dei

2043 5618 2270 5688 natura].
