3922 6222
392 418 511 476 891

939 530 1010 583 De
1042 531 1268 599 exsuﬂat
1279 531 1405 582 'one.

470 618 782 675 Exsuﬂlatnr
810 617 1004 685 itaque,
1033 616 1154 684 quia
1198 616 1288 668 tali
1333 616 1520 685 dignus
1544 623 1624 668 est
1651 615 1934 684 ignominia

393 709 641 766 desertor
666 706 932 774 antiquus.

1041 795 1116 847 De
1153 793 1277 847 sale.

467 887 524 942 In
546 887 658 956 ipso
683 885 938 940 scrutinio
960 884 1292 940 benedictum
1325 883 1486 936 salem
1513 882 1594 937 ori
1622 882 1935 949 imponimus

396 981 522 1035 post
559 975 788 1042 primam
828 972 1145 1032 orationem,
1191 986 1292 1039 qua
1341 972 1572 1026 dicitur:
1606 969 1934 1040 Omnipotens

388 1064 694 1133 sempiterna
724 1061 883 1124 Deus,
912 1060 1156 1128 respicere
1197 1059 1408 1128 dignare
1434 1075 1582 1126 super
1601 1059 1736 1112 hunc
1767 1059 1934 1125 [anm-

391 1150 692 1211 (uirtutum,
718 1162 864 1216 quem
896 1145 963 1198 ad
1002 1143 1288 1196 rudimenta
1330 1144 1456 1210 fidei
1480 1160 1657 1196 vocare
1697 1144 1933 1212 dignatus

388 1248 470 1296 es,
499 1240 552 1287 et
576 1233 793 1302 reliqua.
826 1233 896 1287 Ut
925 1240 1200 1300 postquam
1229 1231 1520 1306 instructus
1557 1229 1712 1284 fuerit
1748 1247 1778 1284 a
1819 1247 1932 1306 ma-

387 1321 562 1390 gistro
599 1301 978 1384 ecclesiastico,
1024 1328 1369 1393 recognoscat
1402 1301 1558 1372 verba
1597 1334 1692 1372 sua
1725 1303 1933 1373 condita

388 1411 587 1465 debere
626 1425 743 1464 esse
780 1410 887 1464 sale
922 1409 1210 1478 sapientius,
1250 1409 1384 1462 sicut
1430 1407 1622 1462 Paulus
1668 1409 1934 1475 apostolus

387 1499 580 1552 scribit
615 1499 679 1552 ad
702 1497 1044 1552 Colossenses
1071 1515 1082 1549 :
1114 1495 1290 1551 Sermo
1314 1507 1469 1550 vester
1493 1498 1544 1548 in
1564 1497 1730 1564 gratia
1744 1496 1848 1550 sale
1869 1500 1934 1550 sit

385 1587 644 1649 conditus,
667 1595 720 1637 ut
741 1587 935 1649 sciatis,
965 1584 1218 1656 quomodo
1266 1593 1494 1654 oporteat
1530 1602 1620 1652 eos
1661 1575 1934 1654 unicuique

391 1674 697 1740 respondere
719 1669 854 1740 (Col.
882 1687 951 1733 tv,
981 1671 1054 1740 6).

614 1758 879 1822 Quomodo
916 1758 1007 1825 ﬁat
1045 1759 1370 1811 nouissimum
1405 1759 1725 1812 scrutinium.

459 1845 526 1899 Et
571 1845 697 1900 illud
737 1847 1049 1900 scrutinium
1090 1832 1271 1901 linitur
1306 1849 1526 1901 sabbato
1554 1859 1674 1902 ante
1707 1850 1926 1903 Pascha.
1959 1831 2004 1889 Β
2034 1849 2156 1892 sum
2200 1856 2358 1908 opera
2399 1842 2626 1896 hominis
2673 1861 2685 1896 :

384 1932 508 2001 Ipso
537 1932 620 1986 die
644 1932 866 1987 facimus
891 1935 1170 2002 septimum
1209 1935 1546 1997 scrutinium,
1588 1937 1726 1988 sicut
1749 1937 1798 1989 in
1829 1936 1933 1988 Ro-

385 2036 547 2076 mano
569 2021 765 2076 Ordine
792 2023 1088 2096 invenimus
1117 2023 1391 2092 scriptum,
1429 2033 1483 2077 et
1514 2024 1736 2092 legimus
1771 2039 1932 2092 super

385 2109 545 2164 illos:
573 2107 680 2161 Nec
724 2118 771 2162 te
799 2109 922 2162 latet
966 2109 1204 2190 Satanas.

646 2216 654 2225 '
733 2199 810 2252 De
858 2208 995 2252 tactu
1033 2201 1238 2253 narium
1279 2211 1327 2253 st
1364 2202 1587 2254 aurium.

454 2288 582 2343 Post
605 2288 744 2341 hanc
771 2288 1048 2342 lectionem
1075 2289 1340 2358 tangimus
1371 2303 1556 2344 eorum
1583 2304 1739 2344 aures
1762 2299 1815 2343 et
1835 2305 1928 2343 na-

386 2391 498 2440 res,
523 2384 578 2431 et
606 2376 829 2431 dicimus
860 2377 974 2430 eis:
1029 2376 1246 2445 Epheta,
1296 2379 1351 2430 in
1395 2377 1602 2430 odorem
1646 2379 1927 2431 suavitatis.

386 2464 554 2517 Nares
590 2466 872 2535 tangimus,
899 2473 956 2518 ut
995 2467 1393 2527 admoneantur,
1419 2468 1652 2534 quandiu
1682 2468 1926 2537 spiritum

388 2554 545 2620 hujus
563 2545 682 2608 vitae
717 2556 954 2618 trahunt,
987 2568 1193 2622 semper
1233 2555 1286 2607 in
1327 2555 1410 2608 bis
1430 2564 1786 2622 perseverent,
1815 2571 1930 2624 qua:

385 2643 496 2710 jam
524 2641 819 2694 didicerunt
845 2650 900 2694 et
923 2643 1096 2695 adhuc
1117 2642 1326 2695 discunt
1349 2643 1415 2695 ab
1439 2657 1532 2696 ore
1550 2643 1929 2720 catholicorum

389 2731 656 2793 virorum;
690 2735 744 2781 et
783 2729 902 2783 ideo
929 2737 1083 2796 sputo
1110 2731 1406 2798 presbyteri
1436 2737 1743 2796 tanguntur.
1773 2729 1930 2783 Simi-

386 2819 514 2872 liter
542 2819 764 2872 dicimus
791 2817 857 2872 de
878 2819 1112 2882 auribus,
1154 2819 1304 2886 quasi
1340 2818 1480 2872 dicat
1511 2819 1786 2888 presbyter
1811 2837 1822 2870 :
1869 2820 1931 2872 li—

385 2908 534 2971 dem,
559 2922 714 2974 quam
739 2907 806 2960 ab
833 2906 936 2959 isto
961 2919 1054 2959 one
1097 2905 1346 2967 didicisti,
1390 2915 1443 2957 et
1475 2920 1592 2972 qua:
1637 2919 1734 2971 per
1776 2919 1933 2958 aures

389 2995 611 3049 intravit
659 2994 725 3047 ad
764 2994 1014 3056 animam,
1053 2994 1284 3059 quandiu
1325 2993 1568 3058 spiritum
1610 2992 1734 3044 vita:
1780 2989 1932 3059 hujus

387 3083 610 3136 naribus
653 3081 839 3143 trabis,
873 3094 1080 3146 semper
1102 3088 1280 3132 tenere
1319 3088 1604 3139 memento,
1647 3086 1706 3130 ut
1753 3078 1928 3131 dicere

387 3171 561 3238 possis
582 3185 702 3223 cum
738 3168 902 3222 Paulo
947 3168 1220 3236 apostolo:
1269 3164 1458 3217 Christi
1501 3167 1659 3217 bonus
1696 3165 1929 3217 σάω-λιιι-

387 3273 504 3310 inus
530 3257 613 3326 (II
641 3255 760 3309 Cor.
785 3272 823 3308 η
849 3295 864 3318 ,
890 3256 994 3325 15).
1024 3255 1090 3307 Et
1111 3255 1302 3307 iterum
1322 3253 1464 3306 dicat
1483 3254 1698 3306 auribus
1722 3269 1734 3304 :
1759 3253 1930 3306 Aures

389 3345 525 3406 istae,
560 3343 666 3395 Deo
703 3342 1004 3404 miserante,
1045 3355 1254 3407 semper
1283 3349 1478 3407 apertze
1503 3341 1612 3392 sint
1635 3341 1700 3392 ad
1739 3340 1930 3392 intellio

387 3430 558 3496 genua
590 3430 750 3483 verba
793 3428 1080 3496 disciplinas
1122 3427 1251 3492 Dei;
1297 3435 1356 3480 ut
1398 3429 1572 3481 dicere
1615 3425 1816 3495 possit:
1864 3425 1929 3479 In

388 3515 635 3567 obauditu
659 3515 800 3567 auris
823 3515 1016 3568 obediri
1037 3515 1127 3566 tibi
1155 3513 1322 3584 (Psal.
1356 3529 1462 3586 xvii
1482 3554 1495 3577 ,
1537 3511 1646 3582 45).

672 3601 744 3654 De
779 3602 1014 3653 unctione
1049 3600 1272 3670 scapulis
1304 3612 1351 3653 et
1383 3604 1617 3669 pectoris.

459 3683 646 3740 Postea
683 3689 946 3757 tangimus
985 3687 1050 3742 de
1076 3689 1192 3741 oleo
1223 3697 1408 3742 sancto
1451 3689 1692 3756 scapulas
1731 3697 1784 3742 ct
1828 3704 1921 3757 pe-

385 3783 529 3837 ctus,
554 3783 608 3826 et
632 3775 854 3828 dicimus
876 3775 955 3827 eis
980 3791 992 3825 :
1024 3773 1361 3826 Abrenuntias
1389 3773 1600 3826 Satamv
1619 3776 1642 3826 ?
1663 3784 1716 3828 et
1739 3785 1926 3829 ctetera

387 3877 509 3928 quae
543 3870 852 3928 sequuntur.
901 3861 1002 3914 Per
1027 3862 1198 3914 oleum
1239 3877 1467 3929 namque
1511 3865 1925 3917 misericordiam

392 3947 486 3999 Dei
522 3948 763 3999 novimus
791 3949 1004 4016 signari.
1043 3947 1207 4016 [Quos
1254 3947 1563 4016 alitem-per
1605 3949 1792 4011 oleam,
1823 3951 1923 4004 nisi

389 4037 761 4090 misericordes
799 4037 1124 4106 accipimus],
1163 4039 1300 4104 quia
1331 4037 1512 4091 Grasce
1558 4039 1688 4092 eleos
1727 4039 1921 4110 [Eleae],

397 4126 584 4178 Latine
620 4127 969 4179 misericordia
1014 4129 1406 4194 interpretatur.
1449 4128 1503 4180 ln
1530 4128 1775 4194 scapulis,
1814 4131 1926 4181 sive

389 4213 445 4266 in
473 4215 704 4267 humeris
725 4214 1078 4267 fortitudinem
1115 4217 1313 4268 brachii
1355 4215 1550 4268 terreni
1577 4211 1803 4268 hominis
1827 4231 1923 4282 po-

391 4300 583 4352 nimus.
612 4299 832 4352 Brachia
860 4308 1144 4367 operantur
1174 4309 1227 4353 et
1248 4316 1454 4363 manus,
1484 4302 1668 4368 quazin
1694 4301 1926 4356 brachiis

384 4389 574 4455 posita:
599 4396 752 4452 sunt;
789 4396 843 4440 et
879 4389 996 4442 ideo
1023 4397 1353 4454 autumamus
1387 4405 1481 4457 per
1513 4391 1752 4458 scapulas
1784 4392 1923 4445 desi-

1400 419 1612 472 EPlST.
1656 419 1739 472 DE
1777 416 2205 472 CxERliMONllS
2244 419 2567 472 BAPTISMI.

3409 427 3418 462 ι
3464 426 3567 482 898

1963 530 2004 586 A
2037 531 2362 592 renuntient,
2396 533 2585 606 id'cst,
2637 531 2999 584 contradicant
3034 531 3241 585 Satana:
3289 538 3566 588 contrarisc

2034 619 2302 683 potestati,
2328 629 2382 672 et
2406 620 2648 672 omnibus
2667 618 2914 686 operibus
2939 619 3054 686 ejus
3075 626 3129 672 et
3153 621 3396 674 omnibus
3420 636 3571 690 pont-

1937 716 1946 725 '
2031 706 2113 771 pis
2139 706 2268 774 ejus.
2300 707 2532 761 Dicimus
2567 707 2639 760 illi
2671 726 2682 759 :
2711 706 2993 762 Contradic
3023 707 3233 762 Satanas
3258 748 3272 771 ,
3299 726 3418 790 cum
3448 727 3570 780 pro-

2029 791 2184 857 pheta
2234 792 2433 846 David:
2471 792 2770 846 Obliriscere
2811 793 3051 862 populum
3089 803 3230 847 tuum
3273 805 3319 846 et
3359 796 3568 849 domum

2031 882 2188 946 patris
2214 882 2288 933 tui
2320 881 2487 949 (Psal.
2519 898 2658 943 κων,
2689 881 2792 951 Η).
2839 881 3027 936 Postea
3050 883 3367 938 eLomnibus
3393 885 3566 950 operi-

2032 963 2130 1018 bus
2151 962 2283 1030 ejus,
2332 981 2448 1035 qua:
2479 974 2600 1020 sunt
2651 965 2948 1031 fornicatio,
3003 967 3256 1021 idolorum
3300 969 3566 1028 servitus.

1991 1069 1995 1072 ·
2031 1053 2281 1104 veneficia
2315 1091 2329 1112 ,
2381 1052 2660 1106 homicidia
2689 1093 2704 1116 ,
2744 1053 3023 1108 ebrietates
3044 1094 3058 1118 ,
3083 1057 3490 1109 comessationes
3518 1043 3585 1108 ct"

2033 1138 2116 1190 his
2144 1139 2355 1191 similia.
2390 1139 2516 1204 Qum
2540 1142 2782 1207 quamvis
2826 1143 2890 1194 ad
2926 1143 3102 1195 carnis
3129 1142 3423 1212 voluptates
3451 1159 3571 1211 pcr—

2034 1224 2266 1288 tineant,
2311 1236 2485 1280 tamen
2533 1242 2690 1295 opera
2728 1240 2855 1284 sunt
2881 1230 3109 1295 Satanae,
3135 1247 3357 1299 quorum
3383 1238 3570 1288 suasor

2032 1320 2085 1365 et
2138 1314 2478 1384 investigator
2504 1324 2583 1369 est
2598 1317 2864 1371 'occultus.
2896 1319 3018 1373 Hrec
3046 1303 3169 1374 sunt
3203 1336 3320 1388 qua:
3350 1331 3571 1391 regnant

2031 1399 2083 1452 in
2104 1399 2314 1455 diabolo
2341 1403 2455 1456 sine
2480 1419 2639 1457 carne
2667 1422 2679 1456 :
2711 1405 2976 1472 superbia,
3007 1399 3225 1471 invidia,
3257 1409 3566 1497 jnimicitim,

2032 1493 2411 1554 contentiones,
2441 1493 2820 1556 mmulationes,
2854 1496 2962 1558 irze,
2995 1496 3142 1558 rixae,
3175 1493 3527 1551 dissensiones
3553 1537 3567 1559 ,

1996 1573 1998 1576 ’
2033 1586 2187 1631 secta!
2214 1588 2267 1631 et
2314 1581 2535 1648 reliqua.
2579 1582 2829 1647 Quamvis
2856 1587 2934 1640 ea‘
2956 1584 3238 1651 Apostolus
3281 1583 3478 1654 (Galat.
3513 1601 3569 1649 v,

2035 1665 2098 1718 i9
2126 1666 2251 1736 seq.)
2279 1684 2429 1734 opera
2455 1671 2625 1722 carnis
2644 1670 2802 1730 dicat,
2824 1680 2997 1725 tamen
3024 1674 3137 1726 sine
3157 1688 3317 1726 carne
3346 1681 3568 1741 regnant

2033 1753 2085 1804 in
2113 1753 2349 1817 diabolo;
2381 1748 2584 1808 etsunt
2609 1758 2832 1823 quodam
2862 1759 3018 1817 modo
3041 1773 3200 1828 opera
3219 1761 3412 1819 carnis,
3443 1761 3563 1826 quia

2733 1854 2786 1897 et
2832 1845 2990 1898 homo
3033 1847 3251 1899 vivendo
3279 1849 3564 1902 secundum

2032 1929 2368 1996 semetipsum
2391 1968 2406 1992 ,
2450 1931 2548 1983 hoc
2594 1939 2677 1985 est
2716 1934 3003 1987 secundum
3042 1934 3305 1986 hominem
3329 1973 3344 1997 ,
3388 1934 3557 1988 factus

2031 2025 2112 2069 est
2145 2018 2331 2070 similis
2355 2020 2564 2073 diabolo
2586 2061 2598 2080 ,
2631 2022 2752 2087 quia
2791 2028 2843 2073 et
2895 2020 2981 2074 ille
3028 2023 3312 2074 secundum
3336 2022 3564 2090 scipsum

2032 2106 2208 2158 vivere
2239 2107 2419 2159 voluit.
2450 2107 2570 2161 lliec
2597 2123 2758 2177 Opera
2794 2108 3005 2162 Satana:
3029 2109 3251 2166 dicimus
3280 2150 3294 2174 ,
3339 2125 3563 2179 quorum

2031 2195 2324 2263 aliquorum
2355 2213 2541 2251 suasor
2564 2206 2618 2251 et
2637 2198 2918 2265 instigator
2944 2208 3050 2260 est,
3089 2199 3381 2265 aliquorum
3410 2207 3566 2266 caput

2031 2293 2085 2337 ct
2110 2285 2282 2354 origo.
2314 2285 2608 2340 Novissime
2639 2304 2650 2337 :
2682 2295 2729 2338 et
2774 2287 3007 2340 erunibus
3041 2288 3233 2356 pompis
3257 2288 3398 2355 ejus,
3449 2302 3567 2355 quae

2033 2379 2154 2424 sunt
2176 2373 2353 2426 inanis
2374 2373 2654 2440 jactantia,
2688 2373 2928 2428 homines
2961 2373 3177 2435 terreni,
3219 2388 3411 2427 canora
3451 2390 3568 2428 mu-

2005 2461 2160 2524 °sica,
2184 2461 2238 2513 in
2268 2461 2458 2528 quibus
2499 2475 2636 2528 smpe
2669 2460 2891 2514 solvitur
2913 2469 2965 2514 ct
2989 2462 3217 2515 mollitur
3237 2463 3567 2519 Christianus

2029 2551 2209 2619 vigor;
2242 2550 2540 2618 spcctacula
2579 2551 2877 2620 turpiapvcl
2933 2551 3192 2618 superﬂua
3219 2591 3232 2614 ,
3259 2561 3314 2604 et
3342 2553 3562 2620 reliqua.

2031 2643 2226 2696 Deinde
2249 2652 2649 2710 perscrutamur
2669 2645 2904 2713 patrinos
2927 2653 2978 2697 et
2998 2646 3270 2709 matrinas,
3290 2647 3332 2700 si
3349 2657 3566 2715 possunt

2029 2739 2244 2784 cantare
2269 2729 2595 2784 Dominicam
2631 2731 2924 2785 orationem
2960 2740 3016 2786 et
3058 2734 3379 2802 symbolum,
3429 2736 3569 2790 sicut

2028 2819 2469 2885 praemonuimus:
2503 2834 2564 2872 ac
2580 2828 2764 2889 postea
2789 2835 2884 2887 per
2919 2821 3179 2885 ordinem,
3216 2823 3353 2876 sicut
3379 2825 3428 2875 in
3461 2824 3563 2879 Ro-

2027 2923 2184 2960 mano
2210 2906 2406 2960 Ordine
2429 2910 2682 2974 scriptum
2707 2917 2806 2970 est,
2838 2922 3046 2961 sacrum
3073 2909 3300 2963 omcium
3343 2914 3554 2981 peragi-

2027 3006 2164 3055 mus,
2192 3007 2358 3061 usque
2385 2994 2450 3047 ad
2468 2994 2883 3050 sacratissimum
2911 3010 3044 3065 Opus
3068 2997 3416 3066 baptismatis.

2599 3121 2991 3192 Recapitulatio.

2095 3228 2144 3283 ls
2173 3231 2262 3297 qui
2289 3230 2636 3297 baptizandus
2662 3241 2744 3283 est
2764 3232 2877 3298 jam
2905 3233 3330 3294 catechumenos.
3363 3235 3414 3287 id
3443 3246 3525 3290 est
3547 3277 3560 3300 ,

2028 3318 2315 3371 instructus
2337 3316 2426 3387 [ιε’.
2450 3318 2588 3371 deest
2621 3333 2736 3372 esse
2763 3317 2974 3392 debet],
3005 3329 3063 3372 ut
3101 3333 3442 3390 recognoscat
3480 3340 3563 3376 er-

2027 3421 2202 3458 rorem
2234 3407 2515 3474 pristinum
2543 3415 2598 3461 et
2635 3408 2896 3478 intelligat.
2919 3407 3088 3462 lucem
3115 3412 3370 3471 veritatis.
3402 3414 3565 3467 Acce-

2026 3495 2282 3561 pitsalem
2313 3495 2605 3562 sapientiae,
2635 3504 2696 3549 ut
2723 3497 3040 3566 turpiloquia
3072 3499 3374 3553 declinaret.
3404 3502 3564 3571 Ai‘ju-

2029 3592 2175 3636 rutus
2195 3590 2279 3636 cst
2300 3583 2560 3647 diabolus,
2590 3585 2678 3653 qui
2708 3585 2807 3639 fuit
2835 3587 2887 3640 i'n
2917 3587 3026 3648 illo,
3049 3602 3168 3640 cum
3196 3589 3344 3656 signo
3366 3592 3560 3654 crucis,

2026 3678 2085 3721 ut
2128 3671 2340 3722 recedat
2367 3685 2396 3722 a
2427 3671 2517 3724 Dei
2546 3671 2742 3724 famulo
2775 3690 2788 3723 :
2821 3681 2876 3725 et
2901 3673 3024 3728 inde
3060 3673 3119 3726 fit
3156 3673 3452 3743 genuﬂexio
3495 3679 3561 3729 ad

2026 3756 2213 3819 Deum,
2239 3765 2299 3808 ut
2329 3757 2469 3810 Deus
2497 3757 2641 3816 illum
2667 3759 2898 3826 expellat
2939 3775 2968 3812 a
3015 3775 3109 3815 suo
3153 3771 3358 3816 vocato.
3387 3761 3557 3818 Orare

2025 3857 2122 3910 pro
2141 3845 2423 3912 semetipso
2440 3845 2551 3913 jam
2571 3846 2756 3898 doctus
2779 3855 2860 3899 est
2873 3847 2945 3925 (in
2985 3848 3225 3901 oratione
3267 3849 3559 3903 Dominica.

2026 3934 2297 3997 Quomodo
2326 3935 2542 3986 credere
2569 3944 2832 4002 oporteat,
2856 3924 2965 4002 jam
2993 3937 3193 3990 audivit
3218 3938 3269 3990 in
3298 3939 3554 4006 symbolo.

2024 4021 2339 4072 Admonitus
2365 4027 2447 4073 est
2487 4035 2583 4087 per
2633 4031 2840 4089 sputum
2885 4019 3174 4090 presbyteri
3198 4062 3210 4082 .
3239 4032 3297 4076 ut
3329 4027 3560 4092 quandiu

2025 4109 2266 4175 spiritum
2314 4108 2435 4161 vita:
2479 4108 2631 4174 hujus
2675 4107 2894 4161 naribus
2939 4111 3140 4174 trahit,
3172 4110 3327 4164 (idem
3355 4151 3369 4174 ,
3401 4129 3557 4180 quam

2026 4198 2225 4250 audivit
2253 4212 2350 4264 per
2375 4212 2552 4257 aures,
2577 4205 2770 4250 teneat.
2796 4197 2922 4251 Post
2949 4201 3180 4253 auditam
3209 4200 3366 4254 ﬁdem
3409 4208 3559 4271 ungi-

2026 4292 2112 4338 tur
2139 4285 2276 4336 inter
2322 4284 2562 4351 scapulas
2610 4292 2680 4347 et_
2709 4294 2924 4352 pectus,
2964 4294 3021 4339 ut
3065 4287 3156 4340 Dei
3198 4289 3556 4343 misericordia

2024 4373 2372 4440 cogitationes
2408 4371 2558 4425 bona:
2594 4380 2649 4425 et
2689 4386 2848 4443 opera
2876 4373 3285 4428 corroborentur
3303 4375 3356 4427 in
3391 4391 3480 4442 eo,
3505 4388 3561 4431 et

386 4440 540 4542 gnari
589 4440 1412 4552 tortiﬁopem'hominumgietr
1430 4440 1921 4542 satiatam
1955 4440 2003 4498 θ
2027 4461 2242 4552 recedat
2267 4461 2334 4512 ab
2370 4461 2511 4552 οξιιιξί
2559 4440 2737 4552 palo;
2770 4460 2908 4526 quod
2954 4461 3032 4552 ut
3063 4463 3300 4516 membra
3348 4440 3557 4518 Satanae

389 4565 774 4633 quodammodo
798 4565 1037 4618 consistit
1060 4565 1358 4618 cubiculum
1402 4566 1798 4634 cogitationum,
1834 4581 1925 4620 vo-

390 4654 564 4708 lumus
599 4653 859 4720 designari
891 4654 1055 4705 bonas
1088 4653 1451 4721 cogitationes.
1480 4651 1604 4705 ()leo
1648 4666 1847 4717 sancto,
1873 4656 1925 4709 id

390 4751 475 4796 est
497 4726 852 4795 misericordia
877 4741 998 4804 Dei,
1025 4752 1308 4810 unguntur,
1335 4751 1392 4793 ut
1418 4742 1586 4794 sciant
1607 4756 1812 4809 semper
1833 4743 1924 4795 de—

393 4835 598 4896 precari
630 4829 1043 4882 misericordiam
1065 4829 1176 4892 Dei,
1204 4838 1261 4881 ut
1285 4829 1476 4895 dirigat
1498 4828 1656 4881 corda
1683 4837 1738 4880 et
1763 4843 1924 4894 opera

392 4931 574 4969 eorum
606 4917 658 4968 in
689 4917 944 4972 charitate
969 4917 1072 4985 Dei
1092 4925 1145 4968 et
1170 4917 1418 4982 patientia
1453 4914 1674 4978 Christi,
1700 4924 1760 4968 ut
1782 4931 1928 4970 reco-

395 5011 647 5070 gnoscant
670 5017 728 5056 se
760 5018 862 5056 non
893 5003 1042 5055 aliter
1069 5003 1263 5056 bonum
1299 5002 1507 5070 operari
1545 5017 1717 5069 posse,
1759 5018 1927 5070 neque

394 5086 549 5149 velle,
573 5090 673 5142 nisi
706 5105 800 5156 per
831 5090 1239 5148 misericordiam
1266 5089 1378 5142 Dei.

882 5202 955 5257 De
989 5205 1446 5266 abrenuntiatioue.

465 5312 996 5382 lnterrogamus‘ilios
1020 5326 1151 5379 quos
1174 5302 1301 5368 ante
1332 5313 1682 5372 instruximus
1713 5313 1763 5366 in
1805 5312 1925 5376 title,

395 5411 451 5454 et
482 5415 615 5469 quos
642 5409 823 5469 postea
851 5399 1066 5476 scrutati
1092 5413 1275 5460 sumus
1297 5437 1314 5463 ,
1343 5398 1388 5451 si
1416 5399 1584 5453 adhuc
1612 5401 1929 5466 permansis-

398 5489 592 5542 sentin
623 5490 708 5542 his
735 5504 852 5556 quae
894 5487 1489 5556 primitus‘didicerunt;
1536 5495 1590 5539 et
1614 5488 1656 5539 si
1681 5502 1737 5540 se
1765 5503 1930 5543 caecos

399 5575 787 5643 cognovissent,
802 5584 852 5628 et
876 5576 1030 5629 modo
1049 5589 1384 5644 prosperasse
1409 5574 1474 5628 ad
1492 5575 1686 5636 lumen,
1709 5589 1772 5629 eo
1791 5580 1928 5642 quod

400 5664 653 5735 perfecte,
687 5665 736 5717 id
763 5672 843 5717 est
885 5666 1094 5731 septies,
1139 5664 1254 5719 illos
1279 5665 1494 5718 scrutati
1519 5651 1700 5717 sumus
1730 5682 1741 5716 :
1769 5666 1811 5719 si
1838 5667 1928 5719 ab-

2023 4551 2278 4619 pertinet;
2311 4559 2366 4602 et
2393 4548 2550 4601 iaciat
2571 4549 2796 4611 irinum;
2825 4556 2880 4603 et
2908 4550 3222 4603 conﬁteatur
3254 4566 3312 4603 se
3338 4552 3557 4606 credere

2025 4641 2076 4692 in
2102 4639 2263 4691 Deum
2284 4637 2499 4691 Patrem
2518 4636 2958 4704 omnipotentem,
3001 4647 3054 4692 ct
3100 4639 3154 4689 in
3197 4636 3374 4691 Jesum
3403 4640 3554 4693 Chri-

2023 4736 2160 4781 stum
2202 4726 2387 4780 Filiuiu
2418 4725 2553 4792 ejus,
2583 4734 2762 4781 natum
2802 4740 2873 4780 ex
2912 4725 3070 4784 Patne
3098 4735 3218 4778 ante
3244 4728 3418 4790 omnia
3459 4743 3556 4781 sae-

2024 4815 2168 4874 cula;
2200 4814 2394 4867 factum
2420 4813 2732 4867 ex‘muliere
2764 4813 2814 4864 in
2846 4822 3082 4880 tempore
3121 4814 3404 4867 novissimo
3443 4822 3464 4866 ε’
3499 4827 3553 4868 et

2024 4900 2076 4952 in
2099 4901 2354 4968 Spiritum
2381 4910 2619 4955 sanctum
2636 4936 2650 4959 ,
2677 4905 2732 4951 et
2754 4898 2974 4965 reliqua.
3003 4897 3195 4965 Sicque
3221 4898 3554 4966 coniungitur

2025 4989 2114 5061 [F.
2145 4992 2280 5043 deest
2309 4986 2576 5056 Ecclesia]
2599 5001 2750 5040 sacro
2776 4985 2920 5049 fonte
2949 4971 3295 5054 baptismatis.
3386 5021 3389 5024 ι

2507 5115 2577 5168 De
2614 5091 2851 5180 unctione
2887 5112 3082 5181 capitis.

2095 5226 2215 5278 Post
2260 5225 2360 5277 hoc
2406 5223 2636 5276 salutare
2683 5207 3188 5284 lavacrumﬂlinitur
3235 5229 3388 5292 caput
3437 5221 3556 5294 eius

2024 5329 2175 5368 sacro
2201 5313 2518 5374 chrismate,
2564 5305 2703 5369 unde
2748 5308 3046 5372 sacerdotes
3086 5317 3140 5388 et
3179 5322 3330 5378 reges
3367 5319 3552 5390 unctos

2022 5396 2138 5456 esse
2183 5400 2423 5453 novimus
2468 5398 2518 5451 in
2560 5388 2734 5452 Veteri
2779 5381 3256 5466 Testamento.'l.lt
3296 5381 3553 5472 intelligat

2024 5488 2320 5554 baptizatus
2346 5485 2517 5554 regale
2537 5501 2599 5538 ac
2626 5474 2949 5553 sacerdotale
2975 5472 3335 5563 ministerium
3355 5478 3360 5484 ⁷
3377 5481 3435 5550 se
3459 5470 3551 5533 ia‘c-

2026 5575 2246 5642 cepisse,
2286 5573 2407 5639 quia
2452 5570 2590 5623 illius
2633 5570 2842 5639 corpori
2892 5559 3154 5628 adunatus
3180 5575 3293 5627 est,
3320 5566 3408 5634 qui
3437 5564 3550 5618 Rex

2026 5677 2261 5719 summus
2299 5669 2351 5714 ct
2391 5660 2650 5713 Sacerdos
2673 5666 2752 5712 est
2775 5671 2935 5710 verus
2960 5671 2974 5709 :
2997 5664 3051 5710 et
3077 5669 3294 5724 regnum
3335 5666 3554 5722 sperare
