3922 6222
448 385 548 436 899

940 392 1256 449 AMALARll
1298 398 1736 459 TREVIRENSIS
1772 407 2179 463 ARCHIEPISC.
2223 415 2424 469 Ei’iz-i'l'.
2466 419 2547 471 illi
2583 423 2853 478 (IAZREM.
2890 426 3098 480 liAPT.~

3479 436 3586 491 900

447 490 596 541 debet
625 502 950 559 perpetuum,
981 507 1033 550 et
1065 502 1260 556 hostias
1302 507 1642 563 immaculatte
1691 527 1963 567 conversa—
1991 517 2030 572 Α
2064 516 2239 572 Potest
2260 521 2368 574 ﬁeri
2406 535 2456 576 ut
2490 529 2576 593 qui
2607 530 2776 584 alieno
2819 547 3032 619 peccato
3060 551 3181 594 sunt
3220 543 3382 612 ligati,
3411 546 3583 600 aliena

447 577 603 619 linnie
633 580 734 619 nm
763 597 968 619 εριηηοι-
991 589 1179 619 Ana“-..
2061 617 2082 619 _
2159 604 2178 619 ρ
2265 607 2275 618 .
2463 612 2473 619 .

447 577 603 630 tionis
633 580 734 633 Deo
763 597 968 652 semper
991 589 1197 644 oll'erre.

905 674 976 727 De
998 674 1278 745 tegumenta
1313 687 1508 752 capitis.

517 752 732 821 Tegitur
768 768 945 827 postea
989 763 1169 818 linteo.
1217 769 1280 820 Et
1313 771 1412 824 hoc
1455 773 1518 825 de
1560 775 1732 828 Veteri
1779 779 1960 832 Testa-

447 847 621 890 mento
663 853 982 912 assumptum
1025 860 1141 914 est;
1185 854 1260 905 sic
1301 857 1437 908 enim
1477 862 1852 928 scriptum‘est
1905 867 1956 918 in

445 923 623 980 Exodo
646 948 658 979 :
683 929 844 984 Filios
863 952 1054 1004 quoque
1081 939 1444 1003 illius,scilicet
1463 923 1656 1012 Aaron,
1686 951 1956 1019 applicabis

443 1022 492 1062 et
515 1014 692 1067 indues
719 1021 899 1073 tunicis
925 1023 1086 1089 lineis,
1113 1029 1375 1099 cingesque
1402 1035 1563 1087 balteo
1589 1076 1602 1098 ,
1628 1038 1798 1091 Aaron
1822 1043 1958 1094 scili-

443 1109 518 1151 cet
554 1111 601 1152 et
643 1102 818 1161 liberos
860 1109 967 1175 ejus
993 1151 1006 1175 ,
1056 1122 1103 1164 et
1130 1115 1350 1184 importes
1392 1121 1463 1174 eis
1510 1125 1708 1178 mitram
1744 1127 1761 1194 (
1784 1127 1950 1180 Exod.

441 1202 589 1253 xxxx,
614 1191 666 1256 8,
694 1195 766 1262 9).
810 1195 926 1250 1am
970 1213 1214 1271 percepta
1241 1210 1409 1275 gratia
1447 1214 1581 1265 sacri
1629 1191 1954 1283 baptismatis

439 1291 542 1328 non
571 1279 858 1336 reconﬁ'dat
885 1287 1079 1343 viribus
1105 1294 1230 1356 suis,
1273 1297 1362 1348 sed
1403 1313 1610 1365 semper
1648 1303 1954 1369 deprecetur

439 1370 496 1414 ut
518 1374 783 1430 protectus
807 1371 876 1423 sit
900 1374 1096 1430 caelesti
1127 1382 1338 1434 auxilio.
1355 1383 1733 1441 Protectionem
1750 1391 1948 1444 Domini

436 1458 736 1514 Braeclaram
760 1465 996 1522 volumus
1020 1470 1308 1541 intelligere
1326 1490 1418 1544 per
1436 1477 1647 1532 linteum
1669 1497 1771 1549 quo
1794 1493 1949 1552 caput

435 1545 644 1611 tegitur.

986 1624 1067 1677 De
1086 1628 1395 1684 indumento.

501 1714 642 1772 Albis
668 1722 896 1780 induitur
928 1733 1281 1799 vestimentis,
1323 1747 1381 1791 ut
1407 1741 1537 1795 sciat
1560 1757 1615 1796 se
1645 1744 1942 1799 inviolatum

2060 604 2379 668 professione
2401 612 2686 668 solvantur.

2124 688 2265 755 "me,
2289 695 2520 761 piissime
2547 701 2846 770 imperator,
2874 723 3032 764 causa
3061 714 3367 770 obedientize
3399 724 3566 787 posui-

2056 791 2190 839 mus,
2219 783 2337 847 quia
2366 785 2573 852 dignum
2600 800 2681 843 est
2702 804 2888 848 vestrm
2914 799 3162 853 voluntati
3185 806 3427 860 omnibus
3448 808 3574 862 viri-

2053 865 2150 918 bus
2181 868 2409 925 obedire.
2460 876 2655 930 Tamen
2710 878 2761 933 in
2807 887 3046 940 omnibus
3089 889 3170 943 his
3207 907 3322 958 qua:
3349 896 3577 952 diximus

2051 957 2217 1018 parati
2241 973 2418 1013 sumus
2443 965 2656 1018 auribus
2682 960 2940 1025 inclinatis
2981 990 3008 1026 a
3039 957 3339 1034 doctoribus
3365 982 3514 1052 μη,
3544 1005 3575 1039 a

2052 1042 2352 1099 doctoribus
2396 1050 2620 1122 inclytis]
2651 1059 2841 1126 corrigi
2869 1071 2921 1113 et
2945 1068 3224 1123 emendari.
3271 1071 3344 1124 De
3393 1087 3575 1129 nostra

2052 1131 2353 1187 credulitate
2381 1137 2489 1192 haec
2517 1141 2735 1198 dicimus
2759 1155 2811 1199 et
2842 1153 3130 1217 recepimus
3155 1195 3168 1216 ,
3220 1161 3356 1224 quod
3407 1163 3575 1218 Isaias

2049 1214 2178 1267 dixit
2232 1236 2244 1268 :
2294 1219 2504 1276 Verbum
2543 1228 2882 1287 abbreviatum
2929 1214 3078 1303 faciet
3129 1241 3374 1298 Dominus
3422 1266 3576 1317 super

2048 1309 2235 1356 terram
2269 1306 2430 1376 (Rom.
2466 1329 2538 1377 ix,
2563 1315 2668 1385 28).
2703 1319 2975 1377 Credimus
3008 1342 3165 1380 unum
3205 1328 3366 1386 Deum
3391 1337 3573 1388 vivum

2047 1397 2099 1440 et
2122 1405 2299 1446 verum
2331 1412 2536 1465 semper
2557 1415 2670 1456 esse
2698 1406 3069 1467 immutabilem
3093 1455 3105 1478 ,
3140 1425 3312 1472 tamen
3344 1424 3575 1476 mutabi-

2046 1472 2112 1526 lia
2135 1491 2454 1546 operantem,
2485 1502 2745 1557 nunquam
2788 1509 2904 1550 esse
2926 1497 3035 1552 sine
3055 1517 3144 1554 sua
3167 1503 3439 1573 sapientia,
3469 1512 3573 1563 hoc

2043 1572 2124 1614 est
2148 1603 2161 1626 ,
2209 1568 2320 1620 sine
2347 1571 2476 1627 Filio
2505 1591 2628 1639 suo;
2666 1597 2836 1650 neque
2862 1587 2971 1640 sine
3000 1590 3111 1656 ejus
3137 1593 3401 1648 voluntate
3421 1637 3434 1656 ,
3468 1599 3572 1652 hoc

2043 1659 2139 1713 est,
2164 1655 2275 1709 sine
2296 1658 2486 1726 Spiritu
2509 1677 2706 1721 sancto.
2725 1671 2860 1726 Deus
2889 1655 3043 1728 Pater
3064 1678 3113 1730 in
3135 1679 3267 1732 bona
3292 1683 3568 1738 voluntate

2042 1754 2130 1791 sua
2171 1747 2340 1798 omnia
2395 1755 2592 1806 creavit
2631 1772 2725 1824 per
2775 1763 3100 1826 sapientiam.
3148 1766 3421 1822 Credimus
3457 1780 3571 1828 tres

431 1815 621 1870 corpus
643 1813 929 1878 possidere,
957 1825 1011 1870 et
1033 1821 1290 1878 charitate
1312 1824 1505 1894 Spiritu
1531 1833 1694 1884 sancti
1722 1833 1921 1889 illustra

431 1897 538 1930 [nm
567 1910 658 1930 nnr
679 1914 735 1930 ρο
761 1902 952 1930 lm|_.._-
985 1922 998 1930 .
1027 1910 1129 1930 -2---
1240 1929 1247 1930 ,
1269 1929 1276 1930 ,
1493 1926 1500 1930 .
1622 1921 1634 1930 .
1727 1923 1736 1930 .
1769 1924 1779 1930 .

2044 1846 2292 1896 personas
2322 1837 2491 1895 Patris
2515 1852 2567 1894 et
2594 1845 2708 1899 Filii
2737 1856 2789 1901 et
2811 1849 3035 1918 Spiritus
3054 1859 3244 1920 sancti,
3275 1867 3327 1913 et
3361 1865 3564 1930 recepi-

430 1897 538 1944 tum
567 1910 658 1960 cor
679 1914 735 1953 se
761 1902 954 1958 habere
984 1922 998 1959 :
1025 1910 1133 1963 sive
1169 1926 1508 1981 recognoscat
1533 1936 1589 1973 se
1615 1921 1867 1988 justitiam
1893 1935 1947 1977 et

428 1981 711 2046 nuptialem
767 2000 959 2044 vestem
1025 1997 1235 2051 habere.
1293 2002 1393 2055 Per
1452 2008 1757 2061 vestimenta
1805 2013 1941 2064 enim

425 2081 582 2131 opera
602 2071 818 2148 justitiae
844 2078 1221 2151 intelliguntur,
1243 2092 1378 2144 unde
1405 2094 1594 2149 dicitur
1611 2097 1687 2150 eis
1714 2116 1724 2148 :
1757 2098 1939 2152 Sacer-
1993 2169 1996 2172 .

423 2153 562 2210 dotes
583 2161 862 2217 induantur
874 2169 1074 2235 justitia
1107 2173 1272 2242 (Psal.
1301 2194 1475 2243 exul,
1495 2183 1568 2253 9).

632 2271 705 2324 De
739 2277 1119 2342 con/innatione
1146 2288 1366 2353 corporis
1395 2299 1440 2341 et
1469 2294 1748 2361 sanguinis.

488 2373 838 2434 Conﬁrmatur
872 2396 1050 2452 postea
1093 2407 1310 2460 corpore
1333 2407 1386 2450 et
1412 2403 1662 2470 sanguine
1687 2405 1890 2460 Domini
1921 2449 1934 2471 ,

419 2464 632 2518 utsciat
667 2483 760 2535 per
800 2473 916 2526 talia
964 2481 1208 2544 mysteria
1258 2484 1518 2550 diabolum
1563 2493 1832 2557 expulsum
1872 2497 1936 2550 ab

415 2548 528 2614 ejus
553 2555 709 2607 corde
731 2596 743 2617 ,
781 2573 843 2613 ae
869 2561 1127 2618 Christum
1166 2570 1452 2627 inhabitare
1480 2577 1549 2628 ita
1579 2587 1636 2629 ut
1674 2581 1936 2635 conﬁden-

417 2639 500 2686 ter
525 2637 758 2696 dicamus
787 2663 796 2695 :
827 2645 1032 2714 Omnes,
1063 2655 1148 2720 qui
1179 2658 1231 2708 in
1267 2658 1464 2713 Christo
1503 2663 1742 2732 baptizati
1769 2671 1886 2722 estis
1917 2710 1930 2733 ,

415 2716 669 2779 Christum
703 2731 935 2788 induistis
963 2716 1098 2806 (Gul.
1126 2758 1205 2805 ιιι,
1232 2745 1337 2814 27).

726 2837 798 2891 De
816 2843 1040 2908 parvulis
1071 2866 1168 2902 non
1197 2852 1512 2921 loquentibus
1541 2874 1562 2900 ο
1580 2904 1594 2916 .

483 2935 730 2998 Quamvis
756 2949 956 3012 parvuli
1001 2967 1094 3019 per
1127 2967 1335 3013 :ctatem
1376 2979 1478 3017 non
1513 2969 1712 3034 possint
1741 2971 1927 3026 intelli-

412 3034 535 3085 gere
573 3024 736 3091 ipsam
755 3039 1157 3094 conversionem
1187 3047 1250 3098 ad
1275 3049 1434 3102 Deum
1463 3060 1620 3120 atque
1646 3057 1925 3112 credulita-

413 3117 515 3162 tem
547 3151 561 3174 ,
617 3119 878 3175 credimus
924 3134 1093 3182 tamen
1135 3147 1224 3187 eos
1251 3139 1331 3190 ad
1381 3139 1652 3197 Dominum
1692 3151 1924 3204 converti

407 3208 622 3266 propter
658 3203 1009 3266 conversionis
1033 3231 1416 3278 sacramentum
1446 3267 1459 3290 ,
1483 3237 1535 3282 et
1555 3231 1707 3286 ﬁdem
1733 3237 1925 3292 habere

405 3296 620 3353 propter
654 3291 771 3345 fidei
804 3310 1184 3360 sacramentum
1205 3349 1219 3371 ,
1269 3312 1400 3365 sicut
1429 3315 1646 3386 legimus
1671 3322 1721 3374 in
1748 3324 1923 3394 Augu-

405 3371 528 3425 stini
558 3378 862 3448 epistola.ad
891 3386 1207 3448 Bonitacium
1227 3371 1522 3470 episcopum
1547 3445 1560 3467 ,
1602 3408 1665 3460 de
1692 3371 1921 3477 pandlis

405 3462 778 3534 requirentem,
805 3473 892 3526 ubi
919 3476 1044 3531 dicit
1069 3495 1083 3532 :
1115 3500 1133 3531 ι
1161 3462 1274 3551 Ipsa
1300 3462 1566 3558 responsio
1593 3498 1657 3549 ad
1683 3462 1916 3553 belebra-

404 3547 596 3602 tionem
618 3558 844 3641 pertinet
873 3547 1205 3635 sacramenti,
1232 3576 1365 3628 sicut
1385 3547 1454 3631 de
1481 3581 1591 3648 ipso
1617 3583 1912 3656 [baptismo]

410 3633 432 3656 Δ
447 3651 474 3656 _
486 3651 507 3656 -
519 3647 556 3656 _.
574 3640 610 3656 Δι
755 3643 787 3656 η
986 3653 996 3656 -

399 3633 714 3703 Apostolus:
747 3635 1056 3719 Consepulti,
1091 3633 1279 3727 inquit,
1333 3633 1514 3720 sumusl
1555 3633 1668 3723 cuLm
1704 3633 1915 3726 lChriste;

399 3741 490 3791 per
513 3728 813 3796 baptismum
855 3740 908 3792 in
933 3756 1142 3799 mortem
1175 3750 1337 3818 (Rom.
1377 3772 1449 3818 vr,
1491 3759 1562 3828 4).
1600 3761 1710 3816 Non
1739 3775 1912 3819 autem

400 3811 489 3871 ait,
519 3817 836 3882 sepulturam
863 3827 1284 3900 signiﬁcavimus,
1309 3842 1398 3894 sed
1417 3859 1628 3909 prorsus
1651 3851 1723 3902 ait
1751 3867 1764 3903 :
1796 3870 1914 3907 con-

397 3901 578 3966 sepulti
603 3921 796 3969 sumus.
830 3911 1225 3990 Sacramentum
1253 3940 1375 3994 ergo
1405 3922 1558 3987 tanta:
1592 3939 1664 3990 rei
1687 3935 1910 3998 nonnisi

397 3985 628 4050 ejusdem
673 3997 747 4048 rei
776 3985 1026 4058 vocabulo
1069 4017 1400 4078 nuncupavit.
1440 4018 1616 4088 Itaque
1639 4028 1908 4091 parvulum

397 4073 492 4124 etsi
521 4079 748 4134 nondum
785 4085 912 4140 ﬁdes
935 4091 1017 4144 illa
1040 4133 1052 4154 ,
1085 4111 1200 4164 qua:
1222 4099 1272 4151 in
1294 4073 1613 4160 credentiiim
1639 4073 1908 4170 voluntate

395 4161 652 4228 consistit,
679 4167 788 4234 jam
816 4182 987 4229 tamen
1014 4161 1177 4246 ipsius
1212 4185 1329 4240 ﬁdei
1359 4205 1740 4251 sacramentum
1784 4203 1906 4256 ﬁde-

392 4524 451 4565 se
495 4515 650 4570 homo
681 4535 864 4588 sapere
907 4517 1157 4600 coeperit,
1207 4515 1306 4593 non
1347 4515 1469 4602 illud
1517 4563 1900 4612 sacramentum

392 4609 628 4666 repetet,
675 4609 764 4660 sed
805 4611 1092 4684 intelliget,
1124 4625 1336 4694 ejusque
1371 4633 1622 4691 voluntati
1669 4609 1897 4700 consona

389 4685 790 4796 ejus|voluntate
817 4685 1168 4769 coaptabitur:
1195 4685 1301 4768 Hoc
1328 4723 1553 4784 quandiu
1580 4741 1680 4779 non
1706 4740 1896 4796 potest,

388 4770 581 4826 valebit
616 4789 997 4841 sacramentum
1027 4793 1092 4845 ad
1120 4796 1232 4863 ejus
1261 4770 1474 4857 tutelam
1505 4770 1754 4868 adverstis
1777 4774 1899 4870 con:

389 4859 578 4915 trarias
620 4874 932 4950 potestates;
978 4887 1031 4933 et
1073 4859 1272 4939 tantum
1323 4891 1538 4958 valebit,
1575 4907 1632 4950 ut
1681 4903 1722 4953 si
1777 4914 1897 4959 ante

1336 4938 1538 4958 .__--.-,
1577 4938 1632 4950 ...
1681 4938 1722 4953 ο.
1777 4938 1896 4959 αιιυσ

386 4953 600 5018 maioris
646 4938 794 5017 usum
844 4965 970 5036 [Al.,
1000 4983 1119 5030 ante
1165 4982 1377 5049 majoris
1413 4999 1564 5042 usum
1591 4995 1788 5056 astatis,
1821 4998 1897 5050 vel

385 5051 415 5090 a
447 5041 662 5098 rationis
703 5051 822 5122 usu]
849 5068 915 5108 ex
943 5056 1040 5112 hac
1079 5063 1182 5117 vita
1221 5069 1570 5138 emigraverit,
1600 5091 1694 5144 per
1726 5081 1892 5148 ipsum

383 5141 784 5200 sacramentum,
812 5148 1212 5204 commendante
1247 5154 1491 5211 Ecclesiae
1528 5141 1800 5231 charitate,
1828 5171 1894 5223 ab

381 5215 469 5269 illa
495 5221 922 5283 condemnatione
943 5249 1058 5301 qua:
1088 5251 1182 5305 per
1212 5255 1370 5296 unum
1399 5245 1658 5304 hominem
1681 5253 1892 5309 intravit

380 5302 436 5356 in
472 5311 741 5376 mundum,
787 5302 1367 5395 Christianovadjutorio
1408 5302 1890 5397 utensils};

382 5405 547 5460 usque
598 5397 918 5469 Augustinus
973 5410 1036 5463 de
1089 5416 1320 5481 parvulis
1374 5436 1474 5475 non
1539 5424 1886 5505 loquentibus.

711 5509 922 5597 ξλαεέιὶ
949 5517 1184 5597 Τίιειιιξεε
1213 5525 1289 5597 Pe
1325 5532 1546 5597 parvulis
1583 5553 1680 5589 non
1699 5503 1888 5593 intelli-

381 5572 604 5634 gentibus
634 5587 679 5627 et
708 5587 824 5632 tunc
849 5583 1000 5648 ﬁdem
1026 5572 1338 5650 turbantibus:

2043 1933 2157 1971 mus
2183 1936 2362 1977 versus
2388 1927 2582 1984 Sedulii
2606 1949 2620 1984 :

2279 2036 2408 2108 quia,
2434 2040 2512 2095 qui
2535 2053 2741 2108 summus
2757 2044 2897 2108 Pater
2922 2058 3014 2108 est,
3038 2065 3082 2099 et
3113 2055 3257 2105 Filius
3273 2058 3348 2106 hic
3369 2072 3463 2108 est.

2155 2087 2251 2135 Sed
2273 2087 2405 2151 quia,
2422 2087 2547 2155 q'uod
2570 2087 2777 2151 summus
2799 2087 3053 2170 Datin-Vest;
3072 2087 3129 2160 lci
3151 2087 3514 2168 liciti.

1997 2181 1999 2186 ’
2038 2183 2223 2240 Filium
2252 2192 2414 2246 solum
2448 2203 2794 2267 assumpsisse
2819 2221 3028 2262 carnem
3067 2213 3366 2280 humanam,
3398 2230 3456 2271 ut
3483 2221 3564 2273 vi-

2038 2270 2204 2327 sibilis
2225 2277 2359 2330 toret
2381 2282 2705 2351 hominibus;
2741 2293 2875 2347 hunc
2902 2297 3240 2365 baptizatum,
3258 2307 3378 2371 quia
3405 2323 3564 2374 opor-

2037 2361 2179 2413 tebat
2201 2378 2295 2418 nos
2320 2367 2570 2435 baptizari
2595 2391 2607 2437 ;
2636 2377 2772 2429 hunc
2793 2391 3053 2438 mortuum
3081 2403 3299 2457 corpore
3339 2397 3559 2458 munde,

2035 2455 2091 2499 ut
2133 2465 2225 2504 nos
2263 2469 2585 2513 moreremur
2638 2469 2900 2531 peccatis;
2960 2471 3096 2526 hunc
3144 2482 3494 2534 resurrexisse
3527 2499 3560 2534 ει

2033 2540 2286 2601 mortuis,
2316 2552 2371 2594 ut
2413 2561 2508 2598 nos
2555 2565 2886 2616 speraremus
2915 2564 3377 2628 resurrectionem;
3415 2569 3560 2621 hunc.

2032 2633 2305 2681 venturum
2347 2632 2398 2683 in
2441 2637 2724 2692 novissimo
2758 2640 2954 2706 judicio
2982 2683 2998 2710 ,
3026 2651 3231 2714 quando
3259 2656 3560 2723 segregabit

2028 2727 2151 2767 oves
2181 2719 2244 2770 ab
2275 2720 2436 2775 hzedis
2460 2763 2472 2782 ,
2501 2733 2553 2778 et
2573 2738 2748 2795 postea
2772 2733 2908 2785 solos
2937 2735 3099 2790 malos
3125 2739 3174 2790 in
3203 2740 3422 2804 inferno,
3454 2744 3557 2796 hoc

2029 2811 2108 2853 est
2138 2842 2150 2864 ,
2205 2805 2255 2857 in
2308 2812 2476 2875 ptenis
2522 2815 2781 2880 victuros;
2808 2819 2976 2886 justos
3006 2825 3143 2878 solos
3185 2828 3234 2880 in
3267 2843 3426 2898 regno
3457 2833 3551 2886 Dei

2028 2887 2176 2942 beate
2214 2905 2538 2962 regnaturus.
2578 2901 2697 2956 Hmc
2725 2915 2800 2960 est
2825 2947 2838 2969 ,
2875 2909 3164 2975 iustissime
3212 2917 3498 2986 imperator
3532 2963 3549 2984 ,

2027 2985 2200 3030 nostra
2251 2985 2551 3050 credulitas,
2600 2989 2709 3044 haec
2747 3003 2828 3047 est
2869 3013 2988 3064 spes
3015 2999 3183 3067 ﬁrma,
3214 2985 3352 3077 hunc
3381 3008 3550 3062 Deum

2027 3074 2279 3128 amamus,
2316 3082 2469 3134 quem
2499 3074 2764 3131 ardeatinis
2801 3096 2974 3137 amare
3003 3074 3379 3146 desideramus.

2094 3149 2119 3187 δ
2152 3151 2384 3219 Dixistis,
2417 3162 2746 3218 serenissime
2775 3168 3058 3235 imperator
3082 3213 3097 3236 ,
3126 3178 3255 3230 velle
3285 3196 3376 3234 vos
3405 3184 3546 3236 scire

2021 3239 2245 3303 qualiter
2269 3259 2363 3298 nos
2383 3257 2436 3299 et
2459 3248 2770 3320 suffraganei
2792 3258 2955 3310 nostri
2977 3260 3281 3318 doceremus
3298 3269 3550 3336 populum

2018 3326 2110 3381 Dei
2141 3331 2203 3384 de
2236 3333 2478 3402 baptismi
2525 3355 2871 3400 sacramento.
2907 3349 3024 3405 Hinc
3052 3365 3205 3421 prout
3233 3361 3499 3424 potuimus
3528 3405 3542 3426 ,

2016 3416 2416 3479 prmlibavimus.
2448 3425 2813 3498 Suﬁ'raganeus
2836 3446 2918 3490 est
2943 3455 3129 3494 nomen
3161 3446 3341 3502 media:
3361 3450 3556 3519 εἰμί-ι

3325 3500 3332 3502 ἡ

2019 3500 2309 3572 ﬁcationis;
2360 3512 2476 3565 ideo
2522 3519 2784 3574 nescimus
2824 3525 2974 3590 quale
3013 3528 3170 3583 ﬁxum
3203 3534 3251 3587 ei
3281 3549 3546 3603 apponere

2014 3588 2314 3656 debeamus,
2343 3606 2420 3661 ut,
2449 3588 2892 3676 presbyterorum,
2915 3624 3004 3667 aut
3027 3618 3289 3686 abbatum,
3312 3588 3407 3677 aut
3432 3628 3546 3681 dia-

2013 3691 2296 3745 conorum,
2345 3693 2396 3738 et
2437 3697 2742 3746 czeterorum
2793 3701 3044 3765 graduum
3097 3705 3420 3764 inferiorum.
3480 3714 3541 3767 Si

2014 3763 2146 3819 forte
2194 3771 2553 3841 episcoporum
2605 3797 2828 3848 nomen,
2877 3791 2964 3856 qui
3018 3793 3294 3861 aliquando
3343 3811 3542 3858 vestra:

2011 3853 2208 3906 civitati
2241 3859 2458 3927 subjecti
2487 3876 2635 3919 erant
2662 3909 2675 3932 ,
2706 3853 3200 3944 addere-debemus,
3231 3899 3322 3939 oro
3345 3896 3404 3940 ut
3430 3889 3538 3944 hoc

2010 3954 2110 3991 non
2141 3942 2359 4010 imputet
2383 3950 2623 4008 dominus
2651 3971 2799 4012 servo
2827 3977 2922 4015 suo
2940 4003 2952 4026 ,
2979 3967 3100 4031 quia
3130 3984 3293 4038 usque
3318 3975 3368 4026 in
3397 3991 3539 4042 prae—

2009 4044 2128 4082 sens
2158 4041 2483 4102 tempus'non
2514 4057 2626 4110 sum
2652 4063 2808 4102 ausus
2832 4066 2889 4103 ea
2921 4056 3198 4121 attingere,
3226 4075 3340 4126 quae
3376 4066 3537 4117 nobis

2007 4116 2236 4182 injuncta
2265 4137 2366 4176 non
2395 4135 2541 4191 sunt;
2579 4133 2668 4183 sed
2707 4146 2919 4200 paratus
2944 4154 3057 4192 sum
3080 4146 3309 4198 omnium
3331 4147 3531 4204 Christi

2006 4221 2274 4264 servorum
2295 4217 2509 4284 vestigia
2536 4223 2699 4288 sequi.
2736 4225 2801 4277 Et
2829 4229 2872 4280 si
2895 4229 3027 4283 forte
3055 4237 3482 4303 presbyterorum
3511 4259 3528 4304 ;

2005 4301 2357 4363 supradictum
2379 4307 2613 4360 ordinem
2637 4310 2906 4368 docuimus
2927 4317 3039 4371 illos
3064 4329 3118 4373 et
3140 4324 3528 4392 admonuimus,

1981 4371 2067 4437 but.
2110 4402 2244 4454 sape
2286 4391 2509 4446 doceant
2551 4399 2793 4463 populum
2832 4403 2961 4466 Dei,
2991 4371 3121 4481 varia
3144 4371 3302 4476 hujus
3343 4371 3526 4468 mundi

2002 4471 2294 4541 relinquere
2317 4486 2369 4531 et
2391 4494 2510 4533 vera
2534 4482 2765 4537 coelestia
2793 4496 2991 4554 petere.
3032 4473 3112 4546 Ei:
3135 4471 3254 4559 hoc,
3275 4500 3409 4553 unde
3436 4519 3528 4558 me

1997 4562 2137 4626 cogit
2159 4573 2328 4618 vestra
2346 4565 2514 4634 jussio
2543 4575 2857 4639 respondere
2884 4594 2896 4628 :
2931 4579 2975 4631 si
3000 4579 3053 4632 in
3086 4582 3202 4658 hoc,
3229 4587 3362 4652 quod
3384 4605 3525 4654 prce-

1997 4649 2130 4712 dico,
2160 4667 2239 4706 me
2268 4655 2428 4723 ipsum
2457 4661 2760 4727 custodiam,
2790 4665 2860 4718 ita
2900 4656 3187 4738 respondeo
3211 4649 3401 4727 {Oculi
3418 4682 3526 4732 mei

1994 4752 2187 4804 semper
2211 4741 2278 4792 ad
2307 4742 2600 4808 Dominum,
2625 4754 2865 4816 quoniam
2892 4756 2996 4819 ipse
3019 4758 3190 4812 evellet
3219 4763 3281 4815 de
3332 4762 3524 4835 laqueo

1992 4824 2139 4890 pedes
2163 4842 2297 4880 meos
2331 4828 2496 4898 (Psal.
2520 4849 2664 4898 xxrv,
2690 4837 2794 4904 15).
2827 4839 2990 4906 Sciat,
3014 4843 3222 4899 demine
3247 4849 3318 4899 mi
3344 4887 3359 4912 ,
3392 4824 3524 4905 san-

1992 4911 2224 4966 etissima
2255 4915 2563 4983 gubernatio
2600 4933 2807 4991 vestra,
2835 4929 2960 4982 nulli
2989 4945 3070 4984 me
3099 4934 3384 4998 praedicare
3407 4975 3426 5012 ρ
3454 4951 3519 4994 ιιι

1990 5009 2190 5064 peccet.
2224 5003 2287 5055 Et
2317 5011 2488 5060 tamen
2511 5013 2681 5065 recolo
2703 5018 3012 5072 sententiam
3032 5021 3170 5073 beati
3194 5003 3519 5091 Jacobi-ulti

1991 5089 2063 5138 ait
2088 5104 2100 5139 ε
2129 5087 2194 5140 In
2223 5091 2392 5146 multis
2419 5099 2552 5148 enim
2599 5101 2899 5166 offendimus
2933 5123 3098 5160 omnes
3125 5108 3262 5178 (Jac.
3309 5087 3391 5179 tu,
3430 5117 3510 5186 2).

1990 5173 2119 5227 Cum
2142 5191 2380 5233 summus
2405 5181 2596 5238 Christi
2618 5186 2917 5256 loqueretur
2939 5173 3217 5261 apostolus,
3236 5173 3512 5269 prmmisii,

1987 5263 2042 5314 in
2075 5263 2249 5316 multis
2273 5304 2286 5328 ,
2314 5275 2366 5319 et
2387 5270 2669 5338 subjunxit,
2710 5290 2914 5340 omnes;
2955 5287 3010 5330 ut
3039 5289 3183 5336 tanto
3207 5263 3414 5340 cautius
3451 5303 3518 5343 se

1988 5351 2275 5420 imperfecti
2301 5372 2507 5428 quoque
2535 5363 2586 5414 in
2631 5363 2909 5432 loquendo,
2945 5369 3024 5421 vel
3053 5373 3254 5440 agendo
3281 5375 3508 5430 circum-

1988 5440 2229 5507 spiciant,
2261 5455 2455 5512 quanto
2480 5449 2674 5504 certius
2702 5455 3074 5518 cognoverint,
3106 5458 3226 5523 quia
3253 5474 3347 5516 nec
3378 5476 3502 5533 per-

2055 5551 2080 5588 b
2111 5553 2236 5608 Vide
2265 5547 2380 5622 qua:
2406 5558 2628 5614 diximus
2657 5561 2932 5620 in'Monito
2965 5568 3174 5634 prmvio.
