3922 6222
224 357 348 422 "901

500 374 897 437 tiliEODOiiUS
930 378 1231 432 ARCHIEP.
1280 379 1607 432 (ᾺΝΪΕᾹΗ.
1651 410 1714 416 α-
1754 379 1926 433 POEX-i

1871 380 2281 435 ΓῦΙΤΕΝΤΙᾹῙιΕ.
2324 414 2388 421 —
2426 382 2629 434 El’lS’i‘.
2683 380 3137 434 DEDICATURIA.

3281 378 3381 430 ΜΞ

218 476 377 532 ϊυωὶ
411 480 615 543 quidem
640 482 784 545 boni,
825 495 878 537 et
899 485 986 552 qui
1010 484 1232 551 Spiritus
1257 488 1421 539 sancti
1447 488 1611 554 gratia
1638 486 1768 537 duce
1794 490 1839 545 Α
1869 488 2141 543 referimus
2166 530 2179 551 ,
2210 492 2434 543 maxime
2456 492 2575 557 quia
2601 505 2719 543 cum
2750 491 2860 557 ipsa
2886 490 3149 557 perlegere
3174 488 3223 539 in
3251 502 3381 555 pra:-

235 563 539 625 ineeiiunt,
583 565 735 632 hujus
766 570 884 620 vita:
917 570 1052 622 viam
1096 572 1207 623 sine
1251 572 1528 625 odensione
1571 573 1767 639 peccati

238 648 477 717 alicujus
502 654 761 705 transilire
784 654 1039 709 ullatenus
1058 667 1285 723 possent,
1311 667 1465 725 atque
1486 659 1599 711 ideo
1619 660 1771 710 doce-

238 750 372 787 mus
405 737 481 790 sic
530 753 542 789 :
592 737 647 791 Si
693 728 1246 810 conﬁteamur’peccata
1280 755 1452 797 nostra
1480 785 1493 805 ,
1533 744 1697 811 ﬁdelis
1724 753 1771 795 et

230 825 425 887 justus
459 837 551 889 est,
583 838 633 879 ut
662 831 877 882 remittat
900 834 1038 885 nobis
1064 846 1266 899 peccata
1295 847 1462 889 nostra
1490 836 1539 906 [1
1556 835 1709 887 Joan.
1731 852 1767 897 ι,

238 912 328 981 9);
367 918 491 983 quia
538 918 646 969 sine
677 929 890 985 peccato
926 924 977 973 in
1020 925 1117 977 hac
1156 927 1261 978 vita
1296 942 1409 981 esse
1450 942 1549 978 non
1592 940 1772 991 possu-

234 1017 394 1055 mus.
428 1003 599 1055 Prima
626 1006 804 1060 salutis
830 1022 945 1073 spes
968 1017 1047 1061 est
1068 1012 1343 1077 confessio,
1362 1028 1457 1065 nec
1478 1014 1695 1080 quisque
1718 1027 1773 1066 se

232 1091 453 1158 justum
489 1102 634 1157 putet
680 1102 733 1146 et
780 1104 900 1149 ante
940 1099 1119 1151 oculos
1148 1101 1238 1153 Dei
1265 1101 1429 1169 erigat
1472 1103 1768 1163 cervicem;

239 1179 465 1241 deinde,
490 1181 713 1243 dilectio,
762 1184 884 1249 quia
933 1186 1155 1239 Charitas
1186 1188 1277 1241 Dei
1300 1188 1455 1256 operit
1484 1189 1772 1241 multitudi-

242 1283 368 1319 nem
398 1280 713 1336 peccatorum
742 1272 790 1340 (I
822 1271 961 1325 Patr.
986 1290 1058 1337 iv,
1085 1274 1155 1345 8).

532 1361 1264 1503 RESPONSORIAViIAROLI
1300 1449 1506 1504 MAGNI
1522 1491 1536 1506 .

603 1547 627 1579 Λ
638 1545 665 1579 D
707 1548 980 1585 PR£CEDEN
990 1549 1091 1587 TE!
1130 1551 1369 1590 εριετοω
1380 1554 1431 1590 Il.

315 1612 376 1663 in
416 1616 620 1668 nomine
648 1618 815 1673 Patris
835 1659 847 1682 ,
878 1631 929 1672 et
957 1623 1071 1676 Filii
1097 1664 1110 1687 ,
1140 1634 1191 1678 et
1217 1625 1441 1694 Spiritus
1461 1628 1645 1681 sancti.
1677 1628 1774 1683 Ca-

240 1699 397 1751 rolus
428 1702 788 1757 serenissimus
811 1705 1087 1775 Augustus,
1125 1726 1151 1762 a
1184 1712 1288 1763 Deo
1320 1723 1627 1777 coronatus,
1663 1732 1773 1769 ma-

237 1800 386 1851 gnus
414 1788 657 1853 paciﬁcus
683 1792 983 1858 imperator,
1018 1796 1304 1851 Romanum
1333 1801 1628 1867 gubernans
1670 1804 1767 1854 im-
1803 1784 1844 1841 Β

234 1875 477 1936 perium,
497 1878 581 1942 qui
599 1888 651 1930 ct
674 1894 766 1945 per
791 1884 1198 1960 misericordiam
1222 1888 1309 1939 Dei
1342 1905 1429 1941 rex
1456 1890 1773 1943 Francorum

235 1972 293 2011 et
319 1961 804 2031 Longobardorum,
835 1970 1098 2027 Amalario
1122 1977 1404 2028 venerabili
1436 1979 1696 2045 episcopo,
1721 1979 1772 2029 in

237 2046 477 2103 Domino
510 2052 749 2105 salutem.

314 2138 527 2206 Scripta
569 2144 718 2196 nobis
758 2153 844 2196 tua
895 2148 1167 2201 sanctitate
1202 2150 1421 2209 directa,
1467 2160 1611 2219 grata
1660 2168 1773 2205 sus-

239 2230 487 2295 cepimus
542 2233 785 2297 dextera;
837 2251 929 2302 pro
966 2253 1070 2305 quo
1118 2238 1208 2292 tibi
1256 2240 1432 2293 laudes
1479 2252 1532 2293 et
1576 2244 1770 2307 gratias

1870 577 2032 626 scotia
2079 590 2256 629 nostra
2306 577 2635 641 fecissemus,
2679 578 2932 630 catholica
2973 585 3027 628 et
3065 575 3205 628 omni
3234 575 3382 629 laude

1869 661 2021 729 digna
2050 664 2353 717 invenimus.
2383 666 2445 717 Et
2467 666 2582 728 hoc,
2615 667 2749 732 quod
2777 665 2926 716 nobis
2948 665 3194 717 obediens
3215 664 3379 725 fuisti,

1869 758 1921 801 ct
1966 753 2159 803 nostris
2202 753 2522 819 jussionibus
2574 753 2865 805 accelerare
2899 752 3128 812 curasti,
3160 752 3380 819 gratiam

1871 839 2089 905 agimus.
2124 839 2369 903 Quamvis
2403 840 2541 891 enim
2584 850 2722 891 tuam
2768 840 3096 891 sanctitatem
3136 839 3185 889 in
3232 838 3385 904 spiri-

1871 926 2094 979 tualibus
2113 936 2165 979 et
2190 927 2498 979 Christianis
2542 927 2792 979 doctrinis
2833 926 3101 978 sollicitam
3133 942 3248 977 esse
3282 940 3380 976 non

1872 1013 2189 1079 ignoramus,
2219 1015 2387 1066 adhuc
2423 1022 2471 1065 te
2523 1029 2792 1066 monemus
2827 1022 2877 1065 et
2906 1014 3277 1073 exhortamur,
3330 1024 3385 1064 ut

1872 1104 2037 1169 magis
2074 1118 2133 1156 ac
2170 1104 2334 1169 magis
2370 1103 2417 1153 in
2447 1101 2741 1155 Christiana
2783 1102 3017 1154 doctrina
3050 1111 3101 1152 et
3138 1103 3385 1167 praedica-

1874 1194 2011 1244 tione
2039 1200 2213 1243 sancta
2243 1204 2421 1242 omnes
2450 1191 2534 1255 qui
2562 1189 2659 1241 sub
2695 1200 2782 1241 tuo
2812 1188 3060 1255 regimine
3095 1188 3386 1240 consistunt

1871 1292 1920 1332 et
1950 1281 2012 1331 ad
2046 1290 2183 1330 tuam
2210 1279 2472 1331 dimcesim
2500 1279 2760 1345 pertinent
2786 1317 2799 1340 ,
2829 1279 3057 1329 imbuere
3083 1293 3183 1329 non
3210 1291 3387 1343 grave

1872 1371 1961 1421 ris.
1991 1384 2012 1406 ιι
2053 1369 2408 1439 De'cpiseopis
2441 1366 2777 1434 suii'ragancis
2808 1367 2871 1418 ad
2892 1367 3178 1419 Ecclesiam
3208 1365 3385 1417 Trefo-

1871 1473 1985 1510 rum
2015 1456 2119 1525 [Ila
2144 1473 2237 1507 ms.
2264 1456 2371 1506 loco
2400 1453 2749 1523 Trevirorum]
2774 1493 2787 1515 ,
2824 1455 2873 1505 in
2904 1468 3001 1518 qua
3036 1453 3254 1504 Domino
3292 1468 3385 1504 an-

1872 1553 2061 1595 nuente
2107 1552 2155 1595 te
2195 1542 2466 1607 pratsulem
2518 1556 2631 1594 esse
2679 1542 2951 1603 volumus,
3007 1541 3141 1592 sicut
3168 1550 3389 1593 antenus

1874 1630 1987 1700 [F.,
2017 1630 2283 1697 hactenus]
2308 1638 2533 1681 nostram
2555 1630 2931 1681 ordinationem
2954 1638 3003 1681 et
3026 1629 3387 1694 dipositionem

1874 1730 2028 1788 atque
2051 1719 2335 1785 jussiOnem
2370 1720 2710 1787 exspectasti,
2746 1719 2980 1771 volumus
3007 1759 3020 1781 ,
3052 1728 3107 1770 ut
3136 1720 3342 1771 interim
3370 1758 3382 1781 ,

1871 1810 2010 1877 quod
2039 1810 2102 1860 ad
2130 1816 2365 1860 nostrum
2392 1809 2603 1859 veniens
2626 1807 2873 1876 [veneris]
2918 1807 3224 1872 colloquium
3256 1847 3267 1868 ,
3318 1808 3383 1858 ita

1869 1905 2160 1964 exspectes.
2184 1894 2397 1948 Carteris
2426 1910 2548 1947 vero
2574 1894 2837 1959 gradibus,
2861 1895 2909 1946 id
2931 1903 3027 1953 est,
3049 1894 3385 1961 presbyteris,

1869 1984 2187 2042 diaconibus,
2207 1991 2260 2033 et
2275 1982 2586 2043 omniclero,
2610 1982 2689 2033 vei
2710 1980 2844 2047 plebi
2870 1990 2965 2033 ture
2980 1982 3070 2033 tibi
3096 1982 3383 2033 commisso

1870 2070 2003 2121 inter
2052 2067 2231 2137 [intra]
2280 2076 2421 2119 tuam
2456 2068 2756 2139 parochiam
2793 2066 3233 2121 commorantibus
3270 2082 3386 2119 cum

1869 2157 2008 2209 omni
2046 2157 2315 2208 devotione
2354 2155 2637 2223 praedicare
2684 2164 2735 2207 et
2779 2154 2964 2208 docere
2988 2154 3125 2205 viam
3155 2155 3388 2205 veritatis

1876 2245 2103 2295 studeas.
2134 2242 2269 2293 Bene
2298 2242 2407 2292 vale
2437 2250 2488 2293 et
2514 2257 2604 2294 ora
2632 2258 2725 2310 pro
2746 2243 2910 2295 nobis.

315 2362 507 2440 nulline
533 2364 653 2440 jam
682 2377 825 2435 patet
861 2370 1141 2440 clausulam
1179 2372 1317 2423 illam
1352 2372 1581 2439 epistola:
1609 2373 1910 2438 superioris,
1942 2386 2055 2436 qua:
2085 2373 2263 2439 incipit
2295 2385 2309 2423 :
2343 2371 2568 2433 Dixistis,
2602 2372 2913 2425 screnissime
2940 2374 3229 2440 imperator,
3270 2384 3388 2421 vere

239 2430 312 2481 ad
352 2430 495 2483 illam
524 2430 783 2500 pertinere
807 2476 818 2498 ,
848 2438 911 2488 de
934 2453 1037 2504 quo
1061 2439 1329 2490 dubitabat
1356 2430 1611 2492 Cauisius.

248 2555 3385 2606 Μ

1099 2683 2526 2841 THEODORUS

1280 2902 1685 2956 ARCHIEPISC.
1726 2900 2260 2958 CANTUABIENSIS
2290 2914 2334 2953 ι.

948 2858 955 2873 1

1457 3018 2181 3062 w

604 3121 1561 3276 THEODORI
1592 3121 1600 3135 ’
1636 3133 1923 3277 Ρ(Ε

1871 3118 3041 3278 ΞΝΙΤΕΝΤΙΑΕΕ

247 3340 567 3424 Omnibus
602 3356 740 3424 qua)
774 3339 1030 3415 reperiri
1067 3347 1399 3424 potuerunt
1434 3345 1711 3420 ejusdem
1763 3347 2050 3424 capitulis
2104 3347 2426 3424 adauctum
2461 3386 2477 3415 ,
2530 3359 2638 3420 per
2690 3357 2958 3424 canones
2996 3342 3256 3424 selectos
3270 3419 3279 3424 _
3313 3358 3388 3401 ex

326 3416 765 3498 antiquissima
793 3431 1111 3498 canonum
1147 3416 1523 3482 Coiiectiorie
1578 3440 1697 3483 ms.
1763 3416 1875 3483 nec
1906 3441 2031 3484 non
2082 3441 2190 3498 per
2246 3420 2418 3497 plura
2472 3416 2794 3498 oi__varii_s
2856 3418 3383 3498 Pmnitentiaiibtu

329 3491 631 3552 hactenus
668 3491 920 3580 i_n_ed_itis
950 3503 1235 3580 egcerpta
1268 3499 1616 3580 expositum
1648 3519 1663 3569 ;
1719 3501 2026 3580 prmelaris
2064 3491 2493 3559 ecclesiastica
2546 3493 2889 3569 disciplinae
2944 3495 3385 3561 Monumentis,

326 3584 469 3644 qum
500 3586 575 3628 ex
609 3568 857 3644 optimis
888 3568 1205 3630 codicibus
1236 3568 1381 3633 mss.
1417 3568 1842 3646 selectasunt,
1875 3576 2322 3636 conﬁrmatum.

248 3686 521 3746 hcoeus
576 3688 764 3747 PETIT
803 3687 1045 3763 primus
1090 3687 1153 3747 in
1192 3687 1376 3748 lucem
1406 3690 1629 3757 edidit;
1661 3711 1793 3751 cum
1820 3690 2109 3768 pluribus
2142 3688 2540 3749 conciliorum
2568 3685 2897 3768 canonibtu
2926 3676 3185 3747 contulit
3211 3707 3231 3753 ,-
3260 3686 3386 3744 dis~

1276 3769 1704 3828 sertatt'ont'bus
1735 3778 1785 3826 et
1814 3764 1978 3827 notis
2008 3766 2341 3828 illustravit
2834 3764 2841 3769 ’

1081 3935 1653 4111 @pistola
1735 3938 2510 4073 habitantia.

1261 4236 1621 4279 CLARISSIMO
1663 4232 2148 4283 υοοτιδεωορυε
2192 4233 2331 4276 νιιιο
2360 4262 2376 4289 ,

1442 4331 1562 4367 οςκι
1571 4330 1638 4368 UH
1674 4329 2155 4368 BENEFICENTISSIIO
2173 4354 2189 4378 ,

507 4426 796 4470 veranum
837 4421 1108 4467 comcuu
1143 4404 1717 4464 manuscntrronuu'
1741 4422 2113 4464 mmonom
2160 4421 2582 4465 cumosrssmo
2616 4422 2693 4464 Εἰ·
2730 4420 3153 4477 rmcrssnlo,

802 4501 1101 4543 Εεοιεειιε
1148 4499 1502 4540 ΕΑΗᾸΩΔΝΒ
1552 4498 1723 4540 ,ιυιιιε
1764 4499 1876 4539 εει]
1920 4499 2273 4540 ιιΒειιτΑτιε
2320 4498 2776 4545 8Τυο1081881110
2807 4526 2825 4555 ,

1039 4577 1380 4637 ANTONIO
1438 4578 1654 4636 VYON
1714 4578 2021 4638 DOMINO
2074 4579 2595 4641 D’HEROUVAL.

322 4701 550 4754 Tantum
580 4698 673 4752 tibi
698 4698 879 4762 debeo,
904 4698 986 4750 vir
1004 4696 1310 4761 clarissime,
1334 4704 1584 4763 quantum
1610 4696 1904 4763 persolvere
1922 4709 2185 4764 nunquam
2217 4695 2430 4763 possim.
2456 4694 2565 4764 Sed,
2581 4708 2644 4764 ea
2668 4702 2789 4764 sunt
2816 4692 3234 4764 beneﬂciautua,
3260 4710 3387 4764 qua-

250 4772 320 4825 lia
352 4768 479 4823 olim
516 4767 759 4820 laudabat
787 4760 1050 4819 Romanus
1070 4774 1268 4825 orator,
1300 4760 1365 4817 ut
1383 4764 1593 4833 ingenui
1611 4760 1688 4817 'sit
1713 4765 1891 4824 animi,
1918 4764 2000 4815 cui
2022 4760 2238 4815 multum
2263 4764 2500 4825 debetur,
2522 4762 2691 4815 eidem
2716 4762 2998 4829 plurimum
3017 4761 3150 4817 vello
3174 4760 3385 4820 debcre.

254 4836 467 4893 Certum
496 4850 703 4904 quoque
728 4834 851 4886 illud
874 4843 952 4886 est
980 4834 1117 4901 quod
1139 4834 1213 4886 ait
1239 4842 1392 4900 poeta
1418 4851 1430 4885 :

1170 4917 1447 4976 Neutiquam
1470 4919 1669 4966 ndicium
1693 4919 1827 4966 liberi
1854 4932 1959 4967 esse
1983 4918 2179 4964 hominis
2200 4925 2326 4976 puto,

1179 4977 1292 5025 Cum
1316 4978 1356 5024 is
1380 4979 1493 5025 nihil
1518 4986 1809 5036 promereat,
1835 4978 2072 5039 postulare
2092 4979 2135 5023 id
2153 4977 2313 5036 gratiae
2331 4979 2502 5038 apponi
2520 4978 2630 5027 sibi.

255 5062 432 5129 itaque
455 5076 585 5129 eum,
618 5059 814 5129 abhinc
837 5058 1033 5129 aliquot
1064 5057 1740 5129 annisAanimadverterem,
1772 5058 1853 5109 vir
1880 5056 2169 5129 clarissime
2193 5095 2205 5116 ,
2233 5056 2521 5129 plerosque
2564 5058 3057 5129 iibros__nostrorum
3091 5065 3382 5129 temporum

255 5124 711 5205 praistantissimos
729 5124 937 5205 publica
964 5134 1050 5178 tua
1074 5124 1417 5205 beneﬁcentia
1439 5125 1699 5205 adornari,
1720 5140 1942 5205 cumque
1969 5126 2105 5205 sicut
2130 5124 2383 5205 lectionis,
2408 5125 2477 5177 ita
2502 5134 2555 5177 et
2570 5124 2897 5205 liberalitatis
2916 5124 3383 5205 essemparticeps,

257 5192 373 5251 inea
401 5195 775 5265 quodammodo
789 5193 999 5265 solvere
1022 5194 1228 5245 nomina
1253 5193 1543 5258 cupiebam.
1577 5192 1767 5245 Verum
1803 5193 1927 5259 quid
1961 5192 2025 5244 de
2064 5206 2177 5243 meo
2218 5193 2412 5245 referre
2438 5194 2683 5259 possem?
2708 5193 2924 5260 sequine
2947 5192 3239 5246 debuissem
3261 5192 3389 5246 illud

256 5259 434 5335 poetai
447 5263 633 5319 comici
656 5259 930 5315 consilium
950 5259 973 5310 ν

1094 5325 1326 5384 Quoniam
1346 5328 1390 5375 id
1412 5327 1512 5377 fieri
1534 5328 1658 5387 quod
1685 5330 1754 5374 vis
1778 5340 1867 5375 non
1890 5334 2063 5387 potest,
2089 5326 2207 5375 velis
2225 5328 2267 5374 id
2293 5330 2417 5389 quod
2442 5329 2601 5388 possis.

325 5464 349 5490 ι
383 5449 681 5502 Theodorus
708 5448 899 5501 saeculo
918 5463 989 5500 vn
1016 5446 1081 5499 ad
1107 5446 1261 5501 tinem
1286 5456 1528 5505 vergente
1557 5446 1763 5500 ﬂoruit:

260 5536 358 5573 non
399 5518 574 5583 igitur,
599 5517 886 5568 secundum
916 5516 1162 5584 ordinem,
1190 5516 1641 5584 chronologicum,
1686 5516 1770 5567 hic

262 5589 329 5642 iiii
356 5582 501 5639 locus
524 5598 665 5637 suus.
694 5583 793 5635 Sed
818 5584 1053 5651 ignoscat
1079 5582 1349 5650 indulgens
1378 5582 1567 5646 lector;
1603 5584 1771 5636 serius

1872 5447 2037 5507 enim,
2088 5447 2209 5502 licet
2255 5464 2283 5499 a
2310 5446 2456 5499 nobis
2498 5444 2841 5511 undequaque
2883 5444 2990 5511 jam
3040 5442 3128 5495 diu
3168 5442 3395 5510 requisi-

1876 5516 2293 5633 tus,.qumauus
2335 5522 2540 5567 nostras
2580 5514 2721 5565 venit
2763 5511 2893 5565 iiber
2928 5511 3091 5566 sancti
3131 5512 3390 5579 archiepi~

1876 5598 2035 5635 senm.
2102 5598 2224 5633 .mr.

1890 5598 2035 5649 scopi.
2081 5598 2224 5633 non.
