3922 6222
259 400 362 454 929

1544 391 2076 449 HENITENTIALE.

3279 395 3378 448 930

259 511 530 575 episcopus
567 505 718 559 debet
763 504 972 558 missam
1016 517 1192 573 agere,
1218 510 1272 555 et
1309 516 1427 556 eum
1468 503 1772 556 benedicere
1799 505 1846 562 Α
1873 513 2018 556 turas
2048 523 2061 557 :
2101 511 2304 557 etcum
2327 500 2483 571 positi
2526 498 2719 555 fuerint
2745 501 2797 554 in
2834 501 3105 570 sepulcris,
3152 501 3385 558 funditur

262 595 509 645 inclinato
533 591 738 658 capite,
763 605 881 644 cum
902 589 1100 643 duobus
1123 588 1204 643 vel
1246 589 1413 642 tribus
1441 587 1661 653 testibus
1704 588 1770 642 de

263 679 511 733 fratribus
538 679 667 744 suis,
703 685 753 732 et
777 663 934 731 donet
969 678 1017 730 ei
1041 676 1280 730 incusum
1306 684 1360 729 et
1379 676 1609 744 pedules.
1641 676 1773 729 SIB-

262 775 362 818 ctae
390 764 638 818 nioniales
659 778 785 817 vero
822 763 1062 817 basilicas
1090 763 1188 816 sibi
1230 763 1534 815 commissas
1570 775 1774 829 semper

263 854 450 910 debent
475 865 799 905 consecrare.
837 848 1001 904 Graeci
1024 849 1179 902 simul
1197 833 1508 904 benedicunt
1543 849 1771 910 viduam,

263 949 314 990 et
340 939 611 1007 virginem,
639 947 692 991 et
717 945 992 1004 utramque
1011 951 1218 1005 semper
1235 937 1426 990 habent
1449 949 1772 990 wnsecrare.

265 1025 514 1078 Abbatem
545 1022 760 1092 eligunt.
800 1022 1021 1075 Romani
1048 1037 1149 1075 nou
1175 1022 1348 1076 velant
1372 1022 1601 1076 viduam.
1628 1033 1654 1060 ι
1683 1019 1777 1072 δε.

263 1110 489 1173 cundum
541 1108 749 1164 Greece
806 1108 1110 1177 presbytero
1162 1109 1286 1162 licet
1331 1109 1585 1177 virginem
1628 1122 1777 1161 sacro

262 1197 519 1251 velamine
537 1211 862 1261 consecrare,
881 1205 936 1250 et
959 1198 1293 1251 reconciliare
1330 1193 1682 1266 pdanitentem,
1725 1204 1778 1248 et

265 1285 436 1339 facere
462 1287 630 1340 oleum
677 1288 1026 1340 exorcizatum
1051 1325 1065 1350 ,
1113 1295 1165 1339 et
1200 1286 1417 1339 inﬁrmis
1459 1285 1705 1348 chrisma,
1734 1288 1776 1338 si

264 1390 478 1428 necesse
501 1383 596 1427 est.
622 1374 916 1429 Secundum
949 1375 1214 1429 Romanos
1235 1389 1337 1428 non
1367 1374 1504 1437 licet,
1538 1373 1634 1426 nisi
1672 1374 1778 1441 epi-

265 1477 424 1530 scopo
448 1462 564 1516 soli.
959 1489 969 1498 -
1160 1499 1164 1503 .

854 1546 1074 1601 CAPUT
1098 1547 1184 1601 Π.

605 1633 679 1686 De
707 1632 1018 1703 baptismatis
1043 1633 1438 1700 conﬁrmatione.

335 1725 389 1777 lu
417 1724 725 1792 baptismate
758 1722 1086 1776 dimittuntur
1108 1737 1209 1774 non
1247 1720 1779 1788 conjunctiouesmu—

1864 606 1959 659 pro
1999 593 2077 646 eis
2114 593 2303 645 oratio.
2335 590 2566 657 Denique
2592 584 2754 642 humo
2776 587 2858 642 vel
2883 596 3029 656 petra
3055 590 3382 655 operiuntur.

1866 680 2042 736 Prima
2061 687 2116 734 et
2140 681 2292 734 tertia
2318 686 2373 732 et
2407 694 2562 738 nona,
2591 693 2689 731 nec
2726 693 2828 731 non
2859 678 3123 745 trigesima
3171 673 3257 732 die
3290 693 3389 744 pro

1867 769 1946 822 eis
1963 769 2130 822 missa
2149 776 2350 836 agatur.
2386 766 2599 820 Exinde
2621 773 2739 832 post
2764 777 2977 828 annum,
3029 765 3070 816 si
3107 758 3382 827 voluerint,

1869 864 2120 909 servetur.
2150 856 2162 904 i
2206 855 2374 908 Missae
2406 868 2532 906 vero
2560 853 2885 906 saecularium
2913 860 3233 906 mortuorum
3279 861 3388 905 tres

1870 941 1922 993 in
1952 955 2107 1006 anno,
2140 941 2295 994 tertia
2328 940 2435 1002 die,
2456 949 2509 992 et
2535 954 2688 1001 nona,
2724 948 2776 991 et
2803 938 3098 1006 trigesima;
3135 940 3254 1006 quia
3275 955 3392 991 sur-

1872 1028 2008 1080 rexit
2051 1027 2302 1080 Dominus
2353 1027 2510 1078 tertia
2553 1026 2656 1089 die,
2691 1033 2744 1077 et
2787 1041 2922 1078 nona
2969 1026 3097 1078 hora
3149 1026 3391 1092 spiritum

1869 1117 2066 1178 emisit,
2092 1122 2146 1167 et
2188 1113 2400 1183 triginta
2444 1112 2630 1166 diebus
2673 1112 2903 1180 Moysem
2945 1112 3259 1179 planxerunt
3297 1112 3390 1165 ﬁlii

1873 1201 2050 1254 Israel.
2084 1199 2141 1254 ln
2175 1200 2334 1252 missa
2374 1212 2581 1265 quoque
2620 1199 2996 1252 monachorum
3024 1212 3118 1263 per
3164 1197 3395 1268 singulas

1873 1292 2188 1360 septimanae
2225 1290 2436 1344 nomina
2475 1288 2695 1342 recitare
2729 1302 2843 1340 mos
2867 1294 2966 1340 est.
3013 1286 3115 1340 Pro
3150 1286 3398 1340 defuncto

1875 1381 2131 1434 monacho
2157 1379 2316 1432 missa
2345 1387 2530 1446 agatur
2569 1376 2652 1430 die
2678 1377 2960 1445 sepulturae
2985 1375 3118 1443 ejus,
3162 1384 3214 1427 et
3240 1374 3396 1427 tertia

1875 1469 1959 1522 die
1991 1485 2006 1523 :
2047 1474 2264 1535 postea,
2297 1475 2558 1534 quantum.
2593 1465 2823 1520 voluerit
2861 1466 3022 1518 abbas
3065 1482 3077 1514 :
3113 1479 3212 1530 pro
3264 1464 3397 1517 laico

1875 1557 2016 1610 bono
2037 1556 2190 1609 tertia
2211 1555 2294 1610 die
2312 1554 2392 1608 vel
2409 1556 2655 1621 septima;
2677 1553 2784 1622 {AL
2809 1553 2953 1615 ait,
2978 1564 3096 1620 post
3111 1553 3394 1621 jejunium:

1878 1641 2273 1708 pmptenitente
2291 1640 2552 1709 trigesima
2567 1638 2674 1709 die]
2700 1647 2752 1692 et
2771 1639 3087 1707 propinquos
3111 1637 3223 1705 ejus
3246 1653 3400 1706 opor-

1883 1738 1954 1782 tet
1967 1729 2209 1797 jejunare
2233 1737 2431 1796 septem
2474 1728 2679 1791 diebus,
2705 1736 2758 1780 et
2784 1727 3097 1783 oblationem
3124 1727 3312 1781 offerre
3337 1731 3402 1781 ad

263 1815 479 1875 lierum,
503 1813 624 1880 quia
655 1812 745 1866 ﬁlii
767 1813 855 1880 qui
894 1820 1014 1864 ante
1037 1812 1373 1878 baptismum,
1404 1812 1481 1865 sic
1527 1819 1579 1864 et
1609 1818 1783 1880 poste-
1811 1792 1858 1850 Β
1883 1792 2066 1880 altare,
2094 1818 2230 1872 sicut
2263 1792 2315 1870 in
2337 1815 2461 1870 Jesu
2488 1815 2579 1868 ﬁlii
2603 1814 2792 1870 Sirach
2821 1816 3011 1885 legitur
3044 1834 3061 1868 ι
3083 1825 3133 1870 et
3160 1833 3252 1885 pro
3275 1816 3405 1870 Saut

264 1903 465 1955 riorum
506 1900 652 1955 ﬁunt.
705 1901 759 1955 Si
805 1905 928 1955 vero
975 1916 1077 1954 non
1110 1907 1324 1969 putatur
1343 1915 1460 1954 esse
1497 1915 1628 1954 uxor
1677 1899 1800 1971 [.41.

265 1992 370 2043 add
379 1990 581 2062 ._crgo],
613 2005 710 2045 nec
732 1990 824 2044 ﬁlii
845 1999 965 2045 ante
984 1991 1217 2061 generati
1240 2005 1336 2060 pro
1362 1990 1484 2044 ﬁliis
1506 1990 1782 2054 habentur,

265 2094 364 2132 nec
393 2081 529 2134 inter
546 2076 606 2134 se
627 2080 816 2136 fratres
840 2096 1045 2143 vocare,
1073 2080 1156 2134 vel
1176 2080 1496 2135 hereditatis
1521 2085 1787 2136 consortes

265 2165 381 2218 ﬁeri
410 2175 646 2234 possunt.
680 2165 738 2219 Si
779 2165 896 2234 quis
922 2164 1127 2234 gentilis
1153 2164 1537 2233 eleemosynam
1583 2163 1784 2229 fecerit,

267 2253 376 2322 μι.
402 2253 596 2304 aditet
616 2251 982 2305 abstinentiam
1007 2249 1244 2312 haberet,
1265 2248 1393 2319 etc.]
1419 2255 1475 2303 et
1499 2248 1599 2301 alia
1631 2249 1787 2311 bona,

268 2353 390 2406 qua:
416 2333 724 2392 enumei‘al’e
752 2353 855 2391 non
891 2351 1188 2406 possumus,
1232 2337 1462 2405 nunquid
1490 2350 1551 2391 ea
1592 2335 1648 2388 lu
1693 2336 1790 2389 ba-

267 2427 463 2494 ptismo
512 2427 769 2494 perdidit?
792 2425 904 2479 Non
954 2425 1147 2480 bonum
1198 2423 1407 2493 aliquod
1457 2424 1647 2493 perdit,
1699 2424 1791 2478 sed

268 2512 463 2564 malum
492 2511 671 2564 abluit.
716 2511 825 2564 Hoc
865 2512 893 2552 ι
927 2510 1255 2564 Innocentius
1297 2525 1428 2578 papa
1454 2511 1521 2564 de
1550 2511 1793 2564 catechu-

269 2612 427 2649 meno
471 2605 610 2663 gesta
640 2611 733 2663 pro
760 2595 994 2662 exemplo
1038 2609 1237 2663 ponens
1281 2594 1571 2649 alllrmavit.
1601 2605 1624 2634 θ
1663 2594 1795 2649 Gre-

271 2686 452 2754 gorius
479 2685 834 2738 Nazianzenus
861 2685 985 2739 dicit
1008 2685 1293 2739 secundum
1319 2685 1634 2753 baptismum
1678 2699 1796 2739 esse

270 2779 642 2847 lacrymarum.
680 2777 884 2832 Nullum
925 2777 1213 2846 perfectum
1235 2778 1496 2832 credimus
1528 2778 1582 2831 in
1626 2777 1796 2847 bapti-

275 2885 414 2923 smo.
471 2869 929 2922 Conﬁrmationem
990 2868 1219 2937 episcopi
1281 2884 1386 2924 non
1435 2869 1790 2937 disputamus;

273 2957 298 2994 δ
323 2957 495 3009 tamen
519 2955 571 3008 in
597 2955 801 3008 Nicaeua
832 2955 1027 3023 synodo
1056 2955 1154 3008 fuit
1179 2956 1415 3041 chrisma.
1432 2955 1797 3011 constitutum.

278 3055 300 3081 ο
328 3044 535 3097 Pannos
563 3042 872 3095 chrismatos
900 3041 1088 3094 itemm
1107 3055 1261 3110 super
1292 3041 1450 3093 alium
1475 3041 1796 3108 baptizatum

1881 1906 1977 1974 ﬁlii
2015 1905 2181 1959 Israel
2222 1906 2601 1974 jejuni-comat,
2629 1911 2830 1972 postea,
2880 1905 3106 1972 quandiu
3147 1903 3408 1958 voluerint

1881 1995 2190 2066 presbyteri.
2222 1997 2247 2033 ι
2276 1993 2420 2048 Ilulti
2449 1994 2632 2047 dicunt
2662 2008 2766 2048 non
2794 1992 2954 2046 licere
2997 2007 3091 2062 pro
3121 1991 3420 2046 infantibus

1882 2085 2074 2139 missas
2094 2082 2266 2137 facere
2290 2089 2412 2135 ante
2439 2091 2638 2149 septem
2662 2096 2846 2135 annos.
2883 2079 2987 2134 Sed
3010 2081 3132 2134 licet
3163 2078 3178 2117 ι
3216 2078 3411 2149 Diony-

1884 2174 1993 2229 sius
2019 2171 2328 2239 Areopagita
2366 2169 2506 2223 dicat
2525 2168 2906 2236 blasphemiam
2955 2167 3062 2222 Deo
3101 2165 3293 2232 facere,
3321 2165 3411 2234 qui

1885 2259 2072 2312 missas
2087 2256 2241 2311 oﬁ'ert
2267 2271 2363 2326 pro
2384 2254 2529 2310 malo
2553 2256 2762 2312 homine
2787 2273 2798 2306 :
2833 2267 2871 2294 In
2889 2254 3210 2322 Augustinus
3236 2264 3411 2308 tamen

1887 2346 2014 2401 dicit
2041 2361 2134 2415 pro
2161 2346 2401 2400 omnibus
2437 2344 2770 2400 Christianis.
2796 2344 2897 2398 hoc
2936 2358 3054 2398 esse
3091 2341 3410 2403 iaciendum.
3525 2341 3527 2344 ’

1888 2436 2010 2505 quia
2033 2437 2134 2490 hoc
2153 2433 2234 2488 vel
2259 2435 2336 2489 eis
2378 2433 2585 2502 proﬁcit
2625 2439 2716 2485 aut
2735 2431 3089 2494 oﬂerentibus,
3121 2440 3209 2483 aut
3236 2439 3415 2499 peten-

1893 2525 2048 2578 tibus.
2079 2523 2145 2576 Et
2168 2537 2272 2577 non
2298 2531 2379 2575 est
2405 2523 2605 2576 licitu
2643 2521 2832 2573 missas
2859 2519 3126 2572 celebrare
3148 2520 3417 2588 presbyte—

1893 2626 1968 2674 ro,
1997 2609 2078 2663 vel
2103 2609 2343 2672 diacono,
2376 2608 2461 2663 cui
2486 2622 2590 2662 non
2609 2606 2754 2671 licet,
2790 2605 2868 2659 vel
2890 2606 2981 2676 qui
3009 2620 3113 2660 non
3133 2606 3243 2659 vult
3276 2621 3418 2660 com-

1892 2699 2195 2764 munionem
2220 2696 2478 2766 accipere.

2480 2822 2700 2879 CAPUT
2742 2821 2826 2877 vr.
2904 2894 2908 2898 ἱ

2009 2997 2014 3002 _
2038 2934 2114 2988 De
2131 2933 2425 2999 abbatibus,
2455 2942 2502 2987 et
2524 2933 2804 2996 monachis,
2834 2930 2912 2986 uel
2937 2931 3270 2985 monasteriis.

1964 3039 2179 3095 'Abbas
2190 3049 2361 3111 potest
2379 3056 2474 3110 pro
2496 3039 2790 3093 humilitate
2813 3054 2932 3093 cum
2949 3038 3293 3107 permissiouc
3317 3039 3424 3107 epi-

277 3131 473 3199 imponi
498 3144 602 3183 non
625 3138 701 3182 est
728 3121 1026 3183 absurdum.
1064 3128 1082 3166 ί
1113 3088 1196 3182 lur
1209 3088 1594 3184 catechumenzn
1627 3138 1682 3182 et
1705 3129 1801 3184 ba-
1823 3088 1869 3150 ο
1900 3127 2047 3197 accpi
2104 3088 2277 3184 loetrim
2337 3088 2490 3183 ςιῖιιιη
2549 3088 2977 3196 derelinquere;
3008 3135 3183 3182 tanien
3231 3088 3429 3207 fratrr-es

275 3217 535 3284 ptismate
558 3225 611 3268 et
631 3215 1022 3269 conﬁrmatione
1049 3229 1184 3268 unus
1205 3224 1378 3282 potest
1403 3230 1519 3268 esse
1559 3224 1731 3283 pater,
1759 3215 1806 3269 si

278 3313 492 3358 necesse
515 3304 584 3356 sit
613 3320 624 3354 :
657 3318 760 3355 non
783 3311 863 3355 est
890 3310 1062 3355 tamen
1099 3304 1437 3355 consuetudo.
1474 3301 1574 3354 Per
1603 3302 1804 3371 singula

281 3390 471 3459 singuli
513 3391 821 3457 suscipiunt.
856 3391 879 3428 ε
912 3388 1024 3443 Non
1051 3389 1170 3442 licet
1216 3390 1373 3442 alium
1403 3390 1685 3458 suscipere,
1715 3392 1804 3458 qui

283 3493 390 3529 non
415 3485 489 3532 es'
519 3477 832 3544 baptizatus.
859 3476 986 3529 Viro
1006 3483 1182 3528 autem
1204 3473 1329 3529 licet
1349 3474 1594 3529 feminam
1635 3479 1807 3532 susci-

283 3584 410 3636 pere
437 3569 488 3622 in
528 3569 805 3635 baptismo,
854 3567 1092 3620 similiter
1117 3575 1170 3619 et
1196 3565 1403 3620 feminae
1425 3567 1593 3620 virum
1641 3570 1807 3622 ειεοί-

283 3671 429 3724 pere.
453 3657 479 3694 υ
513 3655 624 3709 Non
647 3656 768 3709 licet
795 3653 1071 3722 baptizatis
1096 3666 1213 3705 cum
1245 3652 1632 3719 catechumenis
1651 3670 1802 3708 man-

282 3744 479 3796 ducare
517 3742 623 3814 [41.
662 3745 808 3807 add.,
851 3757 1018 3810 neque
1044 3740 1276 3796 osculum
1300 3742 1377 3794 eis
1405 3740 1572 3812 dare],
1610 3752 1804 3811 quanto

285 3831 458 3897 magis
476 3831 770 3898 gentilibus.

885 3913 1103 3968 CAPUT
1138 3911 1202 3967 Υ.

513 4000 587 4055 De
608 4002 757 4054 missa
785 4001 1134 4068 defunctorum
1170 4009 1216 4053 et
1245 4010 1576 4055 mortuorum.

365 4093 380 4130 ι
415 4089 708 4143 Secundum
749 4089 1034 4144 Romanam
1061 4088 1343 4143 Ecclesiam
1383 4105 1496 4144 mos
1509 4099 1599 4152 est
1627 4091 1805 4146 mona-

286 4180 417 4232 chos
439 4178 516 4231 vel
541 4178 806 4246 religiosos
831 4176 1099 4231 defunctos
1124 4170 1175 4228 in
1201 4177 1470 4240 ecclesiam
1500 4187 1731 4244 portare,
1747 4191 1806 4234 et
1836 4217 1838 4220 τ

286 4283 408 4322 cum
432 4267 709 4321 chrismate
732 4280 922 4333 ungere
946 4274 1174 4333 pectora,
1203 4265 1375 4331 ibique
1401 4280 1493 4333 pro
1519 4266 1594 4319 eis
1615 4268 1805 4335 missas

1901 3209 2094 3284 eligant
2121 3215 2220 3269 sibi
2246 3215 2487 3270 abbatem
2515 3215 2579 3268 de
2603 3214 2750 3281 ipsis,
2779 3215 2824 3267 si
2861 3213 3089 3277 habent;
3122 3214 3203 3266 sin
3230 3213 3425 3278 autem,

1901 3304 1966 3357 de
1989 3304 2275 3374 extraneis.
2307 3311 2331 3337 ο
2358 3303 2465 3358 Nec
2488 3302 2764 3372 episcopus
2783 3302 2935 3356 debet
2963 3301 3212 3355 violenter
3235 3302 3428 3356 retine-

1901 3404 1960 3444 re
1983 3391 2223 3445 abbatem
2255 3391 2308 3443 in
2334 3390 2449 3444 loco
2485 3404 2599 3444 suo.
2635 3389 2983 3460 Congregatio
3017 3388 3170 3447 debet
3197 3388 3296 3444 sibi
3334 3391 3432 3444 eii-

1901 3494 2023 3548 gere
2045 3479 2286 3533 abbatem
2324 3487 2443 3545 post
2464 3477 2575 3545 ejus
2600 3485 2845 3542 mortem,
2885 3472 2978 3542 aut
3025 3492 3088 3530 eo
3118 3476 3346 3542 vivente,
3384 3479 3429 3531 si

1907 3565 2209 3619 discesserit
2237 3564 2317 3617 vel
2359 3563 2675 3632 peccaverit.
2716 3561 2832 3631 lpse
2857 3577 2962 3616 non
2989 3570 3162 3630 potest
3204 3561 3429 3630 aliquem

1864 3693 1866 3695 -
1905 3653 2152 3708 ordinare
2174 3652 2239 3705 de
2264 3651 2373 3706 suis
2400 3650 2722 3719 propinquis,
2748 3664 2916 3718 neque
2936 3650 3140 3713 alienis,
3157 3664 3252 3704 nec
3269 3650 3429 3703 alium

1900 3742 2141 3796 abbatem
2162 3742 2287 3796 dare
2314 3728 2427 3795 sine
2450 3739 2716 3794 voluntate
2743 3738 2987 3796 fratrum.
3018 3749 3044 3788 ν
3076 3737 3133 3792 Si
3159 3753 3284 3801 vero
3308 3753 3430 3808 pec-

1900 3827 2096 3882 caverit
2119 3827 2298 3889 abbas,
2335 3826 2579 3894 episcopo
2619 3841 2723 3880 non
2753 3826 2876 3880 licet
2923 3821 3105 3880 tollere
3149 3814 3434 3893 possessio-

1900 3929 2020 3968 nem
2068 3914 2392 3976 monasterii,
2446 3913 2686 3983 quamvis
2739 3913 3038 3982 peccaverit
3079 3915 3244 3972 abbas
3281 3933 3295 3967 :
3339 3915 3429 3969 sed

1901 4003 2074 4056 mittat
2098 4018 2216 4056 eum
2241 4003 2294 4055 in
2335 4001 2475 4055 aliud
2510 4002 2887 4075 monasterium
2932 4002 2986 4054 in
3009 4009 3266 4071 potestate
3307 4002 3437 4056 alte-

1901 4094 2011 4160 rius
2045 4093 2266 4146 abbatis.
2296 4090 2409 4145 Non
2445 4091 2566 4143 licet
2607 4092 2803 4155 abbati,
2833 4106 3008 4164 neque
3042 4092 3286 4161 episcopo
3327 4101 3433 4146 ter-

1901 4198 2013 4236 ram
2061 4182 2296 4236 ecclesiae
2319 4189 2626 4236 convertere
2667 4183 2734 4237 ad
2775 4183 2955 4248 aliam,
3002 4183 3243 4252 quamvis
3269 4182 3436 4235 antlia:

1903 4272 1956 4325 in
1979 4279 2235 4340 potestate
2264 4271 2378 4340 ejus
2401 4271 2526 4324 sint.
2554 4282 2580 4321 tt
2604 4271 2658 4324 Si
2686 4279 2889 4327 munire
2910 4271 3024 4324 vult
3045 4280 3240 4323 terram
3269 4269 3434 4323 eccle-

290 4358 581 4420 celebnre;
625 4356 808 4409 deinde
832 4368 950 4409 cum
989 4357 1282 4409 cantatione
1312 4364 1520 4424 portare
1546 4360 1612 4412 ad
1636 4359 1807 4427 sepul—
1833 4387 1884 4449 Β
1907 4364 2017 4429 sise,
2047 4363 2204 4418 faciat
2223 4378 2342 4416 cum
2376 4363 2594 4416 consilio
2613 4363 2858 4431 episcopi,
2889 4370 2942 4415 et
2980 4361 3201 4415 fratrum
3219 4345 3431 4415 ωοῐυιῖι

362 4551 386 4577 ι
419 4536 615 4589 Theod.
637 4528 796 4603 ’capit.
824 4534 910 4596 ΩΟ,
940 4542 980 4587 t.
1004 4531 1353 4603 IXASpicileg.

362 4606 391 4644 ι
416 4605 679 4674 Innocent.
705 4598 842 4674 'papa
871 4603 892 4655 l
933 4603 984 4674 in
1018 4598 1247 4674 epist},
1291 4598 1405 4674 cap.
1436 4598 1506 4674 6;
1558 4601 1710 4669 epist.
1747 4601 1805 4667 4,

365 4619 391 4644 ι’
418 4619 679 4657 Innocent.
703 4619 791 4722 ζει

290 4671 493 4747 cap};
525 4671 675 4747 epist.
737 4670 791 4747 ἓν

363 4735 384 4778 ἒ
417 4735 573 4806 ϐιίθεξ
605 4735 730 4789 Naz.
757 4737 810 4806 in
840 4744 973 4789 orat.
1011 4735 1096 4788 59.

361 4808 387 4845 d
417 4803 611 4860 Theod.
643 4819 757 4872 cap.
786 4803 837 4856 4.

370 4885 393 4948 ξ
421 4873 608 4948 Qurch.
634 4871 668 4948 l_.
693 4887 762 4932 iv,
788 4869 1016 4948 φιλέῃ,
1039 4886 1103 4924 ex
1128 4869 1313 4948 concil.
1343 4867 1573 4948 peluem,
1603 4885 1651 4923 e.
1678 4872 1730 4924 8.

371 4940 389 4976 τ
421 4939 610 4992 Burcb.
641 4937 796 5016 Law,
838 4935 886 4993 ὁ.
913 4938 1000 5016 ᾷϐ,
1027 4955 1091 5016 es
1130 4935 1599 5016 c-gnciI..Mogunt.,
1647 4953 1694 4991 c.
1730 4941 1807 5016 ,ξς

298 5008 385 5086 l_vo
414 5022 464 5074 p.
493 5021 529 5065 ι,
554 5021 601 5058 c.
640 5005 774 5086 ωε,
802 5007 1122 5086 ex_de_creti_s
1146 5001 1331 5086 iiylgini
1361 5001 1528 5071 papae,
1555 5019 1670 5074 cap.
1696 5064 1698 5066 τ
1723 5007 1806 5069 lO,

297 5075 363 5128 de
390 5072 699 5134 ἀδικέεται,
728 5073 844 5126 dist.
871 5072 918 5129 4,
951 5073 1002 5123 in
1032 5072 1349 5126 catecliiimo.
1621 5072 1634 5074 “

375 5144 399 5180 ι
428 5140 613 5193 Burcli.
657 5140 692 5192 l.
726 5156 796 5200 IV,
842 5154 888 5192 c.
919 5138 1008 5202 26,
1049 5154 1113 5192 ex
1159 5155 1303 5193 conc.
1354 5136 1606 5204 Mogunt.,
1655 5157 1698 5194 c.
1742 5142 1812 5204 2;

302 5207 392 5277 lvo
418 5224 468 5277 p.
493 5223 531 5270 ι,
575 5221 627 5260 c.
667 5207 788 5270 220,
829 5208 891 5262 de
926 5206 1251 5271 Consecrat.,
1278 5207 1398 5260 dist.
1427 5206 1477 5270 ι,
1527 5224 1574 5260 c.
1627 5209 1678 5260 in
1728 5212 1816 5262 ba-

303 5274 624 5434 rd?”
655 5355 767 5434 clap.
801 5340 949 5434 86,}.
986 5340 1051 5393 ιχ
1089 5338 1366 5434 Ξὲξρξιρεά
1397 5340 1455 5394 C.
1485 5341 1552 5394 M.
1593 5341 1812 5410 Capitul.

304 5409 341 5462 i.
372 5424 445 5470 vl,
470 5423 516 5461 c.
542 5409 638 5474 9‘3;
669 5408 856 5461 Burch.
889 5408 922 5460 ι.
951 5425 1019 5472 iv,
1047 5426 1093 5469 c.
1125 5408 1231 5461 95.¹Ιι
1611 5457 1621 5468 ,

383 5489 398 5517 ι
435 5475 626 5543 Τὴθοᾱ.
651 5492 765 5543 cap.
790 5476 875 5539 90,
903 5485 939 5528 t.
977 5476 1042 5528 IX
1070 5476 1307 5543 Spicileg.

377 5551 395 5593 ι
436 5542 561 5610 Cap.
592 5543 655 5596 l9
679 5542 896 5606 Theod.,
935 5550 969 5594 t.
1002 5543 1064 5594 IX
1091 5542 1314 5610 Spicileg

378 5611 407 5650 ι
427 5610 619 5666 Theod.
646 5625 756 5679 cap.
791 5612 873 5677 69,
902 5620 937 5664 t.
961 5611 1026 5663 IX
1049 5610 1291 5680 Spicileg.

818 4683 931 4736 cap.
953 4669 1016 4730 Ως
1044 4668 1127 4736 ep.
1165 4668 1253 4733 23,
1282 4668 1396 4733 cap.
1427 4669 1480 4721 6.

1985 4523 2306 4589 1illierarch.
2338 4533 2538 4588 Eccles.
2564 4549 2622 4587 ea
2668 4573 2680 4586 .
2708 4535 2765 4600 7;
2793 4535 2992 4590 Theod.
3022 4550 3081 4590 ca
3125 4574 3138 4588 .
3169 4535 3254 4596 56,
3283 4541 3322 4588 t.
3365 4535 3432 4589 IX

1989 4603 2190 4654 icilea.:
2223 4618 2359 4654 resn.
2385 4604 2418 4654 ὃ
2439 4601 2594 4654 Grec.
2627 4549 2711 4654 PII.
2753 4620 2834 4654 en.
2891 4605 2939 4654 l.
2971 4602 3034 4654 ad
3060 4549 3430 4654 "Konifacium:

1913 4601 2190 4674 Spicileg.;
2223 4618 2359 4674 resp.
2385 4601 2594 4674 5_Cre_.g.
2630 4601 2711 4665 Ill,
2753 4620 2834 4672 ep.
2891 4605 2953 4674 1,Δ
2962 4602 3034 4674 ad
3060 4601 3430 4674 "Bonifacium;

1910 4669 2169 4752 Burch.'l.
2204 4687 2288 4749 in,
2404 4671 2500 4733 65;
2528 4669 2615 4723 lvo
2655 4685 2707 4738 p.
2738 4669 2818 4733 ui,
2847 4687 2894 4724 c.
2927 4671 3008 4734 67,
3041 4687 3105 4725 ex
3134 4669 3288 4724 dictis
3315 4670 3433 4724 Dio.

1911 4740 2559 4874 “Yﬂ'siﬂ'é‘f‘iii‘étma.
2586 4819 2716 4874 cap.
2739 4805 2825 4867 to,
2865 4816 2918 4859 et
2944 4805 3039 4859 lib.
3079 4806 3146 4858 de
3183 4819 3306 4857 cura
3338 4820 3435 4874 pro

1908 4874 2131 4928 mortuis
2176 4871 2420 4942 gerenda,
2453 4888 2566 4942 cap.
2595 4871 2667 4942 ιζ
2695 4873 2988 4927 Amalarius
3019 4874 3106 4925 lib.
3140 4889 3213 4935 IV,
3258 4871 3431 4942 c.742;

1908 4942 1971 4993 de
2031 4939 2422 4994 consecratione
2475 4939 2595 4994 dist.
2641 4941 2698 5004 l,
2736 4943 2917 5006 visum,
2975 4955 3038 4995 ex
3085 4955 3232 4994 conc.
3282 4939 3437 4993 Cabi-

1910 5007 2013 5061 lon.
2052 5025 2109 5068 u,
2155 5025 2198 5061 c.
2229 5008 2316 5061 39.

1985 5088 2011 5112 υ
2043 5077 2228 5128 Burch.
2261 5075 2438 5137 l.v1u,
2462 5089 2508 5128 c.
2543 5075 2626 5132 86.
2649 5090 2710 5127 ex
2745 5089 2891 5128 conc.
2925 5074 3006 5127 Mo

1992 5150 2012 5177 ³
2042 5144 2236 5196 Theod.
2275 5158 2388 5210 cap.
2421 5144 2504 5206 46,
2546 5153 2582 5195 t.
2629 5143 2695 5195 lx
2724 5143 2964 5211 Spicileg.

1919 5226 2031 5278 cap.
2062 5212 2323 5263 collatum.

1919 5345 1964 5356 η
1989 5289 2014 5326 ν
2137 5277 2316 5356 epist._
2341 5275 2627 5356 Agathonis
2654 5291 2740 5345 pp.
2784 5281 2853 5356 ad_
2875 5277 3207 5356 Ethelredltm
3258 5288 3434 5356 regem

1919 5345 2227 5398 Merciorum
2272 5353 2323 5397 et
2368 5343 2701 5398 Theodorum
2747 5345 2892 5398 arch.
2943 5345 3065 5410 Cap.
3106 5343 3300 5396 Theod.
3327 5343 3433 5410 :47,

1918 5420 1955 5464 t.
1988 5412 2055 5464 lx
2085 5412 2336 5480 Spicileg;
2365 5412 2553 5466 Burch.
2593 5412 2625 5462 l.
2657 5427 2774 5477 vni,
2819 5427 2866 5473 c,
2911 5409 3091 5474 87,’ex
3136 5426 3282 5465 conc.
3329 5409 3444 5464 blo-

1912 5479 2379 5611 8u2t'l"b§;xi‘.0cap.
2409 5543 2493 5596 48.
2523 5543 2584 5613 y.
2617 5545 2801 5613 Pmnit.
2832 5560 2948 5597 cum
2973 5559 3120 5613 capp.
3151 5544 3348 5598 Theod.
3380 5543 3436 5597 in

1915 5612 2096 5682 Spicil.
2123 5613 2208 5665 eti.
2236 5610 2498 5665 collatum.
2523 5610 2711 5665 Burcli.
2730 5612 2769 5664 l.
2795 5629 2868 5673 ιιι,
2901 5628 2946 5665 c.
2974 5610 3086 5666 987C
3398 5645 3400 5647 ›
