3922 6222
533 394 625 450 951

1460 385 1791 442 TllEODORl
1826 380 2129 437 ARClllEP.
2164 378 2691 437 CANTUARIENSIS

3534 370 3638 424 953

530 504 660 574 [Al.,
680 514 796 555 cum
820 510 1073 555 consensu
1092 501 1405 579 amborum],
1431 500 1533 571 [AL
1557 501 1703 564 add.,
1721 499 1765 552 si
1786 497 1901 565 quis
1918 494 2025 546 vult
2048 494 2095 548 Δ
2120 497 2261 550 cunt,
2289 488 2428 579 ipsos
2453 487 2685 579 infirmos
2714 483 2911 579 visitari
2942 483 3128 537 debere
3160 482 3511 579 [iamet
3533 497 3636 536 ce-

528 592 897 647 monasterium
939 606 1089 644 suum
1144 592 1199 646 in
1219 592 1377 645 alium
1418 592 1585 644 locum
1619 587 1829 657 ponere]
1857 594 1910 639 et
1948 584 2026 638 di-

526 682 699 735 mittat
722 681 772 732 in
806 680 1030 747 priorem
1062 678 1231 731 locum
1268 679 1620 745 presbyterum
1657 677 1722 730 ad
1746 673 2028 728 ministeria

525 768 775 823 ecclesiae.
820 767 930 819 Non
960 766 1079 818 licet
1128 766 1494 819 viris‘feminas
1515 765 1707 819 habere
1730 761 2026 822 monachas,

518 868 693 920 neque
735 851 939 907 feminis
982 852 1138 911 viros,
1191 859 1360 905 tamen
1385 866 1487 905 non
1528 850 1858 902 destruamus
1884 845 2027 905 illud,

521 941 662 1008 quod
688 939 1004 991 consuetudo
1037 947 1116 990 est
1155 940 1205 991 in
1253 939 1349 992 hac
1377 945 1535 989 terra.
1575 948 1599 975 ι
1642 933 1890 987 Monaclio
1926 946 2029 984 non

522 1027 645 1080 licet
668 1033 844 1080 votum
885 1040 1071 1078 vovere
1104 1026 1216 1079 sine
1261 1039 1511 1078 consensu
1538 1024 1772 1077 abbatis:
1806 1020 1896 1074 Sin
1933 1021 2030 1074 mi-

519 1132 642 1180 nus,
677 1116 1013 1183 frangendum
1036 1121 1134 1167 est.
1165 1112 1338 1167 Abbas
1362 1116 1404 1167 si
1429 1115 1665 1167 habuerit
1694 1112 2027 1173 monachum,

492 1214 679 1269 "quem
700 1203 855 1269 elegit
873 1202 974 1271 [ΑΙ.
1007 1202 1152 1261 αάά..
1173 1202 1383 1269 dignum
1403 1202 1555 1254 debet
1578 1201 1719 1261 dare,
1748 1200 1793 1251 si
1820 1192 2030 1251 necesse

514 1298 621 1343 est.
650 1290 817 1343 Puero
842 1307 941 1345 non
972 1293 1090 1345 licet
1140 1295 1295 1346 etiam
1324 1292 1536 1354 nubere,
1552 1291 1761 1357 prolato
1791 1300 1911 1343 ante
1945 1303 2029 1341 mo

526 1377 674 1430 nacbi
716 1386 851 1431 voto.
892 1380 945 1431 Si
975 1381 1090 1445 quis
1129 1368 1433 1445 monachus,
1452 1394 1605 1446 quem
1640 1378 2028 1447 elegerit,'etc.]

523 1465 873 1530 congregatio,
925 1474 982 1516 ut
1016 1466 1222 1519 ordinet
1269 1481 1385 1518 eum
1415 1469 1466 1519 in
1513 1466 1675 1532 gradu
1702 1466 2026 1534 presbyterii,

525 1568 626 1604 non
650 1554 801 1606 debet
844 1553 1102 1605 dimittere
1135 1555 1358 1620 priorem
1394 1544 1837 1608 conversationem
1860 1566 2026 1605 suam.

525 1636 580 1690 Si
627 1648 798 1691 autem
840 1646 1017 1703 postea
1062 1639 1302 1692 inventus
1345 1640 1499 1691 fuerit
1538 1647 1596 1692 ut
1641 1641 1907 1705 superbus,
1938 1638 2029 1690 ‘vel

521 1728 721 1781 otiosus
750 1728 877 1796 [ΑΛ.
900 1712 1161 1797 vitiosus],
1191 1738 1249 1781 et
1277 1731 1327 1784 in
1355 1730 1553 1783 meliori
1598 1731 1758 1799 gradu
1802 1732 2027 1797 priorem

521 1814 682 1866 vitam
738 1823 969 1879 qurerat;
1018 1814 1342 1881 deponatur:
1389 1827 1442 1869 et
1478 1818 1531 1870 in
1577 1818 1814 1869 ultimum
1858 1817 2026 1870 locum

522 1903 838 1955 constitutus
871 1902 1221 1956 satisfactione
1269 1905 1524 1957 emendet.
1579 1905 1635 1957 ln
1682 1910 1932 1971 potestate
1977 1912 2030 1957 et

524 1989 761 2041 libertate
787 1989 1083 2042 monasterii
1116 1998 1191 2043 est
1212 1991 1468 2057 susceptio
1496 1990 1817 2043 inﬁrmorum
1844 1991 1895 2043 in
1922 2004 2032 2042 mo-
2102 2034 2103 2039 η

522 2077 769 2129 nasterio.
795 2076 851 2128 ln
872 2077 1109 2129 libertate
1134 2090 1339 2143 quoque
1358 2077 1658 2129 monasterii
1678 2078 1797 2129 esti
1826 2075 2031 2128 lavandi

520 2165 680 2229 pedes
708 2163 986 2226 laicorum;
1024 2164 1122 2216 nisi
1157 2163 1209 2215 in
1232 2176 1381 2217 coma
1405 2163 1608 2216 Domini
1630 2174 1733 2216 non
1756 2172 2029 2232 coguntur.

520 2255 547 2288 δ
586 2250 691 2304 Nec
710 2252 921 2305 libertas
943 2253 1241 2305 monasterii
1263 2261 1345 2307 est
1376 2253 1733 2321 paenitentiam
1774 2253 2034 2308 seculari—

524 2340 620 2392 bus
644 2339 667 2378 δ
690 2340 943 2408 judicare,
969 2343 1085 2407 quia
1106 2343 1313 2408 proprie
1330 2342 1636 2395 clericorum
1662 2350 1760 2395 est.

1092 2438 1319 2503 CAPUT
1342 2448 1446 2502 vn.

627 2517 696 2569 De
720 2519 762 2569 ri
781 2536 814 2570 u
841 2520 1101 2570 mulierum
1136 2536 1188 2570 ιη
1226 2518 1473 2582 ecclesia,
1503 2517 1577 2570 vel
1606 2527 1929 2570 monasterio.

596 2616 618 2643 ο
644 2605 883 2658 Mulieres
903 2614 1004 2658 non
1030 2606 1381 2658 velentaltare
1401 2606 1463 2657 de
1479 2607 1761 2673 corporali:
1780 2621 1876 2660 nec
1894 2607 2034 2660 obla-

523 2694 690 2746 tiones
716 2708 871 2759 super
907 2692 1087 2754 altare,
1132 2707 1299 2759 neque
1340 2694 1554 2746 calicem
1610 2702 2032 2763 ponantmeque

522 2788 661 2831 stent
681 2780 813 2832 inter
830 2779 1095 2832 ordinatos
1119 2781 1169 2831 in
1197 2781 1414 2836 ecclesia
1444 2799 1455 2832 ε
1495 2796 1660 2848 neque
1706 2782 1757 2834 in
1794 2784 2033 2837 convivio

534 2870 734 2923 redeant
752 2870 886 2921 inter
911 2870 1223 2921 sacerdotes.
1248 2868 1449 2921 Mulieri
1479 2885 1580 2923 non
1613 2879 1695 2924 est
1719 2871 1915 2924 licitum
1936 2872 2031 2923 ali-

519 2957 605 3009 cui
632 2956 985 3022 poenitentiam
1016 2954 1160 3015 dare,
1184 2956 1303 3022 quia
1334 2956 1383 3007 in
1422 2972 1619 3011 canone
1666 2956 1788 3011 nulli
1835 2958 2031 3031 licitum

2128 580 2265 627 teros
2287 572 2561 641 lnﬁrmos],
2591 572 2725 626 sicut
2750 569 2997 623 Dominus
3020 568 3255 636 przecipit
3273 568 3481 638 (Matth.
3506 581 3635 631 xxv,

2124 660 2233 728 45).
2261 659 2427 713 σπι-πεί
2455 674 2639 713 carnes
2670 657 3059 711 morticinorum
3103 668 3209 707 non
3256 654 3382 707 dant
3422 657 3630 724 porcis;

2126 747 2284 815 pelles
2314 755 2484 799 tamen
2507 748 2572 799 ad
2599 732 2972 805 calceamenta,
2999 751 3052 795 et
3097 744 3287 803 lanam,
3334 752 3390 797 et
3433 760 3633 798 cornua

2126 834 2360 900 accipere
2385 826 2506 887 licet
2547 847 2649 885 non
2668 832 2733 884 ad
2754 831 2961 897 aliquod
2980 838 3215 883 sanctum
3241 829 3368 901 [Αι.,
3389 832 3467 883 vel
3490 834 3633 885 coria

2124 931 2177 975 et
2212 921 2561 975 calceamenta
2589 920 2767 983 licent,
2795 927 2849 973 et
2869 919 2986 971 lana
3014 928 3069 971 et
3093 934 3287 972 cornua
3323 921 3505 988 accipi,
3529 936 3636 973 non

2127 1009 2179 1060 in
2204 1008 2376 1073 aliquo
2403 1006 2623 1077 sancto].
2663 1007 2949 1065 Lavacrum
2964 1005 3151 1073 capitis
3174 1005 3277 1076 [ΑΙ.
3300 1006 3419 1059 add.
3456 1006 3641 1060 Potest

2129 1094 2265 1164 esse]
2296 1095 2346 1147 in
2373 1094 2658 1159 Dominica,
2681 1102 2735 1148 et
2756 1094 2808 1146 in
2839 1096 2854 1132 ί
2888 1093 3063 1145 lixivia
3083 1093 3241 1159 pedes
3274 1092 3447 1145 lavare
3478 1094 3634 1146 licet:

2126 1185 2217 1236 sed
2256 1183 2574 1237 consuetudo
2621 1182 2971 1235 Romanorum
2999 1196 3101 1234 non
3151 1189 3230 1233 est
3288 1182 3397 1233 hac
3442 1182 3641 1234 lavatio

2125 1271 2330 1338 pedum.

2706 1355 2923 1411 CAPUT
2957 1355 3047 1408 IX.

2130 1445 2680 1513 Deicommunications
2716 1446 2983 1498 Scotorum
3028 1454 3073 1498 et
3114 1443 3397 1513 Britonum,
3444 1444 3539 1513 qui
3585 1446 3644 1497 in

2199 1512 2391 1564 Pascha
2412 1522 2457 1581 et
2487 1522 2691 1565 tonsura
2710 1513 2970 1581 catholica:
3002 1521 3235 1565 nonrsunt
3258 1511 3381 1581 [Al.,
3404 1511 3642 1564 catholisi

2196 1595 2293 1631 non
2307 1579 2442 1649 sunt]
2473 1580 2684 1632 adunati
2696 1579 2952 1633 Ecclesia.

2198 1685 2211 1735 i
2242 1686 2341 1751 Qui
2356 1687 2582 1742 ordinati
2608 1695 2731 1741 sunt
2756 1686 3027 1740 Scotorum
3049 1686 3127 1738 vel
3151 1686 3417 1739 Britouum
3439 1687 3645 1753 episem

2059 1779 2100 1835 Β
2127 1776 2175 1844 pi
2199 1777 2287 1842 qui
2331 1776 2384 1829 in
2402 1776 2605 1830 Pascha
2629 1776 2709 1828 vel
2738 1783 2951 1828 tonsura
2975 1775 3243 1829 catholica
3256 1790 3359 1828 non
3380 1783 3500 1827 sunt
3517 1775 3647 1827 adu-

2128 1865 2235 1916 nati
2272 1853 2537 1925 Ecclesiaz,
2567 1866 2754 1917 iterum
2791 1879 2823 1914 a
2868 1864 3123 1917 catholico
3167 1864 3408 1931 episcopo
3456 1878 3647 1915 manus

2128 1950 2452 2019 impositione
2479 1949 2867 2003 conﬁrmentur.
2902 1948 3007 2018 [AL
3030 1948 3155 2000 add.
3200 1947 3449 2001 Similiter
3474 1957 3528 1999 et
3546 1963 3639 2001 ec-

2127 2040 2298 2093 clesize
2318 2053 2432 2107 quae
2455 2040 2521 2093 ab
2546 2039 2671 2107 ipsis
2697 2039 2955 2107 episcopis
2983 2038 3311 2099 ordinantur,
3340 2050 3475 2103 aqua
3489 2050 3648 2089 exor—

2129 2126 2295 2180 cizata
2329 2133 2689 2195 aSpergantur,
2710 2134 2761 2179 et
2788 2126 2958 2194 aliqua
2985 2124 3290 2178 collectione
3330 2122 3649 2177 conﬁrmen-

2128 2214 2255 2285 ιρι-,ι
2280 2214 2563 2269 Licentiam
2585 2230 2789 2283 quoque
2822 2230 2923 2269 non
2945 2215 3196 2267 habemus
3212 2214 3287 2266 eis
3308 2212 3648 2280 poscentibus

2126 2306 2354 2359 chrisma
2381 2306 2463 2359 vel
2495 2305 2866 2361 eucharistiam
2906 2302 3049 2363 dare,
3093 2302 3191 2354 nisi
3244 2311 3365 2356 ante
3416 2301 3649 2355 confessi

2128 2389 2470 2445 fuerintvelle
2505 2392 2771 2445 nobiscum
2805 2405 2921 2445 esse
2962 2390 3010 2442 in
3038 2389 3235 2441 unitate
3277 2387 3541 2441 Ecclesia.
3578 2388 3650 2441 Et

2128 2480 2216 2547 qui
2234 2495 2297 2533 ex
2312 2494 2490 2533 eorum
2509 2479 2748 2532 similiter
2758 2488 2926 2547 gente,
2941 2477 3021 2531 vel
3038 2477 3335 2544 quicunque
3360 2476 3425 2529 de
3447 2476 3649 2545 baptis-

2128 2582 2212 2621 mo
2240 2582 2336 2620 suo
2358 2567 2692 2632 dubitaverit,
2718 2567 3026 2635 baptizatur.

2728 2690 2945 2745 CAPUT
2968 2691 3031 2743 Χ.

2234 2776 2302 2828 De
2325 2778 2513 2830 vexatis
2539 2793 2569 2828 a
2598 2777 2821 2841 diabolo,
2850 2787 2897 2829 et
2932 2778 2994 2830 de
3013 2779 3073 2831 iis
3098 2776 3183 2848 qui
3204 2796 3256 2832 se
3282 2779 3533 2831 occidunt.

2196 2862 2251 2915 Si
2287 2864 2440 2915 homo
2483 2871 2699 2916 vexatus
2722 2872 2801 2916 est
2827 2878 2855 2916 a
2895 2863 3120 2928 diabolo,
3163 2873 3215 2919 et
3254 2866 3422 2920 nescit
3447 2864 3648 2933 aliquid

2128 2948 2226 3001 nisi
2256 2948 2445 3015 ubique
2473 2948 2783 3019 discurrere,
2809 2956 2861 3003 et
2894 2950 3086 3003 occidit
3131 2953 3466 3019 semetipsum
3514 2966 3648 3019 qua-

520 3050 623 3103 cst,
660 3041 757 3092 nisi
781 3041 902 3093 solis
930 3043 1306 3096 sacerdotibus.
1332 3044 1571 3098 Mulieres
1592 3056 1807 3113 possunt
1833 3046 1928 3117 sub
1948 3049 2027 3099 ni-
2057 3061 2099 3120 ο
2131 3050 2333 3103 cunque
2357 3032 2533 3097 c3082.
2574 3037 2599 3073 ἰ
2624 3037 2832 3104 prodest
2873 3044 2931 3089 ut
2962 3046 3141 3105 oretur.
3166 3052 3262 3105 pro
3313 3050 3394 3101 ec.
3438 3038 3481 3092 si
3522 3045 3649 3090 ante

521 3144 616 3197 ενι-υ
645 3129 898 3182 velamine
924 3127 1029 3196 [ΑΙ.
1052 3128 1173 3180 add.
1228 3138 1283 3181 ut
1312 3130 1531 3184 Basilius
1556 3130 1829 3201 judicavit]
1871 3132 2033 3185 sacri-

522 3216 694 3269 iicium
722 3216 974 3290 accipere.
1018 3216 1023 3220 '
1074 3250 1089 3261 .

598 3305 616 3342 ί
650 3305 833 3361 Mulier
854 3313 1027 3371 potest
1060 3306 1350 3359 oblationes
1384 3306 1555 3360 facere
1578 3308 1857 3361 secundum
1884 3308 2029 3363 Crte-

523 3404 634 3452 cos,
663 3404 764 3442 non
786 3389 1066 3443 secundum
1093 3390 1371 3445 Romanos.

1088 3486 1307 3559 CAPUT
1343 3504 1465 3559 vm.

732 3573 805 3625 De
828 3574 1048 3626 moribus
1068 3572 1357 3626 Grtrcorum
1389 3583 1435 3625 et
1463 3572 1826 3625 Romanorum.

589 3660 642 3712 In
668 3660 933 3711 Dominica
961 3660 1126 3712 Grieci
1159 3668 1211 3712 et
1233 3659 1452 3713 Romani
1474 3675 1577 3712 non
1615 3660 1877 3724 navigant,
1936 3676 2034 3715 nec

524 3746 756 3809 equitant
790 3763 801 3797 :
834 3762 933 3799 non
963 3761 1147 3814 panem
1169 3744 1381 3807 faciunt,
1414 3759 1581 3813 neque
1621 3746 1671 3798 in
1719 3761 1873 3799 curru
1916 3762 2027 3815 per-

524 3843 664 3904 gunt,
695 3836 791 3887 nisi
817 3836 881 3888 ad
923 3834 1197 3887 ecclesiam
1245 3842 1486 3887 tantum:
1531 3848 1627 3887 nec
1671 3834 1915 3888 balneant
1953 3851 2026 3891 se.

523 3920 686 3974 Graeci
721 3936 823 3973 non
848 3921 1083 3974 scribunt
1114 3921 1357 3988 publice;
1388 3928 1562 3973 tanien
1585 3935 1681 3988 pro
1706 3923 2033 3977 necessitate

526 4021 761 4061 seorsum
784 4009 835 4060 in
870 4008 1022 4061 domo
1044 4008 1295 4061 scribunt.
1343 4006 1517 4060 Gmci
1549 4016 1601 4061 et
1648 4007 1865 4062 Romani
1909 4010 2035 4063 dant

526 4094 690 4147 servis
717 4096 824 4146 suis
850 4095 1176 4156 vestimenta,
1202 4097 1225 4132 ⁸
1252 4103 1307 4147 et
1337 4095 1582 4148 laborant
1623 4096 1730 4149 sive
1768 4095 2033 4150 Dominico

526 4182 626 4234 die.
649 4180 945 4233 Graecorum
970 4180 1204 4232 monachi
1226 4194 1403 4234 servos
1423 4196 1524 4243 non
1555 4182 1776 4236 habent:
1797 4183 2029 4239 Monachi

527 4268 874 4321 Romanorum
905 4267 1111 4319 habent.
1141 4267 1196 4319 ln
1228 4267 1313 4320 illa
1342 4267 1423 4321 die
1443 4277 1563 4321 ante
1613 4270 1783 4324 natale
1827 4271 2029 4325 Domini

526 4358 651 4409 hora
680 4369 812 4407 nona
845 4358 1047 4424 expleta
1075 4357 1252 4421 missa,
1289 4357 1337 4409 id
1364 4366 1444 4411 est
1467 4359 1640 4427 vigilia
1668 4360 1868 4413 Domini
1888 4377 2031 4414 man-
2058 4354 2106 4409 D

524 4446 717 4496 ducant
767 4442 1025 4495 Romani:
1058 4444 1222 4497 Grzeci
1270 4462 1391 4499 vero
1437 4448 1573 4501 dicta
1612 4464 1828 4521 vespere
1871 4453 2025 4521 missa

531 4532 559 4568 ιι
583 4524 808 4582 cmuant.
835 4529 907 4582 De
928 4538 1070 4597 peste
1094 4532 1426 4585 mortalitatis
1449 4534 1613 4588 Graeci
1639 4545 1688 4587 et
1712 4535 1927 4591 Romani
1953 4540 2027 4594 di-

596 4637 834 4711 -_Burch_.
858 4638 893 4711 ιε
924 4654 1122 4711 v_iu,‘_c_.
1146 4624 1240 4711 {2;
1268 4641 1355 4703 lvo
1383 4627 1541 4710 vu,
1570 4660 1616 4698 c.
1641 4647 1722 4709 52,
1755 4663 1908 4701 causa
1939 4651 2027 4711 20.

592 4789 619 4811 ιι
654 4789 836 4824 iueoa.
866 4789 977 4838 cap.
999 4789 1086 4833 οδ,
1114 4789 1150 4825 t.
1181 4789 1250 4829 ιλ
1285 4789 1525 4845 Spicueg.

589 4848 616 4874 ε
645 4838 800 4911 conc.
832 4838 994 4911 Tolet.
1014 4856 1151 4911 _x_yu,
1188 4843 1320 4911 037.5;
1345 4844 1638 4898 Convenws
1657 4845 2034 4911 Aauisgranen-

542 4906 716 4957 sissuli
738 4905 995 4959 Ludovico
1013 4906 1097 4965 IV.
1120 4922 1166 4960 c.
1197 4909 1284 4963 33.

586 4970 616 5007 δ
642 4970 700 5022 ν.
726 4972 916 5024 Τὴροτι.
943 4988 1055 5030 cap.
1086 4974 1173 5030 ’43.
1197 4984 1231 5027 ι.
1254 4975 1321 5027 IX
1350 4976 1535 5030 Snieile

586 4989 616 5007 υ
650 4989 700 5022 v.
736 4989 916 5024 incon.
943 4989 1055 5040 cap.
1086 4989 1173 5033 es,
1197 4989 1231 5027 ι.
1254 4989 1321 5027 1.x
1350 4989 1587 5047 Spiciteg.

565 5121 577 5138 ‘
598 5048 622 5138 ς
642 5038 1094 5138 Ιὲε.
1109 5042 1211 5138 Si;
1222 5057 1288 5138 eg
1315 5059 1460 5098 conc.
1484 5047 1781 5111 Rhemensi,
1804 5066 2027 5117 praesen-

523 5110 577 5157 te
598 5104 853 5159 Ludovico
879 5106 1082 5174 imper.,
1116 5124 1173 5161 ca
1218 5146 1229 5160 .
1257 5110 1306 5161 5.
1769 5104 1779 5111 ’
1807 5104 1821 5117 ’

598 5172 621 5247 ξ
648 5171 841 5247 Themi.
864 5176 1092 5247 cap.__28_.
1115 5184 1151 5247 ti.
1180 5125 1245 5228 ix
1276 5177 1516 5247 Spieilcg.
1564 5245 1570 5247 Α
1918 5206 1923 5209 ι

597 5240 621 5275 ⁸
640 5238 769 5315 βλρ.
796 5240 915 5315 8,_t.
929 5240 1008 5315 lx
1030 5238 1329 5315 _Spi_cileg.i
1379 5238 1510 5315 libri
1539 5245 1783 5315 (iapitul'.,
1840 5266 1885 5302 c.
1928 5252 1982 5303 81
2008 5269 2020 5311 ;

526 5301 771 5385 Regi-ml.
794 5323 816 5383 ,ι
844 5307 1064 5385 deEccl.
1086 5301 1395 5385 :Djsei‘plinq
1421 5329 1477 5385 c.‘
1494 5301 1628 5385 _572,'
1648 5331 1709 5368 ex
1738 5301 1897 5385 Capp.
1926 5301 2025 5371 Ca:-

525 5370 621 5425 roli
642 5371 839 5439 Magni;
887 5376 1073 5428 Burch.
1105 5375 1191 5428 lib.
1224 5370 1281 5439 1i,
1310 5370 1423 5447 cap.
1454 5381 1539 5434 82.

590 5440 617 5475 ιι
646 5439 837 5492 Theod.
873 5457 985 5499 cap.
1014 5443 1098 5499 Ἦ),
1130 5453 1164 5495 t.
1191 5444 1257 5495 IX
1284 5447 1519 5499 Snicilca.

597 5457 617 5475 ιι
655 5457 837 5492 ineoo.
873 5457 985 5509 cap.
1014 5457 1098 5499 Ἅι),
1130 5457 1164 5495 t.
1191 5457 1257 5495 Ix
1284 5457 1519 5517 Spicilcg.

597 5505 613 5575 ξ
649 5506 803 5575 ἐνείη
832 5522 945 5575 cap.
977 5510 1169 5563 Theovl.
1194 5513 1280 5565 29.

594 5571 607 5617 ἰ
648 5573 705 5625 V.
739 5572 860 5627 Bed.
896 5571 961 5628 in
1002 5588 1133 5629 NOUS
1183 5590 1234 5631 et
1268 5583 1489 5647 capitula
1542 5584 1727 5638 selecti
1770 5601 2021 5640 canonum

2130 3123 2397 3191 religiosus
2422 3130 2537 3176 erat
2568 3140 2580 3173 :
2611 3123 2655 3175 si
2678 3136 2773 3191 pro
2796 3123 3176 3190 desperatione,
3228 3132 3317 3177 aut
3334 3126 3650 3192 pr0'timore

2128 3209 2316 3276 aliquo,
2333 3218 2422 3263 aut
2439 3224 2533 3277 pro
2547 3210 2720 3263 causis
2733 3210 2938 3279 ignotis,
2954 3210 3059 3264 Deo
3079 3211 3428 3279 relinquamus
3446 3212 3546 3265 hoc
3560 3212 3649 3280 ju-

2128 3297 2337 3363 dieium,
2352 3306 2405 3351 et
2426 3313 2529 3352 non
2555 3300 2665 3352 ausi
2691 3315 2869 3353 sumus
2887 3315 3038 3354 orare
3063 3316 3156 3370 pro
3175 3302 3279 3356 illo.
3300 3303 3398 3367 Qui
3424 3317 3479 3357 se
3506 3304 3650 3357 occi~

2128 3384 2261 3437 derit
2281 3386 2486 3452 propria
2514 3386 2797 3449 voluntate,
2820 3385 2836 3423 ι
2863 3387 3047 3454 missas
3075 3404 3169 3456 pro
3188 3403 3252 3442 eo
3272 3388 3444 3443 facere
3463 3405 3565 3443 non
3581 3390 3648 3444 li-

2129 3478 2229 3533 cet,
2245 3472 2335 3525 sed
2352 3478 2552 3523 tantum
2572 3486 2725 3527 orare
2736 3481 2789 3526 et
2812 3473 3165 3543 eleemosynas
3180 3476 3425 3545 largiriJn
3442 3477 3497 3531 Si
3524 3480 3647 3547 quis

2129 3559 2297 3613 subita
2318 3562 2603 3616 teutatione
2630 3572 2799 3617 mente
2823 3579 2915 3618 sua
2941 3566 3213 3631 exciderit,
3234 3568 3315 3620 vel
3364 3583 3456 3636 per
3502 3569 3647 3622 insa-

2126 3649 2265 3703 niam
2282 3650 2505 3718 seipsum
2523 3652 2786 3715 occiderit,
2806 3654 3014 3721 quidam
3031 3670 3134 3724 pro
3149 3670 3211 3710 eo
3224 3657 3409 3711 missas
3424 3657 3642 3712 faciunt.

2720 3773 2937 3832 CAPUT
2965 3779 3048 3834 XI.

2461 3863 2536 3916 De
2553 3865 2907 3933 questionibus
2931 3869 3297 3939 conjugiorum.

2196 3962 2224 3989 ει
2252 3951 2347 4016 Qui
2372 3954 2422 4006 in
2444 3955 2773 4008 matrimonio
2793 3965 2936 4021 sunt,
2974 3966 3080 4012 tres
3126 3970 3306 4016 noctes
3345 3963 3644 4019 abstineant

2129 4051 2185 4089 se
2211 4052 2240 4089 a
2268 4040 2649 4104 communione,
2673 4050 2951 4109 antequam
2979 4048 3381 4102 communicent.
3411 4049 3501 4101 Vir
3519 4048 3644 4103 abs-

2128 4125 2288 4177 tineat
2312 4139 2367 4178 se
2403 4126 2468 4179 ab
2495 4142 2655 4183 uxore
2677 4143 2767 4181 sua
2789 4131 3127 4198 quadraginta
3151 4134 3261 4186 dies
3290 4144 3407 4187 ante
3421 4137 3638 4204 pascha,

2128 4222 2181 4264 et
2206 4227 2368 4280 usque
2395 4213 2447 4265 in
2474 4222 2686 4268 octavas
2715 4214 2927 4268 Pascha:
2956 4218 3116 4290 :‘inde
3161 4220 3235 4274 ait
3258 4221 3552 4290 Apostolus,
3582 4236 3641 4278 ut

2980 4286 2991 4297 ο

2126 4301 2311 4352 vacetis
2330 4302 2546 4354 orationi
2594 4301 2645 4370 (Ι
2670 4301 2788 4355 Cor.
2812 4319 2906 4367 vn,
2933 4304 3006 4374 5).

2199 4396 2222 4422 ο
2246 4388 2426 4442 Mulier
2454 4389 2616 4443 tribus
2636 4391 2898 4446 mensibus
2922 4394 3182 4447 abstineat
3207 4409 3264 4448 se
3300 4411 3331 4448 a
3380 4399 3491 4452 viro
3541 4415 3640 4457 suo

2130 4491 2243 4543 qum
2267 4478 2523 4545 concepit,
2543 4486 2662 4530 ante
2684 4486 2890 4544 partum
2918 4488 2972 4532 et
2998 4489 3113 4548 post
3140 4490 3344 4554 tempus
3368 4489 3639 4556 purgatio-

2129 4565 2228 4625 nis,
2256 4565 2353 4619 hoc
2375 4572 2456 4618 est
2474 4565 2813 4635 quadraginta
2860 4566 3041 4621 diebus
3078 4576 3136 4622 et
3170 4572 3423 4636 noctibus,
3448 4584 3475 4625 ν
3526 4576 3639 4631 sive

2131 4672 2527 4747 liihernensium
2555 4689 2633 4747 ex
2672 4675 2803 4747 libat
2832 4676 3056 4747 collect.,
3084 4693 3198 4747 cap.
3221 4677 3274 4743 6,
3297 4681 3417 4747 ait.
3461 4692 3515 4737 et
3564 4684 3633 4739 ci.

2132 4740 2361 4811 D.7Luca
2382 4741 2603 4811 Acherio
2624 4744 2746 4794 edit.
2764 4744 2824 4811 in
2864 4742 3103 4811 Spicileg.
3134 4740 3367 4799 t'omJIX.

2200 4807 2501 4889 inualitgar.
2528 4808 2560 4859 ι.
2590 4824 2656 4889 iv,
2682 4807 3326 4889 C;6;‘R5_I:Dan..?mlllt6£|£.
3353 4815 3387 4867 l.
3410 4831 3491 4880 in,
3513 4832 3635 4889 cap.

2127 4873 2193 4947 ﬁ;
2221 4873 2417 4947 Regina
2444 4876 2497 4947 με,
2524 4892 2561 4928 ιι
2603 4875 2667 4931 de
2705 4878 2851 4947 Eccl.
2890 4878 3121 4947 Discipl.,
3157 4894 3202 4933 c.
3247 4881 3333 4943 92,
3379 4898 3443 4936 ex
3480 4873 3632 4941 con'e.

2126 4941 2412 5020 Brael1.',.c.
2438 4943 2527 5007 15;
2551 4959 2599 4995 v.
2623 4959 2683 5020 ελ
2702 4944 2892 5020 _Brach.
2920 4961 2957 5009 ι,
2985 4941 3046 4999 εἴ
3068 4946 3157 5011 16;
3185 4941 3374 5002 Burch.
3404 4949 3495 5008 lib.
3520 4968 3635 5020 xu,

2121 5023 2167 5061 c.
2196 5010 2323 5069 430;
2350 5010 2385 5060 ι.
2416 5025 2511 5072 vn,
2546 5026 2592 5064 c.
2622 5011 2741 5065 585.

2198 5076 2220 5159 ξ
2242 5077 2374 5159 ﬁab.
2396 5077 2582 5159 Posuit.
2651 5093 2736 5159 in,
2764 5080 2958 5159 δείλ’-6,

2187 5144 2437 5219 mjheod.
2470 5158 2581 5219 cap.
2606 5146 2757 5219 ϐίῃ-ι.
2785 5144 2845 5200 IX
2873 5148 3114 5219 Spicileg.

2190 5221 2217 5247 ιι
2236 5210 2372 5285 B_e_d_a
2394 5210 2738 5285 d_e_l_len_iediis
2762 5210 3092 5285 peccatorum
3114 5233 3227 5285 cap.
3249 5220 3340 5283 10;
3368 5220 3576 5285 Regino
3597 5224 3638 5279 Ι.

2122 5294 2157 5395 ἒ.
2189 5294 2239 5395 (ιἒέ
2259 5280 2380 5342 528,
2410 5280 2538 5343 329;
2570 5280 2821 5335 Burchfl.
2849 5300 2899 5347 v,
2931 5300 2980 5336 c.
3005 5284 3090 5347 ἢ,
3119 5280 3193 5340 ρκ’
3219 5280 3365 5341 conc.
3412 5280 3641 5356 Eliher.,

2121 5360 2165 5396 C.
2208 5360 2257 5395 ὓ.

2193 5419 2215 5444 ο
2236 5411 2523 5483 Ρωηὶιρηῐε
2543 5415 2750 5483 Egberti
2778 5417 2997 5471 Eborac.
3022 5421 3166 5474 arch.

2192 5478 2422 5564 πλῆξινςῇ
2458 5483 2489 5533 l.
2523 5478 2612 5536 xii
2662 5498 2708 5535 c.
2739 5483 2853 5550 Hi,
2886 5502 2951 5539 ex
2982 5484 3278 5552 Theodoro;
3305 5488 3392 5545 lvo
3434 5507 3495 5564 p.
3546 5509 3648 5561 xv,

2122 5561 2166 5598 ς.
2195 5547 2307 5607 150,
2336 5549 2449 5601 151,
