3922 6222
245 383 310 435 53
1485 369 2015 428 [’(ISNITENTMLE.

3217 377 3316 428 951

207 485 491 541 masculum
517 495 571 540 et
596 485 836 539 feminam
863 485 1116 555 genuerit.
1170 482 1364 535 Mulieri
1395 496 1600 549 quoque
1647 482 1706 532 11-
1735 486 1776 538 Α
1810 479 1919 545 16).
1962 479 1977 515 1
2014 479 2065 531 Si
2094 478 2208 545 quis
2239 479 2489 531 dimiserit
2515 477 2757 546 gentilem
2788 495 2998 533 uxorem
3044 491 3157 548 post
3193 483 3319 550 Imp.-

206 584 288 626 cet
317 588 406 640 per
432 573 604 624 omnia
634 582 752 624 ante
773 571 1172 630 communicare,
1204 569 1407 633 quando
1450 567 1601 620 debet
1623 582 1708 632 pa-

205 677 341 714 rere.
369 673 393 698 ιι
431 659 485 712 Si
523 662 668 726 cujus
692 675 819 711 uxor
840 658 1086 716 fornicata
1115 657 1287 717 fuerit,
1311 657 1428 706 licet
1449 656 1708 706 diinittere

205 762 321 798 eam
342 756 394 796 et
425 745 577 797 aliam
607 745 868 812 accipere;
903 744 996 794 hoc
1024 752 1121 805 est,
1151 742 1192 792 si
1223 742 1560 792 virdimiserit
1583 753 1709 790 uxo-

205 849 312 886 rem
341 848 485 885 suam
508 841 714 898 propter
729 831 1142 889 fornicationem,
1158 827 1198 879 si
1213 829 1375 894 prima
1390 825 1704 885 fuerituxor,

202 921 400 973 licitum
422 929 501 972 est
534 927 589 970 ut
613 918 762 970 aliam
792 917 1010 983 accipiat
1031 930 1242 968 uxorem
1267 933 1278 965 :
1310 915 1393 966 illa
1417 927 1539 965 vero
1566 913 1607 964 si
1623 915 1714 963 vo—'

202 1008 358 1060 luerit
384 1007 632 1075 ptenitere
655 1020 743 1057 sua
774 1011 985 1070 peccata
1011 1010 1126 1068 post
1153 1000 1281 1053 duos
1317 1015 1498 1060 annos,
1553 999 1707 1049 alium

199 1095 425 1162 accipiat
447 1095 634 1146 virum.
672 1093 696 1129 ι)
725 1090 919 1142 Mulieri
949 1104 1051 1140 non
1076 1088 1196 1139 licet
1235 1088 1403 1138 virum
1425 1087 1704 1145 dimittere,

196 1181 408 1232 licetsit
433 1177 714 1231 fornicator
735 1174 838 1243 [ΑΙ.
866 1175 985 1225 add.
1038 1174 1135 1226 nisi
1165 1173 1296 1224 forte
1315 1187 1408 1239 pro
1448 1180 1707 1224 monaste-

197 1266 294 1334 rio]
326 1305 338 1316 .
371 1265 590 1316 Basilius
617 1264 712 1315 hoc
741 1261 1009 1328 judicavit.
1057 1259 1361 1328 Legitimum
1412 1256 1706 1322 conjugium

197 1367 296 1403 non
323 1351 450 1402 licet
473 1362 715 1416 separare
738 1347 849 1399 sine
896 1361 1148 1399 consensu
1171 1345 1458 1405 amborum,
1485 1355 1503 1380 ε
1540 1351 1707 1411 potest

197 1447 372 1492 tamen
399 1437 528 1489 alter
554 1437 701 1489 alteri
731 1436 992 1488 licentiam
1017 1435 1143 1486 dare
1168 1434 1413 1486 accedere
1444 1433 1506 1483 ad
1540 1434 1703 1483 servi-

196 1533 362 1579 tutem
386 1526 474 1578 Dei
499 1526 548 1577 in
577 1525 910 1585 monasterio,
935 1522 959 1560 ἀ
985 1530 1037 1574 et
1057 1521 1378 1581 sibinubere,
1402 1521 1442 1571 si
1470 1511 1519 1572 in
1541 1521 1706 1586 primo

174 1613 436 1680 conjugio
463 1620 574 1663 erat
599 1611 878 1663 secundum
922 1609 1156 1669 Grzucos;
1198 1615 1249 1660 et
1280 1590 1448 1658 tamen
1477 1597 1595 1656 non'
1627 1614 1706 1657 est

195 1701 502 1752 canonicum
538 1716 549 1750 :
582 1699 658 1751 sin
702 1705 871 1749 tamen
911 1696 962 1748 in
991 1695 1216 1749 secundo
1260 1700 1388 1755 erat,
1437 1707 1538 1745 non
1585 1691 1706 1743 licet

1808 569 2030 625 tismnm,
2063 562 2112 617 in
2155 574 2408 631 potestate
2448 566 2559 632 ejus
2598 570 2695 618 erit
2739 583 2851 619 eam
2885 569 3073 621 habere
3100 571 3178 622 vel
3215 587 3317 624 non

1806 654 2030 705 habere:
2071 653 2222 704 simili
2264 655 2416 705 modo
2444 656 2485 706 si
2523 655 2637 720 quis
2663 669 2840 706 eorum
2869 656 3156 718 baptizatus
3182 662 3313 720 erit,

1806 737 1934 786 alter
1960 737 2183 802 gentilis,
2208 738 2338 789 sicut
2359 739 2631 803 Apostolus
2657 740 2783 791 dicit
2804 752 2868 787 ml:
2906 741 3124 802 lnﬁdelis
3147 753 3315 795 autem

1804 825 1846 874 si
1871 824 2098 882 discedit,
2123 824 2345 875 discedat
2373 824 2420 890 (Ι
2447 823 2563 874 Cor.
2589 840 2681 885 vn,
2719 825 2815 891 15).
2849 827 2982 890 Ergo
3012 827 3160 889 cujus
3187 843 3320 879 uxor

1806 908 2027 960 infidelis
2067 917 2117 960 et
2157 908 2382 975 gentilis,
2410 918 2460 958 et
2488 925 2584 960 non
2610 919 2779 974 potest
2805 912 3053 970 converti,
3087 912 3317 964 demute—

1804 1005 1890 1049 tur
1912 997 2036 1065 (.41.,
2067 997 2397 1065 dimittatur].
2425 997 2477 1048 Si
2506 999 2691 1049 mulier
2714 999 3007 1054 discesserit
3031 1016 3057 1052 a
3087 1003 3197 1055 viro
3224 1019 3316 1055 suo

1805 1084 2091 1151 despiciens
2110 1098 2249 1144 eum,
2265 1091 2314 1134 et
2341 1083 2521 1135 nolens
2543 1085 2750 1145 reverti,
2766 1095 2818 1135 et
2840 1087 3158 1138 reconciliari
3180 1090 3312 1149 viro,

1805 1177 1920 1235 post
1960 1169 2184 1235 quinque
2214 1183 2374 1221 annos
2411 1178 2433 1203 ο
2464 1184 2578 1220 cum
2611 1185 2863 1222 consensu
2908 1173 3130 1240 episcOpi
3162 1175 3313 1225 aliam

1804 1258 2038 1326 accipere
2065 1259 2451 1312 liccat'uxorem
2477 1277 2488 1310 :
2521 1260 2562 1311 si
2593 1261 2644 1311 in
2672 1262 2970 1326 captivitate
2991 1279 3083 1330 per
3104 1265 3206 1315 vim
3229 1265 3316 1316 du-

1802 1354 1885 1397 cta
1915 1347 2095 1398 redimi
2120 1360 2219 1398 non
2239 1353 2424 1412 potest,
2452 1355 2568 1412 post
2595 1361 2784 1398 annum
2814 1347 3028 1400 alteram
3058 1351 3310 1416 accipere.

1804 1432 1926 1483 Item
1950 1432 1991 1483 si
2024 1433 2074 1483 in
2103 1434 2404 1498 captivitate
2433 1435 2615 1486 ductus
2643 1433 2794 1487 fuerit
2818 1435 2898 1487 vir
2919 1435 3058 1500 ejus,
3087 1438 3313 1502 quinque

1777 1526 1965 1572 'annos
2005 1529 2295 1586 exspectet:
2331 1521 2569 1573 similiter
2597 1532 2768 1574 autem
2799 1531 2848 1574 et
2884 1525 3086 1587 mulier,
3119 1526 3160 1577 si
3192 1525 3310 1577 talia

1803 1610 2131 1674 contigerint.
2160 1608 2214 1661 Si
2238 1609 2392 1677 igitur
2410 1609 2624 1661 alteram
2648 1611 2853 1662 duxerit
2873 1626 3103 1672 uxorem,
3130 1622 3153 1647 ο
3177 1616 3313 1680 prio-

1804 1710 1912 1746 rem
1943 1697 2004 1747 de
2031 1696 2332 1762 captivitate
2374 1710 2632 1748 reversam
2680 1699 2932 1764 accipiat,
2977 1700 3313 1774 posteriorem

196 1786 348 1838 tertio
378 1797 401 1822 θ
427 1786 631 1837 vivente
646 1785 760 1835 viro
781 1782 860 1834 vel
881 1796 1057 1834 uxore.
1088 1781 1300 1833 Maritus
1322 1781 1364 1833 si
1411 1781 1516 1848 ipse
1569 1778 1700 1844 scip-
1732 1764 1772 1820 Β
1801 1781 2057 1833 dimittat:
2081 1781 2318 1834 similiter
2336 1791 2508 1835 autem
2530 1783 2634 1845 illa,
2658 1785 2792 1835 sicut
2810 1787 3048 1850 superius
3070 1767 3312 1848 diximti‘s,

191 1888 304 1925 sum
327 1874 380 1925 in
405 1872 544 1926 furto
571 1881 660 1924 aut
686 1870 1030 1924 fornicatione.
1049 1883 1255 1922 servum
1284 1868 1425 1928 facit,
1455 1867 1534 1919 vel
1577 1881 1704 1934 quo-

191 1976 394 2028 cunque
409 1969 640 2028 peceato,
667 1958 849 2011 mulier
862 1957 903 2010 si
917 1957 1059 2024 prius
1083 1971 1182 2009 non
1196 1955 1376 2008 habuit
1389 1953 1699 2019 coniugium,

191 2045 346 2099 habet
373 2051 682 2112 potestatem
709 2050 826 2109 post
855 2056 1044 2093 annum
1090 2041 1308 2093 alterum
1358 2040 1590 2106 accipere
1630 2039 1706 2089 vi-

201 2149 333 2186 rum.
363 2132 574 2184 Diaconi
604 2140 774 2184 autem
801 2129 994 2208 relictae
1021 2143 1122 2182 non
1147 2128 1268 2181 licet
1315 2127 1440 2198 [Αι.,
1493 2127 1704 2196 Bigamo

192 2230 364 2272 autem
393 2235 494 2272 non
515 2216 672 2287 licet].
699 2217 910 2270 Muliere
955 2224 1177 2280 mortua,
1221 2216 1342 2269 licet
1381 2216 1495 2268 viro
1529 2215 1547 2251 ί
1589 2223 1705 2282 post

192 2320 424 2358 mensem
447 2305 663 2358 alteram
690 2305 924 2370 accipere
957 2319 969 2353 :
1002 2311 1210 2362 mortuo
1237 2303 1346 2354 viro
1375 2310 1488 2369 post
1510 2315 1702 2352 annum

188 2391 305 2443 licet
332 2391 534 2442 mulieri
563 2390 781 2442 alterum
811 2389 989 2442 tollere
1015 2391 1201 2442 virum.
1234 2389 1415 2441 Mulier
1440 2390 1480 2440 si
1500 2389 1700 2442 adulte-

187 2486 372 2540 raest,
394 2486 448 2530 et
487 2478 568 2529 vir
618 2475 729 2542 ejus
777 2491 876 2529 non
914 2476 1023 2528 vult
1069 2475 1302 2528 habitare
1350 2491 1466 2528 cum
1523 2491 1603 2536 ea,
1660 2478 1703 2528 si

188 2565 291 2617 vult
321 2565 409 2616 illa
435 2564 800 2617 monasterium
828 2564 1044 2626 intrare,
1075 2573 1313 2630 quartam
1353 2572 1555 2630 partem
1599 2578 1704 2616 sua:

133 2634 142 2654 ’
187 2651 506 2705 hereditatis
553 2650 783 2704 obtineat
827 2666 839 2702 :
894 2651 938 2703 si
984 2665 1086 2703 non
1137 2638 1267 2713 vult,
1321 2650 1447 2702 nihil
1491 2649 1699 2704 habeat.

187 2738 516 2805 Qmunque
568 2737 754 2790 mulier
817 2738 1126 2791 adulterium
1184 2739 1596 2806 perpetraverit,
1651 2739 1704 2792 in

185 2833 444 2895 potestate
466 2824 564 2876 viri
585 2886 587 2888 _
609 2833 706 2885 est,
759 2826 802 2878 si
836 2826 960 2878 velit
979 2826 1298 2880 reconciliari
1336 2825 1538 2880 mulieri
1560 2827 1708 2880 adul-

187 2921 326 2966 terae.
374 2910 430 2964 Si
448 2911 777 2964 reconciliata
824 2912 875 2963 in
920 2912 1077 2974 clero,
1141 2927 1242 2964 non
1291 2911 1498 2979 proﬁcit
1543 2912 1708 2964 vindi-

187 3011 268 3054 cta
310 3001 448 3054 illius
469 3040 482 3062 ,
525 3001 587 3054 ad
624 3000 889 3070 preprium
913 3001 1083 3054 virum
1113 3001 1358 3070 pertinet.
1390 3001 1483 3053 Vir
1512 3005 1563 3054 et
1587 3016 1701 3054 mu-

187 3085 279 3140 lier
319 3089 372 3140 in
398 3087 727 3140 matrimonio
751 3088 794 3140 si
835 3087 938 3140 ille'
969 3087 1190 3140 voluerit
1219 3095 1270 3140 et
1311 3086 1396 3139 illa
1446 3087 1697 3150 noluerit,

187 3174 264 3227 vel
295 3173 381 3225 ille
420 3172 706 3232 infirmatus
742 3175 766 3210 ⁸
803 3187 894 3224 seu
939 3172 1023 3224 illa
1049 3174 1344 3234 inlirmata;
1387 3180 1557 3223 tamen
1587 3186 1700 3224 om-

189 3260 310 3312 nino
353 3273 473 3311 cum
522 3272 772 3312 consensu
813 3259 1081 3311 amborum
1129 3266 1450 3325 separentur.
1477 3257 1701 3309 Mnlierh

191 3361 303 3415 qua:
325 3347 468 3400 vovit
493 3357 608 3413 post
644 3353 862 3398 mortem
895 3347 993 3398 viri
1021 3344 1160 3410 ejus,
1191 3361 1292 3397 non
1332 3345 1550 3410 accipiat
1572 3343 1703 3396 alte-

192 3449 334 3486 rum:
362 3441 416 3485 et
439 3433 1160 3499 mortuoillo,pr:evaricatrix
1192 3434 1234 3484 si
1269 3431 1486 3498 accipiat
1514 3431 1701 3493 alium,

164 3497 175 3514 ’
197 3521 211 3558 ί
235 3519 525 3584 iterumque
545 3525 703 3584 nupta
725 3497 839 3569 eum
866 3531 927 3569 eo
946 3518 1249 3583 ptenitentia
1271 3497 1408 3568 mota
1429 3518 1470 3568 si
1492 3516 1706 3582 implere

192 3605 302 3658 vult
327 3612 446 3658 vota
470 3620 579 3666 sua,
611 3605 659 3655 in
697 3611 948 3670 potestate
976 3604 1075 3670 virj
1112 3603 1222 3670 ejus
1264 3613 1437 3656 utrum
1467 3603 1702 3669 impleat,

194 3706 260 3744 an
283 3706 404 3744 non.
431 3679 566 3759 Ergo
592 3705 745 3742 unam
765 3689 1022 3742 licentiam
1037 3663 1182 3742 Cedit
1205 3689 1217 3737 ι
1248 3689 1569 3753 Theodorus,
1590 3704 1730 3756 quas,

197 3781 427 3839 confessa
455 3791 533 3834 est
561 3789 735 3833 votum
765 3787 880 3848 post
909 3781 1146 3832 undecim
1178 3789 1341 3831 annos
1367 3780 1561 3832 nubere
1587 3794 1704 3831 eum

198 3866 283 3918 illo
310 3867 442 3917 viro.
474 3867 536 3917 Et
563 3868 605 3917 si
639 3866 756 3932 quis
781 3867 829 3916 in
854 3851 1086 3917 seculari
1112 3865 1290 3917 habitu
1311 3875 1484 3917 votum
1505 3867 1706 3917 voverit

197 3953 303 4006 sine
328 3967 578 4006 consensu
604 3952 861 4019 episcopi,
892 3952 915 3988 ιι
945 3951 1055 4019 ipse
1082 3951 1352 4018 episcopus
1389 3952 1544 4004 habet
1565 3961 1704 4020 pote-

197 4032 382 4090 atatem
423 4047 623 4090 mutare
669 4038 975 4090 sententiam
1018 4037 1130 4103 ejus
1166 4038 1207 4090 si
1237 4038 1362 4089 vult.
1395 4038 1704 4105 Legitimum

197 4125 486 4191 coniugium
522 4123 789 4190 :nqualiter
815 4123 1004 4176 licet'ln
1028 4125 1109 4176 die
1137 4131 1188 4175 et
1213 4132 1363 4176 nocte
1381 4161 1395 4185 ,
1424 4125 1555 4176 sicut
1574 4125 1705 4176 scri-

197 4221 336 4278 ptum
358 4219 436 4263 est
460 4227 471 4259 :
495 4209 628 4260 Tuus
657 4220 726 4261 est
751 4211 874 4270 dies,
902 4220 946 4262 et
976 4221 1060 4260 tua
1095 4220 1165 4262 est
1189 4225 1286 4262 nox
1312 4209 1488 4278 (Psal.
1518 4227 1703 4269 uxnt.

1801 1868 1842 1918 si
1874 1867 1991 1918 talia
2020 1869 2363 1936 contigerint,
2403 1870 2576 1921 faciat.
2619 1869 2672 1922 Si
2714 1868 2860 1935 cujus
2903 1887 3113 1923 uxorem
3153 1873 3317 1926 hostis

1800 1957 2154 2017 abstnlerit,et
2180 1957 2287 2023 ipse
2313 1971 2424 2008 eam
2452 1957 2786 2022 adipiscinon
2812 1966 3002 2021 potest,
3020 1957 3138 2009 licet
3160 1959 3314 2011 aliam

1802 2043 2017 2106 tollere;
2057 2044 2241 2096 melius
2285 2053 2362 2095 est
2402 2044 2477 2096 sic
2519 2042 2722 2106 facere,
2769 2059 2921 2111 quam
2961 2043 3225 2096 fornicari.
3258 2045 3314 2097 Si

1802 2133 1985 2185 iterum
2010 2140 2126 2197 post
2154 2133 2264 2184 hrcc
2292 2148 2423 2185 uxor
2450 2133 2534 2184 illa
2563 2133 2763 2185 venerit
2791 2133 2853 2183 ad
2881 2148 3020 2195 eum,
3043 2148 3144 2184 non
3167 2134 3317 2186 debet

1801 2217 1958 2283 recipi
1983 2215 2109 2284 [AI.,
2135 2217 2256 2266 add.
2286 2217 2350 2268 ab
2375 2216 2482 2286 eo],
2513 2217 2556 2270 si
2578 2218 2728 2268 aliam
2765 2217 2918 2270 habet
2943 2234 2954 2268 :
2987 2219 3076 2270 sed
3104 2219 3190 2270 illa
3225 2219 3317 2271 tol-

1801 2305 1873 2356 lat
1895 2305 2052 2357 alium
2077 2305 2266 2366 virum,
2293 2305 2333 2356 si
2363 2320 2521 2356 unum
2552 2313 2670 2356 ante
2694 2305 2949 2357 habuerit.
2983 2306 3172 2358 Eadem
3199 2308 3318 2359 sen-

1800 2393 1958 2445 tentia
1990 2390 2102 2460 [ΑΙ.
2135 2391 2281 2454 add.,
2327 2389 2451 2461 stat]
2491 2391 2554 2442 de
2596 2392 2760 2443 servis
2789 2393 3170 2444 transmarinis.
3209 2403 3233 2439 ι)
3263 2391 3316 2443 ln

1800 2481 1953 2533 tertia
1983 2480 2366 2548 pr0pinquitate
2411 2478 2581 2530 carnis
2626 2477 2745 2530 licet
2790 2479 2985 2530 nubere
3032 2480 3317 2530 secundum

1798 2565 2029 2628 Grrecos,
2053 2567 2186 2618 sicut
2210 2566 2261 2617 in
2290 2564 2401 2631 lege
2421 2565 2668 2632 scriptum
2699 2574 2778 2617 est
2803 2582 2814 2616 ε
2857 2566 2906 2620 in
2935 2565 3109 2630 quinta
3136 2580 3320 2617 secun-

1799 2652 1922 2705 dum
1948 2651 2228 2712 Romanos,
2259 2659 2430 2704 tamen
2458 2652 2508 2703 in
2549 2652 2701 2710 tertia
2731 2646 2832 2704 non
2869 2653 3090 2715 solvunt,
3135 2653 3177 2705 si
3203 2662 3318 2720 post

1801 2739 1929 2810 [ΑΙ.,
1953 2739 2249 2809 postquam]
2275 2739 2465 2791 factum
2490 2738 2663 2790 fuerit.
2705 2739 2839 2804 Ergo
2869 2741 2920 2790 in
2951 2742 3127 2806 quinta
3158 2757 3316 2808 gone.

1801 2825 2002 2878 ratione
2029 2824 2425 2892 coniungantur.
2470 2823 2523 2876 In
2557 2832 2740 2891 quarta
2784 2824 2825 2875 si
2871 2825 3062 2876 inventi
3092 2825 3315 2888 fuerint,

1801 2925 1904 2963 non
1934 2920 2261 2978 separantur.
2305 2911 2358 2963 In
2404 2912 2556 2962 tertia
2603 2919 2774 2963 tamen
2808 2912 3186 2979 prepinquitatc
3216 2928 3318 2965 non

1803 3000 1923 3053 licet
1970 3013 2185 3052 uxorem
2235 2999 2446 3050 alterius
2495 2999 2730 3065 accipere
2779 3007 2894 3064 post
2940 2999 3137 3050 ottitum
3187 2998 3316 3064 ejus.

1801 3096 1827 3134 (ι
1855 3085 2148 3152 λέΕφιειιὶῑρι·
2175 3085 2255 3136 vir
2284 3083 2609 3151 COnjungitur
2651 3085 2700 3135 in
2745 3085 3072 3137 nanti-inionio
3113 3086 3193 3138 his
3232 3087 3317 3152 qui

1800 3173 1896 3224 sibi
1920 3171 2289 3238 consanguinei
2317 3179 2458 3230 sunt,
2487 3178 2539 3221 et
2566 3171 2741 3221 uxoris
2776 3185 2881 3222 suae
2921 3172 3318 3238 consanguineis

1798 3267 1915 3325 post
1941 3267 2160 3310 mortem
2190 3257 2387 3308 uxoris.
2425 3255 2535 3308 Duo
2556 3270 2758 3323 quoque
2796 3257 2983 3309 fratres
3016 3258 3144 3310 duas
3174 3272 3318 3310 suro-

1803 3361 1884 3396 res
1907 3344 2325 3411 possunthahere
2351 3361 2361 3392 :
2404 3353 2423 3378 τ
2452 3353 2503 3395 et
2538 3353 2688 3410 pater
2729 3343 2989 3411 ﬁliusque,
3019 3356 3238 3398 matrem
3268 3356 3318 3400 et

1801 3431 1978 3483 ﬁliam.
2030 3431 2243 3481 Maritus
2269 3429 2356 3494 qui
2382 3443 2499 3481 cum
2531 3443 2689 3481 uxore
2719 3446 2808 3483 sua
2838 3431 3133 3493 dormierit,
3183 3432 3318 3485 lavet

1801 3532 1857 3571 se
1885 3525 2159 3582 antequam
2187 3517 2336 3569 intret
2365 3518 2413 3568 in
2435 3517 2726 3569 ecclesiam.
2754 3530 2772 3554 ³
2804 3518 3024 3571 Maritus
3039 3505 3139 3574 don
3165 3520 3319 3573 debet

1802 3618 2018 3656 uxorem
2055 3618 2200 3655 suam
2227 3603 2414 3656 nudam
2453 3604 2645 3656 videre.
2694 3603 2747 3655 Si
2777 3605 2892 3671 quis
2933 3606 3139 3671 nuptias
3165 3606 3318 3660 habet

1800 3691 1882 3743 vel
1909 3691 2235 3744 matrimonia
2265 3705 2367 3743 non
2395 3690 2560 3753 licita,
2596 3700 2766 3762 tamen
2796 3691 2990 3744 licitum
3016 3701 3094 3744 est
3117 3707 3313 3756 escam,

1802 3793 1955 3846 quam
2004 3778 2230 3839 habent,
2282 3767 2632 3841 manducare,
2677 3779 2797 3846 quia
2845 3778 3098 3846 Propheta
3145 3781 3313 3834 dixit:

1801 3863 2006 3915 Domini
2032 3872 2102 3915 est
2129 3873 2264 3916 terra
2291 3872 2337 3915 et
2365 3864 2619 3932 plenitudo
2645 3865 2773 3932 ejus.
2812 3869 2827 3900 ί
2861 3865 2915 3918 Si
2953 3866 3030 3917 \ir
3054 3875 3106 3917 et
3131 3867 3317 3919 mulier

1801 3947 2165 4014 coniunxerint
2183 3964 2240 4002 se
2261 3950 2311 4001 in
2339 3951 2687 4011 matrimonio,
2715 3960 2766 4002 et
2793 3961 2968 4018 postea
2995 3954 3182 4006 dixerit
3203 3970 3316 4006 mu-

1800 4038 1901 4090 lier
1917 4037 1980 4090 de
1998 4038 2111 4088 viro
2132 4051 2227 4089 suo
2248 4052 2348 4089 non
2374 4052 2524 4104 posse
2548 4037 2649 4108 [Αι.
2672 4036 2814 4100 add.,
2843 4043 3036 4093 nubere
3057 4052 3174 4094 cum
3195 4043 3279 4113 eo]
3298 4060 3312 4106 ς

1799 4124 1844 4176 si
1890 4123 2006 4191 quis
2051 4123 2240 4190 poterit
2288 4126 2508 4192 probare
2556 4126 2691 4191 quod
2733 4141 2910 4178 verum
2957 4129 3044 4188 sit,
3096 4129 3316 4195 accipiat

1801 4209 1957 4263 alium
1982 4211 2168 4264 virum.
2203 4223 2230 4250 ιι
2255 4212 2484 4264 Puellam
2524 4213 2885 4278 desponsatam
2926 4229 3028 4266 non
3066 4215 3188 4268 licet
3225 4232 3316 4284 pa-

263 4350 288 4377 ι
313 4337 516 4414 ςῐιιεριι.
545 4337 878 4414 eap._11_6,_t.
904 4338 990 4414 lX_
1029 4337 1518 4414 Spicilegﬂqconeil.
1545 4339 1700 4414 Cgm-
1731 4349 1776 4405 ι)
1867 4341 2118 4414 l"Themi.
2153 4356 2265 4409 cap.
2305 4341 2389 4402 45,
2436 4350 2472 4392 t.
2506 4340 2574 4394 1X
2620 4343 2901 4414 Spicileg.;
2942 4348 3222 4402 Burchard.
3275 4352 3310 4404 1.

260 4405 346 4456 nd.
373 4419 420 4456 c.
443 4406 512 4464 8;
540 4404 596 4456 C.
629 4405 694 4456 Μ.
718 4404 938 4471 Capitul.
978 4406 1012 4456 l.
1043 4404 1093 4467 vi,
1124 4421 1169 4459 c.
1202 4404 1298 4466 19;
1339 4407 1523 4458 concil.
1581 4407 1698 4460 Tri-

232 4471 460 4539 uriense__
483 4479 709 4539 tempore
735 4472 965 4524 Formosi
991 4487 1154 4539 papae,
1178 4487 1224 4524 c.
1254 4472 1339 4527 41.

264 4538 288 4574 δ
311 4534 528 4588 Basilius
553 4534 604 4587 in
631 4539 780 4604 epist.
817 4540 881 4590 ad
900 4534 1330 4606 Amphilochium,
1357 4539 1485 4604 ‘c.9;
1510 4541 1697 4594 concil.

199 4602 397 4655 Comn..
428 4618 472 4655 c.
515 4603 597 4654 16.
908 4607 920 4631 ‘

239 4617 397 4662 omp.,
428 4618 472 4655 c.
515 4607 597 4654 16.
908 4607 920 4631 ‘

265 4618 397 4672 Imp.,
428 4618 472 4655 c.
515 4618 597 4654 τι).
909 4618 920 4631 '

265 4682 285 4706 ε
317 4670 534 4737 Capitul.
565 4669 621 4723 C.
649 4669 714 4722 M.
744 4671 779 4722 l.
807 4687 882 4733 vi,
908 4687 955 4723 e.
983 4672 1101 4725 206.

261 4737 287 4774 ἀ
317 4737 510 4790 Theod.
534 4752 649 4808 cap.
683 4740 764 4801 13,
791 4747 828 4790 t.
857 4739 943 4808 lX_
971 4738 1146 4807 Spicil.
1168 4756 1181 4800 ;
1205 4740 1699 4808 Excerpt.Ergberti

201 4803 500 4870 Eborac..e.
526 4803 720 4866 118,ex
735 4821 852 4858 ean.
878 4803 1289 4864 Afridan.;eonc.
1323 4803 1500 4870 comp.
1525 4803 1571 4857 (ἶ.
1601 4809 1694 4870 13;

203 4868 395 4936 Regino
413 4870 446 4949 l'.
463 4887 497 4922 ιι
517 4872 577 4922 de
596 4873 729 4922 Eccl.
758 4874 985 4940 Discipl.,
1001 4888 1045 4924 e.
1069 4870 1182 4936 107,
1204 4888 1267 4923 ex
1285 4873 1435 4924 dictis
1453 4868 1658 4926 Hieron.

271 4947 292 4972 ο
319 4937 537 4990 Canttnl.
565 4937 622 4990 C.
653 4937 718 4988 Μ.
749 4939 783 4988 1.
807 4955 879 4990 vi.
901 4957 949 4990 c.
979 4940 1096 4990 516.

272 4947 292 4972 °
319 4940 537 5003 Capitnl.
565 4940 622 4990 C.
653 4940 718 4988 Μ.
749 4940 783 4988 1.
807 4955 879 5000 vt,
901 4957 949 4993 c.
979 4940 1096 4994 516.

272 5001 296 5085 ξ
323 5003 559 5085 Excerpt.
584 5005 1040 5085 Egb;nEbor._,_e.n1
1167 5005 1396 5085 Synodus
1417 5008 1580 5085 .diattt:

208 5147 253 5185 ς.
273 5068 519 5186 “agreed.
545 5068 656 5138 cap'.
687 5071 768 5133 76,
807 5082 842 5123 t.
891 5073 956 5124 IX
983 5068 1224 5141 Spicileg'.
1253 5092 1267 5136 ;
1306 5073 1526 5140 Capitul.
1560 5073 1594 5123 l.
1625 5089 1695 5137 vt,

273 5202 296 5237 ιι
324 5203 509 5253 Ρωιιίι.
537 5202 706 5264 Rom,
743 5205 820 5255 tit.
852 5205 894 5256 8.

278 5269 294 5338 ξ
323 5267 561 5338 l_)istinct.
587 5268 672 5330 21',
700 5285 749 5338 re.
781 5273 834 5323 Si
861 5275 950 5323 τί..

277 5333 290 5408 ξ
325 5333 654 5408 ’[ὴςράλριψ.
682 5337 767 5408 12,
800 5347 834 5388 t.
863 5338 926 5390 IX
950 5339 1212 5408 _Spici|cg.
1239 5341 1365 5394 Vide
1393 5350 1559 5394 notas.

274 5399 298 5469 ξ
325 5398 383 5469 ς.
409 5400 473 5452 Μ.
497 5398 712 5469 Capitul.
745 5404 775 5452 1.
802 5420 850 5463 v,
872 5421 917 5456 e.
946 5398 1028 5456 5οξ

282 5465 517 5545 lm'l‘heod:
550 5465 661 5536 cap.
700 5471 787 5545 ᾧ.
830 5471 961 5545 ῑηΙΧ
1006 5472 1283 5542 Spicileg.;
1323 5474 1509 5528 Burch.
1539 5475 1573 5528 l.
1611 5493 1696 5539 ix,

212 5547 257 5587 c.
284 5531 370 5599 59,
391 5546 452 5588 ex
476 5531 679 5591 decreto
710 5539 920 5603 Eutych.
960 5556 1041 5604 pp.

1800 4425 1874 4470 ιιι,
1905 4425 1951 4460 c.
1981 4409 2065 4460 60.

1870 4486 1896 4512 ιι
1925 4475 2330 4544 ExcerptLEgb.
2364 4475 2517 4544 Elter.
2548 4492 2595 4528 c.
2628 4473 2744 4538 1‘22.
2797 4494 2963 4532 canon
3001 4479 3173 4544 Dicit;
3211 4483 3311 4535 Re-

1799 4543 1921 4611 gino
1949 4543 1981 4592 l.
2012 4559 2047 4595 ιι
2071 4545 2134 4595 de
2158 4543 2295 4594 Eccl.
2315 4543 2546 4608 Discipl.,
2571 4559 2616 4594 c.
2642 4544 2764 4607 12.1;
2788 4545 2974 4597 Burch.
3001 4546 3034 4597 Ι.
3057 4564 3130 4609 ιι,
3153 4543 3198 4600 c.
3221 4549 3312 4603 54.

1869 4617 1891 4643 ο
1917 4611 2157 4665 Excernt.
2186 4609 2312 4665 E21).
2341 4610 2516 4665 Et-or.,
2545 4626 2590 4661 e.
2631 4609 2740 4665 125.
2767 4627 2930 4665 canon
2954 4613 3108 4665 Dicit.

1939 4626 2157 4672 Lxcerpt.
2186 4626 2312 4672 ego.
2341 4626 2516 4670 mora,
2545 4626 2590 4661 c.
2631 4626 2740 4672 tan,
2767 4627 2930 4665 canon
2954 4626 3108 4667 Dicit.

1869 4624 1891 4643 ο
1917 4624 2157 4676 ιςκοειρι.
2186 4624 2312 4677 ego.
2341 4624 2516 4670 mora,
2545 4626 2590 4661 e.
2631 4624 2740 4672 125,
2767 4627 2930 4665 canon
2954 4624 3108 4667 uicit.

1866 4677 2109 4745 rTheod,
2165 4692 2278 4745 cap.
2318 4676 2400 4736 84,
2447 4684 2485 4727 t.
2536 4675 2604 4731 IX
2653 4677 2931 4745 Spicileg.;
2969 4680 3212 4733 Rabanus
3258 4684 3313 4736 in

1797 4743 1947 4814 epist.
1979 4744 2044 4814 ad
2071 4743 2410 4814 ﬂumhertum
2451 4745 2651 4814 episc.‘;
2691 4743 2889 4814 ltegin'o
2927 4746 2962 4795 l.
3002 4761 3038 4797 ιι
3073 4748 3135 4797 de
3164 4748 3310 4804 Eccl.

1802 4807 2034 4877 Discipl.,
2064 4823 2175 4873 cap.
2207 4807 2326 4877 200,
2358 4824 2420 4861 ex
2445 4807 2659 4877 epistola
2690 4807 2905 4864 Rabani.

1867 4887 1892 4923 «ι
1912 4876 2284 4947 itabanus_in_
2297 4877 2447 4947 epist.
2475 4876 2556 4947 "ad
2602 4878 2940 4947 Humbcrtum
2971 4880 3306 4947 episcopum;

1801 4944 1995 5014 Beg‘ino
2030 4941 2062 4992 l.
2094 4957 2129 4993 ιι
2145 4943 2219 5014 _d_e
2246 4942 2444 5014 Eceles.
2475 4943 2706 5014 Discipl.,
2731 4960 2842 5010 cap.
2863 4941 3075 5006 200,'e'x
3204 4941 3308 4999 ru.

1799 5008 1940 5071 bani,
1965 5023 2120 5062 causa
2144 5008 2229 5070 35,
2257 5025 2307 5076 q.
2342 5012 2391 5070 5,
2418 5027 2478 5063 ex
2509 5008 2754 5063 Fabiano.

1871 5086 1890 5112 τ
1919 5077 2113 5128 Theod.
2143 5091 2256 5142 cap.
2297 5077 2378 5128 75.
2413 5079 2470 5128 ν.
2512 5077 2696 5129 Ptenit.
2729 5094 2844 5130 cum
2873 5096 2982 5132 can.
3026 5089 3078 5132 et
3118 5089 3306 5136 canun.

1801 5144 2058 5196 collatum.
2093 5142 2103 5150 ‘
3236 5177 3239 5179 _

1867 5221 1887 5246 ι
1921 5209 2255 5280 Theochap.
2287 5218 2322 5262 t.
2348 5209 2411 5261 IX
2451 5208 2705 5280 Spicileg.

1816 5325 1818 5327 _
1872 5279 1886 5312 ‘
1916 5277 2074 5330 Cone.
2106 5276 2336 5330 Vermer.
2365 5293 2410 5329 c.
2443 5279 2502 5327 17
2530 5296 2542 5337 ;
2583 5276 2778 5333 Raban.
2808 5296 2885 5344 cp.
2917 5283 2977 5331 ad
3016 5276 3306 5342 l-leribald.,

1797 5359 1842 5395 e.
1880 5344 1980 5402 29;
2007 5345 2202 5410 llegino
2228 5345 2260 5393 1.
2287 5360 2344 5402 ιι,
2375 5360 2418 5395 c.
2446 5345 2533 5402 52,
2557 5346 2758 5406 212.cv
2785 5363 2874 5411 rp,
2892 5346 3084 5397 liabani
3110 5346 3198 5396 lib.
3221 5361 3300 5411 vi,

1796 5387 2260 5478 ἓὸρῗδὲζίἴὰἶῶῗ
2279 5387 2319 5460 ιζ’
2333 5387 2418 5471 ix";
2441 5387 2512 5463 ἔῗ
2517 5387 2657 5471 146:1
2665 5387 2683 5463 i
2703 5387 2726 5470 ’;
2746 5387 3084 5480 ἰῧέίῃζῗῖιῖἶί
3102 5387 3300 5464 ὲῖῆόῗ

1865 5491 1886 5516 υ
1917 5478 2110 5531 Theod.
2141 5493 2256 5534 can.
2288 5477 2417 5534 102;
2456 5479 2490 5530 l.
2518 5495 2585 5534 vi.
2615 5496 2724 5534 can.
2766 5483 2849 5534 91.
2877 5483 2931 5532 tl.
2962 5479 3024 5528 Μ.
3052 5494 3065 5534 ;
3112 5479 3301 5534 Burch.

1865 5491 1886 5516 υ
1917 5487 2110 5531 'l'heod.
2141 5493 2256 5544 cap.
2288 5487 2417 5540 102;
2456 5487 2490 5530 Ι.
2518 5495 2585 5534 vi.
2615 5496 2724 5547 cap.
2766 5487 2849 5541 9|,
2877 5487 2931 5532 (ὲ.
2963 5487 3024 5528 .\1.
3052 5494 3065 5539 ;
3112 5487 3180 5530 tiu

1797 5545 1829 5597 l.
1859 5561 1927 5607 is,
1952 5561 1999 5599 c.
2033 5544 2134 5608 10;
2173 5546 2258 5606 lvo
2279 5561 2329 5612 p.
2355 5562 2448 5609 vn,
2475 5562 2519 5598 c.
2555 5547 2638 5597 40.
