3922 6222
565 409 663 466 935

1509 408 1839 462 TIIEODORI
1877 408 2180 463 ARCHIEP.
2215 409 2745 467 CANTUANENSIS

3584 414 3681 470 936

565 522 795 581 rentibus
818 520 946 575 dare
968 520 1054 573 alii
1080 520 1212 583 viro,
1238 520 1336 578 nisi
1361 520 1446 575 illa
1474 521 1687 593 omnino
1714 520 1957 581 resistat;
1988 527 2067 571 ta—
2096 522 2137 575 Α
2167 520 2309 591 pulo]
2334 538 2352 584 ;
2378 530 2639 591 praeterea
2664 518 3001 587 quadraginta
3029 527 3147 573 ante
3173 518 3352 575 Natale
3379 521 3609 586 Domini,
3632 536 3683 575 et

562 620 682 661 men
710 605 776 660 ad
794 606 1159 671 monasterium
1185 605 1421 669 licetire,
1444 605 1486 659 si
1513 604 1751 658 voluerit.
1781 604 1868 659 illa
1895 612 2072 665 autem,

564 696 872 763 desponsata
899 694 943 747 si
976 709 1078 747 non
1107 694 1219 747 wit
1248 690 1484 747 habitare
1511 708 1628 747 cum
1647 707 1710 746 eo
1744 693 1855 745 viro
1880 693 1962 746 cui
1989 703 2071 746 est

562 786 891 853 desponsata,
925 796 951 824 ι
988 781 1234 837 reddatur
1275 782 1323 837 ei
1356 782 1571 849 pecunia
1603 796 1765 849 quam
1810 780 1979 841 dedit,
2018 788 2073 833 et

561 873 714 925 tertia
732 886 874 939 -pars
893 869 1148 937 addatur;
1189 868 1266 921 sin
1297 876 1470 922 autem
1500 868 1586 920 illa
1612 866 1866 933 noluerit,
1889 867 2071 934 perdat

558 960 828 1025 pecuniam
855 972 1008 1025 quam
1025 971 1119 1026 pro
1142 956 1226 1009 illa
1250 956 1405 1010 dedit.
1433 954 1605 1008 Puella
1626 964 1798 1008 autem
1823 955 2068 1011 tredecim

560 1058 811 1097 annorum
841 1043 918 1097 sui
946 1042 1181 1111 corporis
1205 1049 1512 1110 potestatem
1543 1042 1716 1094 habet.
1756 1040 1783 1080 δ
1822 1040 1957 1094 Puer
1982 1056 2070 1094 us-

558 1147 659 1200 que
687 1132 751 1186 ad
778 1131 1070 1199 quindecim
1109 1144 1272 1185 annos
1306 1130 1381 1183 sit
1404 1131 1457 1182 in
1483 1137 1740 1197 potestate
1772 1128 1936 1197 patris
1968 1127 2070 1199 sui.

558 1219 704 1272 Tunc
728 1219 954 1285 seipsum
982 1224 1152 1286 potest
1172 1217 1480 1271 monachum
1516 1215 1709 1270 facere.
1746 1215 1921 1269 Puella
1948 1229 2071 1268 vero

560 1305 818 1361 sexdecim
855 1304 935 1358 vel
972 1304 1341 1373 septemdecim
1384 1318 1635 1356 annorum
1658 1342 1673 1364 ,
1720 1301 1771 1354 in
1817 1307 2073 1370 potestate

558 1400 848 1461 parentum.
878 1392 1004 1447 Post
1022 1400 1201 1453 autem
1230 1393 1366 1445 hanc
1399 1400 1601 1453 aetatem
1643 1389 1775 1457 patri
1814 1405 1916 1443 non
1952 1389 2073 1443 licet

560 1479 716 1534 tiliam
738 1496 885 1539 suam
910 1489 1090 1539 contra
1112 1477 1225 1547 eius
1247 1479 1565 1534 voluntatem
1593 1480 1646 1532 in
1683 1479 2071 1547 matrimonium

561 1568 703 1620 dare.

1124 1653 1349 1717 CAPUT
1390 1653 1500 1707 XII.

1021 1740 1099 1792 De
1125 1741 1278 1795 uri-ia
1301 1752 1349 1792 et
1379 1738 1600 1793 ancillis.

2169 617 2285 674 post
2314 608 2654 662 Pentecosten
2690 607 3028 676 quadraginta
3071 608 3181 662 dies
3226 608 3406 678 [Λάδη
3453 612 3681 682 noctes].

2172 694 2243 746 De
2268 694 2611 762 promissione
2638 707 2731 747 sua
2755 692 2869 747 laici
2894 708 2997 747 non
3032 693 3221 747 debent
3248 696 3419 749 facere
3455 712 3680 763 moram,

2168 780 2289 847 quia
2312 795 2452 834 mors
2484 795 2586 833 non
2621 780 2813 855 tardat.
2846 781 2870 817 ⁸
2895 768 3057 832 Servo
3098 779 3187 833 Dei
3232 779 3524 837 nullatenus
3558 785 3681 838 licet

2167 877 2417 942 pugnare,
2442 865 2720 921 multorum
2759 864 2877 919 licet
2911 865 2979 919 sit
3006 867 3220 920 consilio
3259 883 3527 923 servorum
3564 872 3679 924 Dei.

2168 950 2195 989 ι
2226 941 2399 1005 [alios
2416 966 2510 1019 pro
2530 950 2725 1004 infante
2742 959 2911 1017 potest
2933 952 3046 1005 dari
3071 953 3136 1006 ad
3156 957 3524 1011 monasterium
3548 959 3679 1022 Deo,

2168 1037 2402 1105 quamvis
2444 1039 2601 1092 alium
2644 1041 2902 1093 vovisset:
2950 1048 3121 1095 tamen
3160 1044 3342 1097 melius
3378 1053 3459 1098 est
3499 1055 3681 1099 votum

2170 1124 2415 1193 implere;
2454 1127 2695 1181 similiter
2733 1142 2921 1195 pecora
2965 1131 2979 1168 ί
3026 1129 3209 1197 aquali
3256 1132 3422 1198 pretio
3463 1144 3684 1199 possunt

2142 1272 2143 1275 η
2170 1216 2389 1280 mutari,
2431 1216 2473 1270 si
2502 1207 2712 1270 necesse
2742 1218 2827 1271 sit.
2857 1216 2965 1271 Rex
2992 1218 3035 1271 si
3062 1219 3273 1273 alterius
3311 1222 3445 1290 regis
3486 1231 3681 1290 terram

2169 1302 2344 1367 habet,
2367 1310 2537 1370 potest
2560 1304 2753 1361 donare
2774 1318 2869 1373 pro
2897 1306 3069 1359 anima
3106 1320 3219 1359 sua.
3254 1307 3481 1361 inventio
3514 1310 3567 1363 in
3599 1310 3681 1361 ria

2168 1389 2388 1444 tollenda
2414 1398 2514 1463 est,
2546 1390 2558 1439 i
2591 1391 2639 1445 si
2663 1391 2901 1446 inventus
2932 1391 3089 1446 fuerit
3126 1408 3405 1462 possessor,
3433 1398 3685 1450 reddatur

2166 1478 2235 1530 ei.
2266 1478 2538 1531 Tributum
2563 1477 2797 1532 ecclesia:
2822 1480 2889 1531 sit
2921 1480 3056 1532 sicut
3089 1490 3170 1534 est
3208 1482 3523 1534 consuetudo
3559 1497 3684 1548 pro—

2168 1565 2369 1629 vinciae,
2401 1562 2577 1628 idest,
2610 1581 2677 1619 ne
2700 1573 2898 1619 tantum
2918 1582 3172 1636 pauperes
3196 1557 3247 1620 in
3272 1568 3484 1622 decimis
3511 1578 3607 1620 aut
3632 1569 3685 1620 in

2168 1651 2423 1719 aliquibus
2447 1653 2600 1705 rebus
2623 1652 2727 1705 vim
2753 1654 3035 1721 patiantur.
3062 1654 3299 1708 Decimas
3322 1669 3423 1708 non
3449 1662 3529 1707 est
3554 1654 3687 1720 legi-

2126 1764 2127 1767 η
2168 1740 2351 1792 timum
2379 1739 2503 1793 dare
2530 1740 2629 1793 nisi
2660 1738 2973 1809 pauperibus
2999 1749 3048 1794 et
3073 1741 3386 1809 peregrinis.
3413 1741 3515 1795 Pro
3538 1757 3690 1794 reve-

626 1827 782 1880 Pater
806 1825 969 1883 lilium
996 1826 1305 1880 necessitate
1343 1834 1555 1889 coactus
1580 1816 1888 1897 potestatem
1917 1826 2072 1881 habet
2099 1840 2141 1895 ιι
2169 1820 2334 1879 rentia
2378 1826 2787 1895 regenerationis
2815 1828 3037 1903 inralbis
3076 1828 3405 1885 Pentecostes
3428 1832 3688 1883 orandum

560 1915 761 1967 tradere
787 1913 836 1965 in
864 1912 1137 1967 servitium
1171 1920 1370 1982 septem
1399 1930 1598 1985 annos;
1637 1916 1821 1969 deinde
1848 1915 1961 1970 sine
1976 1930 2071 1969 tvo-

557 1998 757 2051 luutate
788 1998 877 2051 ﬁlii
903 1998 1162 2053 licentiam
1190 2000 1428 2070 tradendi
1456 2016 1557 2054 non
1583 2001 1756 2055 habet.
1782 2001 1948 2054 Homo
1970 2010 2072 2054 tre-

562 2087 728 2139 decim
756 2100 1008 2139 annorum
1034 2086 1258 2153 seipsum
1297 2096 1467 2156 potest
1496 2086 1667 2143 facere
1694 2090 1921 2150 servum.
1960 2082 2070 2141 Non

557 2170 676 2225 licet
697 2170 893 2226 homini
916 2186 1068 2224 servo
1090 2171 1268 2226 tollere
1290 2173 1582 2241 pecuniam,
1597 2188 1753 2241 quam
1774 2164 1885 2242 ipse
1903 2174 2070 2241 acqui-

456 2330 457 2333 η
564 2257 703 2310 sivit.
735 2268 755 2295 ε
786 2257 842 2311 Si
868 2271 1075 2312 servum
1103 2266 1155 2311 et
1182 2258 1421 2313 ancillam
1447 2259 1686 2312 dominus
1711 2258 1980 2312 amborum
2020 2260 2072 2311 in

561 2342 950 2393 matrimonium
993 2341 1280 2409 conjunxit,
1325 2346 1505 2409 postea
1536 2342 1755 2397 liberato
1800 2356 1951 2409 servo
1992 2344 2075 2397 vel

561 2427 773 2493 ancilla,
798 2427 841 2480 si
872 2436 972 2480 nan
1000 2436 1169 2501 potest
1194 2427 1384 2499 redimi
1403 2434 1517 2495 qua:
1543 2428 1595 2480 in
1633 2428 1847 2481 servitio
1871 2428 1970 2492 est,
2007 2428 2073 2482 li-

563 2520 690 2572 bero
711 2517 832 2571 licet
856 2517 1132 2585 ingenuam
1166 2516 1497 2585 conjungere.
1528 2515 1553 2553 ἀ
1582 2514 1641 2568 Si
1679 2515 1795 2583 quis
1823 2516 1953 2570 liber
1977 2529 2071 2568 an-

560 2604 731 2656 cillam
750 2602 802 2655 in
822 2601 1154 2654 matrimonio
1174 2602 1452 2670 acceperit,
1480 2617 1579 2655 non
1602 2602 1792 2654 habeat
1812 2601 2071 2655 licentiam

561 2690 845 2751 dimittere,
873 2687 914 2740 si
941 2695 1063 2739 ante
1089 2702 1207 2740 cum
1228 2701 1483 2746 consensu
1511 2688 1782 2741 amborum
1812 2687 2072 2754 conjuncti

560 2780 697 2827 sunt.
729 2771 785 2825 Si
808 2779 1164 2840 praegnantem
1191 2774 1308 2841 quis
1334 2773 1551 2827 liberam
1582 2782 1870 2839 comparat,
1902 2785 1923 2810 ο
1946 2774 2073 2826 liber

560 2870 719 2914 estex
740 2875 801 2915 ea
824 2868 1117 2927 generatus.
1161 2860 1259 2926 Qui
1293 2861 1533 2913 ancillam
1572 2848 1924 2929 praegnantem
1956 2873 2073 2913 mu-

561 2953 738 3007 lierem
759 2953 966 3015 liberat,
987 2968 1139 3020 quem
1168 2961 1380 3020 generat
1402 2960 1482 3005 est
1502 2938 1705 3005 servus.
1762 2971 1765 2974 ν

1124 3038 1341 3095 CAPUT
1376 3038 1504 3091 Xlll.

954 3124 1028 3177 De
1062 3125 1267 3179 diversis
1295 3125 1667 3192 qua’stionibus.

632 3213 658 3306 ξ
688 3211 889 3280 Jejunia
918 3212 1145 3339 legitimi
1172 3212 1271 3265 tria
1298 3221 1418 3266 sunt
1451 3215 1502 3267 in
1540 3228 1676 3267 anno
1702 3214 1830 3285 [Al.,
1858 3230 1952 3286 pro
1980 3230 2079 3315 po:

629 3352 653 3380 -
681 3342 986 3408 Capitul.C.
1016 3344 1245 3405 51.1.“,
1275 3345 1437 3396 c.25.
1615 3400 1619 3417 1

633 3409 659 3447 δ
686 3408 880 3480 Theod.
924 3411 1079 3477 capit.
1106 3410 1212 3480 _86,
1255 3410 1386 3472 ηδ,
1429 3410 1551 3480 US.
1584 3419 1621 3463 ι.
1666 3411 1733 3465 ix
1786 3411 2070 3480 Spicileg.;

561 3490 715 3546 conc.
734 3476 895 3546 Tolet.
928 3476 1065 3539 x,’c.
1095 3478 1127 3530 6
1149 3495 1169 3537 ;Δ
1193 3479 1431 3546 Excerpt.
1465 3479 1592 3546 Egb.
1638 3476 1879 3546 liberati,
1909 3496 1958 3533 c.
1980 3476 2068 3542 90,

564 3545 621 3615 gl
650 3559 666 3606 ;
700 3543 740 3615 _l.
769 3543 1076 3615 1_Capit.,ic.
1099 3546 1165 3597 46
1190 3555 1309 3599 etc.
1341 3543 1471 3609 “5;
1512 3543 1698 3615 Regio.
1724 3544 1760 3599 l.
1785 3564 1912 3612 ii,c.
1936 3548 2066 3612 177;

565 3610 751 3663 Burch.
780 3610 815 3661 1.
845 3610 897 3674 8,
918 3628 966 3665 c.
997 3614 1080 3665 l8.
1596 3610 1617 3615 ⁷
1718 3670 1721 3673 ,

633 3688 655 3713 ε
684 3676 888 3751 'l‘heod1
906 3694 1016 3751 cap.
1044 3679 1101 3730 7t
1128 3718 1142 3741 ,
1167 3686 1203 3751 t_.
1220 3679 1297 3751 _lli
1350 3678 1633 3751 Spicileg._;
1670 3678 1909 3749 Execrpt.
1940 3683 2068 3751 Egb.

564 3742 723 3812 Ebot:
750 3758 796 3795 c.
830 3744 948 3806 ω,
967 3742 1139 3812 canon
1167 3745 1332 3812 Dicit.
1376 3742 1570 3799 Burch?
1591 3742 1626 3797 l.
1656 3764 1730 3812 ix,
1756 3764 1802 3801 c.
1830 3742 1912 3802 i9.

630 3807 655 3845 ά
688 3808 759 3879 Es
788 3811 1275 3879 conc.)latiscetisi,
1303 3811 1526 3879 Capitul.
1556 3814 1589 3865 Ι.
1612 3830 1685 3879 vn,
1713 3807 1758 3869 ὸς
1792 3816 1875 3870 94.

619 3876 656 3944 ’ξ
683 3876 764 3944 gl.
795 3891 907 3944 cap.
940 3878 1133 3931 Theod.
1166 3879 1252 3942 74,
1280 3889 1318 3931 t.
1341 3876 1409 3932 IX
1461 3880 1637 3944 Spicil.

565 4032 585 4065 ί
633 3941 873 4061 ligide
904 3959 1017 4015 cap.
1041 3946 1160 4009 l9,
1188 3941 1321 3999 LIX
1352 3941 1595 4015 Spicileg.
1622 3964 1638 4012 ;
1681 3950 1717 4001 1.
1745 3965 1795 4003 vi
1824 3950 2069 4019 Capitul.,

2170 1926 2268 1979 est,
2296 1916 2347 1969 in
2373 1916 2799 1984 quinquagesima
2823 1926 3021 1970 oratur.
3057 1917 3235 1973 Oratio
3274 1926 3441 1986 potest
3476 1920 3571 1972 sub
3599 1934 3690 1973 ve-

2168 2001 2357 2065 lamine
2394 2015 2531 2066 esse,
2577 2016 2695 2067 cum
2723 2003 3009 2057 necessitas
3033 2005 3188 2073 cogit.
3230 2003 3325 2069 Qui
3354 2020 3448 2071 pro
3474 2005 3690 2058 homine
3726 1998 3731 2001 Δ

2168 2099 2375 2145 mortuo
2392 2090 2611 2158 jejunat,
2641 2092 2866 2159 seipsum
2892 2091 3121 2159 adjuvat.
3161 2093 3238 2155 De
3278 2101 3483 2147 mortuo
3511 2103 3687 2147 autem

2170 2178 2261 2232 Dei
2302 2179 2463 2233 solius
2491 2187 2573 2232 est
2596 2179 2798 2233 notitia.
2836 2181 2861 2219 ιι
2898 2168 3121 2235 lnilrmis
3144 2182 3265 2236 licet
3288 2181 3425 2235 omni
3454 2181 3583 2234 hora
3613 2181 3689 2233 ci-

2168 2268 2290 2321 bum
2320 2275 2372 2321 et
2397 2276 2573 2336 potum
2601 2283 2836 2330 sumere,
2872 2267 3077 2336 quando
3114 2269 3409 2324 desiderant
3446 2268 3529 2323 vel
3566 2284 3691 2338 pos-

2168 2362 2310 2419 sunt,
2339 2355 2389 2409 si
2411 2361 2700 2422 opportune
2724 2362 2960 2421 possunt.

2708 2478 2939 2539 'CAPUT
2975 2483 3105 2538 XIV.
3117 2492 3128 2507 ’

2660 2588 2732 2641 De
2769 2591 3189 2645 reconciliatione.

2254 2696 2473 2752 Romani
2520 2697 2853 2750 reconciliant
2907 2698 3168 2768 hominem
3225 2698 3360 2752 intra
3408 2695 3649 2751 absidem
3677 2735 3694 2750 .

2169 2785 2337 2839 Caeci
2384 2783 2581 2837 nolunt.
2629 2784 3000 2838 Reconciliatio
3036 2785 3397 2853 pmnitentium
3440 2786 3492 2837 in
3534 2800 3687 2838 cena

2170 2873 2376 2947 Domini
2409 2882 2607 2933 tantum
2635 2880 2715 2926 est
2738 2875 2803 2926 ab
2826 2854 3081 2941 episcopo:
3108 2880 3162 2926 et
3190 2881 3547 2927 consummata
3574 2887 3691 2940 pae-

2170 2956 2403 3016 nitentia.
2450 2961 2469 3000 ι
2516 2962 2570 3016 Si
2612 2976 2735 3016 vero
2763 2961 3004 3029 episcopo
3036 2955 3239 3015 diliiciie
3263 2963 3347 3022 sit,
3378 2962 3691 3030 presbytero

2168 3063 2337 3123 potest
2360 3054 2683 3109 necessitatis
2708 3069 2862 3107 causa
2888 3054 3118 3121 praebere
3153 3058 3484 3119 potestatem,
3510 3059 3567 3103 ut
3587 3051 3691 3103 im-

2099 3123 2143 3184 C
2169 3141 2324 3207 pleat.
2345 3139 2725 3204 _Reconciliatio
2743 3139 2794 3193 in
2815 3139 2914 3192 hac
2935 3136 3200 3205 provincia
3222 3151 3325 3191 non
3348 3140 3452 3201 est,
3484 3136 3612 3218 quia
3636 3142 3693 3188 et

2170 3227 2375 3293 publica
2403 3224 2706 3294 paenitentia
2729 3238 2830 3278 non
2860 3233 2958 3278 est.

2243 3354 2936 3439 ἷῖδθοίέλθίρεῖῗθὶἒληί
2999 3353 3242 3422 ερεοειαει

2240 3425 2265 3529 ἲ
2295 3423 2920 3556 ξ)
2966 3486 3206 3556 Spicileg.
3231 3503 3247 3552 ;
3284 3486 3473 3542 Burch.
3502 3487 3537 3540 l.
3564 3505 3689 3553 rm,

2173 3572 2220 3611 θ’
2240 3556 2360 3674 16’ν.
2390 3623 2519 3691 Aug.
2549 3638 2705 3677 serm.
2737 3622 2801 3677 de
2820 3622 2994 3691 verbis
3017 3620 3195 3690 Apost.
3225 3637 3273 3676 c.
3300 3622 3351 3675 6.
3488 3690 3491 3691 ν
3524 3690 3527 3691 ν
3664 3658 3667 3659 ν

2240 3692 2263 3730 ιι
2302 3690 2489 3759 Bureh.
2536 3691 2771 3759 Lavm,
2816 3706 2863 3743 c.
2892 3690 2995 3752 20;
3034 3690 3120 3743 lvo
3159 3706 3212 3759 p.
3251 3690 3348 3754 15,
3384 3705 3433 3743 c.
3472 3690 3578 3752 d2;
3620 3704 3691 3743 ex

2172 3756 3017 3905 :0?_gl.lah'lftg;(i_n2:nefat.ngmnit.
3060 3824 3251 3905 nam
3287 3823 3551 3905 Regii-toi.
3580 3838 3596 3876 ι
3624 3805 3694 3905 δε

2172 3892 2313 3945 Eccl.
2362 3890 2569 3959 Discipl.
2591 3890 2623 3952 ,ί
2649 3906 2762 3959 cap.
2807 3890 2907 3943 296
2926 3930 2967 3957 ,_
2986 3890 3389 3946 constitutiones
3424 3890 3690 3945 Edmundi

2175 3961 2320 4012 arch.
2350 3958 2759 4023 Cantuariensis,
2788 3973 2839 4014 c.
2868 3959 2950 4011 l2.
3532 3967 3537 3971 ’

1372 4284 2046 4394 CAPITULA
2129 4287 2821 4395 THEODORI

972 4590 1352 4662 CAPITULUM
1385 4589 1662 4645 ramum.

572 4702 867 4755 Pmnitentia
893 4700 1027 4752 illius
1056 4701 1175 4751 anili
1211 4700 1381 4761 unius,
1428 4698 1512 4766 qui
1537 4699 1591 4749 in
1617 4715 1745 4766 pane
1768 4707 1814 4767 et
1835 4714 1965 4767 aqua
1988 4698 2065 4765 je-

730 4768 989 4833 junandus
1017 4775 1105 4827 est,
1138 4768 1232 4817 isto
1259 4765 1707 4818 ordineobseroari
1736 4765 1894 4817 debet.

638 4867 661 4892 ιι
686 4854 989 4907 Pmnitentia
1016 4852 1151 4905 illius
1176 4854 1291 4904 anni
1320 4854 1490 4915 unius,
1514 4852 1600 4920 qui
1626 4852 1675 4905 in
1697 4866 1829 4920 pane
1857 4861 1910 4904 et
1937 4867 2069 4920 aqua

567 4939 872 5008 jejunandus
893 4948 989 5000 est,
1019 4938 1136 4991 talis
1160 4953 1273 4991 esse
1300 4939 1450 4991 debet
1475 4939 1527 4993 in
1555 4952 1858 5008 unaquaque
1878 4940 2069 4992 hebdo-

572 5026 741 5079 mada.
777 5024 903 5077 Tres
931 5026 1039 5079 dies
1058 5065 1073 5087 ,
1121 5025 1172 5079 id
1217 5034 1295 5077 est
1340 5024 1519 5077 feriam
1547 5027 1776 5093 quintam
1804 5035 1855 5079 et
1884 5026 2069 5079 sabba-

571 5122 697 5176 tum,
721 5128 747 5188 a
774 5113 913 5174 vino,
944 5114 1174 5174 medone,
1207 5112 1395 5165 mellita
1424 5121 1475 5164 et
1498 5113 1739 5177 cervisia,
1778 5128 1807 5164 a
1831 5126 1989 5165 carne
2017 5120 2069 5165 et

570 5201 832 5267 sagimine,
864 5215 892 5252 a
921 5214 1071 5251 caseo
1098 5209 1148 5250 et
1177 5201 1306 5263 ovis,
1348 5207 1401 5253 et
1443 5199 1507 5251 ab
1554 5200 1691 5251 omni
1729 5201 1902 5269 pingui
1931 5201 2070 5268 pisce

570 5301 623 5337 se
665 5286 935 5338 abstineat.
1002 5284 1269 5337 Mandueet
1302 5294 1475 5339 autem
1511 5285 1736 5339 minutos
1778 5282 2085 5354 pisciculos,

570 5375 611 5425 si
635 5374 826 5426 habere
851 5382 1038 5441 potest.
1061 5372 1116 5427 Si
1145 5372 1334 5427 habere
1358 5389 1458 5429 non
1478 5381 1666 5443 potest,
1694 5382 1890 5428 tantum
1921 5377 2072 5451 unius

639 5512 660 5538 ι
700 5501 952 5572 antiquus
973 5498 1103 5572 liber
1126 5500 1401 5555 Pmnitent.
1428 5502 1827 5572 Andegavensis,
1857 5517 1969 5571 cap.
1999 5504 2069 5558 De

570 5567 783 5619 remedio
808 5567 1103 5635 priuilemis.

2098 4590 2149 4648 ι)
2172 4587 2376 4655 generis
2401 4588 2594 4656 piscem
2618 4626 2632 4650 ,
2654 4595 2707 4640 et
2746 4587 3001 4657 legumina
3028 4628 3041 4651 ,
3081 4597 3133 4642 et
3157 4591 3323 4656 olera,
3356 4600 3407 4647 et
3435 4610 3604 4663 poma.
3634 4592 3682 4649 si

2162 4680 2296 4742 vult,
2325 4681 2582 4742 comedat,
2616 4688 2668 4732 et
2695 4680 2966 4735 cervisiam
2993 4681 3161 4751 bibat;
3206 4693 3260 4737 et
3294 4684 3344 4737 in
3370 4684 3555 4739 diebus
3579 4687 3686 4741 Do-
3709 4755 3713 4759 ’

2166 4766 2390 4827 minicis,
2415 4775 2467 4818 et
2496 4767 2545 4817 in
2568 4765 2730 4818 Natali
2757 4766 2957 4820 Domini
2990 4768 3103 4821 illos
3127 4777 3350 4836 quatuor
3377 4771 3514 4832 dies;
3544 4781 3597 4824 et
3624 4772 3683 4825 in

2164 4852 2448 4919 Epiphania
2478 4868 2634 4905 unum
2661 4854 2825 4918 diem;
2861 4863 2913 4908 et
2941 4856 2989 4907 in
3014 4856 3229 4923 pascha,
3254 4869 3417 4922 usque
3445 4855 3509 4908 ad
3533 4865 3684 4909 octa-

2167 4952 2286 4990 vum
2316 4938 2483 5003 diem;
2515 4948 2565 4992 et
2594 4941 2646 4993 in
2664 4940 2979 4993 Ascensione
3006 4941 3229 5004 Domini,
3252 4950 3303 4995 et
3322 4941 3679 5006 Pentecostes,

2168 5034 2389 5091 quatuor
2415 5025 2551 5088 dies;
2582 5026 2608 5063 ι)
2628 5034 2680 5077 et
2712 5025 2763 5078 in
2804 5025 2936 5079 festo
2965 5027 3126 5079 sancti
3157 5026 3373 5081 Joannis
3407 5027 3699 5096 Baptista,’

2170 5122 2223 5165 et
2254 5120 2443 5165 sanctis
2474 5112 2677 5175 Mariae,
2720 5122 2771 5165 et
2794 5122 3086 5167 sanctorum
3110 5115 3377 5168 duodecim
3401 5115 3683 5184 Apostolo-

2173 5216 2303 5261 rum,
2328 5209 2381 5253 et
2407 5202 2568 5254 sancti
2599 5201 2890 5264 Michaelis,
2934 5213 2985 5256 ct
3008 5204 3171 5257 sancti
3202 5202 3445 5272 Remigii,
3470 5212 3524 5258 et
3549 5203 3681 5259 0m-

2173 5289 2312 5340 nium
2332 5288 2667 5353 Sanctorum,
2699 5299 2750 5343 et
2774 5292 2935 5345 sancti
2961 5290 3181 5353 Martini,
3208 5299 3259 5344 et
3281 5291 3331 5344 in
3350 5291 3486 5346 illius
3504 5291 3681 5346 sancti

2174 5377 2473 5442 festivitate,
2500 5379 2587 5445 qui
2616 5379 2665 5431 in
2692 5379 2775 5432 illo
2804 5380 3099 5448 episcopatu
3119 5378 3338 5434 celebris
3360 5380 3603 5432 habetur.

2166 5508 2267 5623 56b
2292 5505 2582 5628 P(.‘igoncilium
2607 5508 2935 5563 Triburiense
2960 5509 3055 5562 sub
3081 5508 3328 5563 Formoso
3350 5522 3483 5578 Ρψθ
3501 5548 3518 5576 ι
3555 5488 3682 5581 ἀνι

2247 5602 2269 5610 -
2290 5594 2319 5623 δ
2361 5614 2371 5627 ,

2247 5602 2269 5610 -
2290 5594 2371 5627 DG.
