3922 6222
259 353 368 404 957

1308 351 1849 411 HENITENTLALE.
1889 382 1956 393 -—
1990 354 2334 411 CAPITULA.

3282 363 3380 416 938

335 458 395 509 ln
429 458 508 511 bis
552 457 863 525 supradictis
905 457 1087 510 diebus
1132 459 1287 511 faciat
1322 459 1629 513 cbaritatem
1666 475 1784 513 cum
1884 460 2149 529 ptuagiuta
2178 459 2401 528 psalmos
2430 474 2525 527 per
2551 462 2780 537 ordinem
2827 461 3083 527 decantet,
3118 472 3169 517 et
3196 480 3381 534 paupe-

257 544 477 597 caeteris
502 543 830 607 Christianis,
862 542 912 596 id
937 553 1034 605 est,
1058 552 1232 597 utatur
1255 546 1434 599 eodem
1459 547 1575 600 cibo
1596 554 1648 601 et
1667 554 1789 615 potu

257 646 373 698 quo
403 631 497 693 illi,
538 630 628 683 sed
672 640 844 683 tamen
885 630 1187 684 ebrietatem
1217 640 1271 685 et
1294 634 1488 692 ventris
1512 632 1789 703 ingluviem

256 731 482 785 semper
512 717 563 769 in
590 716 829 769 omnibus
854 725 1052 770 caveat.

331 801 449 857 Iste
471 818 639 856 annus
675 804 932 857 secundus
973 812 1054 858 est
1078 805 1144 857 ab
1169 805 1431 871 illoanno,
1462 809 1550 877 qui
1575 821 1709 876 pane
1736 818 1791 862 et

258 902 408 956 aqua
446 888 758 956 jejunandus
801 898 898 943 est.
950 891 1013 944 Et
1038 903 1159 959 post
1184 893 1325 947 illum
1356 892 1666 963 jejunaudus
1687 906 1787 963 est,

258 976 358 1042 qui
409 976 567 1028 etiam
618 976 818 1031 dandus
860 984 937 1029 est
974 978 1075 1031 illis
1113 980 1199 1047 qui
1246 981 1387 1035 viros
1412 982 1790 1039 ecclesiasticos

256 1062 557 1126 occidunt,
596 1070 649 1115 et
686 1065 737 1117 in
779 1066 1150 1121 consuetudine
1195 1068 1389 1122 habent
1428 1071 1790 1128 sodomiticum

256 1148 445 1202 scelus
470 1190 483 1213 ,
529 1157 583 1203 et
608 1150 696 1218 qui
732 1151 783 1204 in
809 1142 1181 1207 consuetudine
1208 1156 1400 1209 habent
1424 1168 1607 1212 contra
1643 1168 1794 1213 natu-

258 1252 383 1289 ram
406 1252 626 1307 peccare
647 1278 661 1301 ,
708 1246 761 1291 et
791 1240 841 1292 in
866 1241 1100 1295 ecclesiis
1127 1243 1401 1298 homicidia
1428 1255 1611 1316 sponte
1645 1262 1788 1303 com-

255 1324 506 1389 mittunt,
532 1333 584 1378 et
608 1326 856 1381 ecclesias
877 1329 1179 1394 incendunt,
1218 1342 1270 1385 et
1298 1332 1351 1386 in
1380 1335 1614 1390 ecclesiis
1646 1316 1809 1389 adut:

256 1411 403 1465 teria
426 1414 798 1479 committunt,
841 1424 891 1468 et
931 1416 1018 1485 qui
1068 1404 1168 1470 alia
1208 1420 1500 1488 bujusmodi
1523 1430 1794 1492 perpetra—

256 1506 415 1551 runt.

330 1586 653 1641 Pmnitentia
701 1589 851 1645 istius
890 1592 1010 1645 anni
1052 1593 1168 1646 talis
1208 1586 1323 1647 esse
1364 1594 1557 1649 debet:
1586 1604 1643 1649 ut
1662 1595 1792 1650 duos

254 1673 397 1737 dies,
422 1675 474 1727 id
497 1684 594 1739 est,
622 1678 903 1732 secundam
928 1678 1109 1733 feriam
1126 1690 1185 1735 .et
1212 1691 1449 1750 quartam
1480 1684 1532 1737 in
1560 1700 1792 1753 unaqua-

254 1775 366 1827 que
395 1762 717 1817 bebdomada
758 1765 960 1832 jejunet
1001 1768 1066 1820 ad
1090 1782 1390 1839 vesperam;
1438 1777 1491 1824 et
1531 1777 1653 1824 tunc
1677 1770 1795 1825 refi-
1823 1760 1868 1823 Β

252 1847 438 1900 ciatur
457 1849 596 1902 sicco
619 1851 755 1914 cibo,
788 1852 842 1905 id
867 1860 973 1915 est,
1004 1853 1068 1906 de
1089 1870 1220 1923 pane
1242 1863 1293 1909 et
1313 1854 1667 1927 leguminibus
1693 1859 1794 1912 sic-

255 1935 339 1987 cis
367 1935 460 1989 sed
481 1938 664 2001 coctis,
693 1948 785 1991 aut
809 1942 993 2008 pomis,
1027 1949 1117 1995 aut
1143 1942 1373 1998 oleribus
1393 1946 1603 2012 crudis;
1630 1962 1790 2001 unum

254 2023 423 2092 eligat
447 2040 512 2078 ex
538 2028 621 2080 his
647 2028 832 2091 tribus,
859 2038 913 2082 et
935 2038 1131 2094 utatur,
1159 2042 1212 2085 et
1234 2021 1507 2087 cervisiam
1533 2035 1678 2088 bibat
1700 2036 1793 2090 sed

254 2112 460 2165 sobrie.
500 2112 566 2164 Et
609 2114 819 2167 tertium
857 2115 1011 2180 diem,
1060 2117 1120 2171 id
1141 2104 1260 2182 est,
1287 2116 1490 2173 sextam
1528 2120 1712 2174 feriam
1738 2122 1791 2174 in

255 2213 400 2265 pane
428 2208 481 2251 et
509 2215 641 2268 aqua
669 2201 940 2266 observet,
982 2212 1035 2256 et
1076 2212 1183 2257 tres
1210 2206 1634 2275 quadragesimae
1654 2206 1789 2275 jeju-

255 2295 347 2337 net
364 2294 487 2340 ante
506 2287 687 2341 Natale
708 2288 908 2341 Domini
924 2305 1098 2353 uuam,
1124 2293 1547 2347 secundamante
1569 2294 1789 2358 Pascha,

253 2376 472 2427 tertiam
501 2383 622 2428 ante
642 2377 857 2430 missam
884 2380 1049 2432 sancti
1082 2377 1317 2438 Joannis.
1356 2382 1421 2435 Et
1444 2383 1498 2435 in
1516 2383 1599 2436 his
1622 2384 1792 2438 tribus

255 2462 676 2529 quadragesimis
692 2462 893 2537 jejunet
915 2466 1045 2519 duos
1070 2466 1182 2519 dies
1218 2466 1283 2519 ad
1308 2483 1495 2521 nonam
1522 2470 1572 2522 in
1598 2470 1792 2524 hebdo-

252 2550 415 2604 mada
438 2590 451 2613 ,
493 2559 547 2603 et
587 2552 648 2605 de
684 2553 823 2607 sicco
861 2553 1268 2619 cibmeomedat,
1296 2563 1352 2609 ut
1372 2570 1528 2625 supra
1553 2560 1788 2617 notatum

253 2645 368 2700 est;
401 2646 459 2691 et
485 2650 687 2693 sextam
716 2640 900 2695 feriam
919 2641 1119 2711 jejunet
1143 2651 1196 2697 et
1223 2645 1273 2697 in
1307 2658 1440 2711 pane
1473 2652 1526 2698 et
1554 2660 1708 2714 aqua,
1738 2655 1792 2699 et

254 2728 308 2779 in
337 2728 626 2782 Dominicis
654 2730 857 2794 diebus,
884 2733 1013 2785 etin
1038 2731 1206 2786 Natali
1232 2734 1462 2797 Domini,
1506 2736 1629 2788 etin
1659 2735 1791 2789 Pen-

253 2821 460 2867 tecoste
506 2822 732 2882 quatuor
759 2818 873 2870 illos
914 2818 1053 2882 dies;
1104 2826 1159 2873 et
1198 2820 1252 2873 in
1296 2820 1583 2889 Epiphania
1628 2838 1788 2877 unum

253 2899 419 2963 diem,
450 2908 503 2953 et
527 2901 579 2955 in
599 2902 800 2957 Pascha
836 2920 999 2972 usque
1023 2906 1089 2959 ad
1128 2908 1405 2975 septimum
1429 2908 1564 2967 diem
1591 2949 1605 2973 ,
1650 2918 1703 2963 et
1736 2912 1788 2965 in

250 2984 579 3040 Aseensione
597 2988 823 3055 Domini,
848 3000 902 3044 et
930 2992 982 3045 in
1012 2994 1169 3047 missa
1194 2995 1359 3049 sancti
1380 2993 1595 3049 Joannis
1614 2997 1763 3068 Bapti

251 3079 371 3135 διε,
396 3083 451 3127 et
475 3086 668 3131 sanctae
694 3078 894 3143 Mariae,
926 3091 979 3134 et
1001 3082 1272 3137 duodecim
1303 3085 1658 3153 apostolorum
1682 3128 1696 3153 ,
1735 3097 1787 3143 e'.
1812 3077 1858 3141 (Σ

251 3165 427 3217 sancti
452 3166 737 3231 Michaelis,
767 3177 820 3222 et
844 3172 1009 3223 sancti
1032 3170 1274 3241 Remigii,
1302 3182 1355 3227 et
1382 3176 1625 3230 Omnium
1650 3175 1786 3230 San—

249 3260 461 3306 ctorum
480 3292 494 3317 ,
539 3261 594 3307 et
635 3257 800 3309 sancti
826 3257 1051 3323 Martini,
1079 3269 1133 3313 et
1160 3260 1213 3313 in
1238 3262 1375 3316 illius
1403 3267 1569 3319 sancti
1591 3266 1790 3320 festivi-

249 3350 364 3394 tate
386 3381 401 3406 ,
450 3344 537 3411 qui
564 3345 617 3397 in
656 3346 742 3400 illo
768 3348 1069 3418 episcopatu
1104 3352 1328 3407 celebris
1362 3354 1603 3409 habetur.
1645 3358 1710 3409 Et
1737 3358 1787 3409 in

252 3429 337 3483 bis
358 3433 674 3499 supradictis
706 3434 888 3488 diebus
911 3426 1068 3490 faciat
1100 3440 1409 3494 cbaritatem
1435 3457 1554 3495 cum
1585 3446 1788 3497 czntcris

251 3518 591 3584 Christianis,
630 3522 723 3575 sed
754 3531 927 3576 tamen
962 3525 1268 3579 ebrietatem
1291 3534 1343 3580 et
1370 3531 1566 3583 ventris
1593 3530 1786 3583 disten-

254 3608 453 3663 tionem
480 3623 683 3678 semper
703 3610 760 3662 in
787 3612 1032 3666 omnibus
1054 3622 1254 3667 caveat.

772 3702 1155 3775 CAPITULUM
1188 3723 1249 3776 Ii.

254 3781 329 3835 De
358 3783 463 3837 illis
489 3787 574 3854 qui
601 3785 843 3864 jeju_nare
872 3805 971 3864 non
1000 3802 1209 3864 possunt
1228 3831 1241 3853 ,
1269 3801 1315 3843 et
1343 3793 1621 3862 adimplere
1647 3798 1783 3864 quod

612 3856 664 3906 in
698 3854 1036 3909 Paenitentiali
1064 3860 1304 3925 scriptum
1336 3869 1427 3912 est.

323 3949 348 3977 ι
384 3937 480 4003 Qui
496 3937 733 4007 jejunare
755 3949 946 4008 potest,
968 3951 1021 3996 et
1047 3944 1261 4013 implere
1287 3948 1423 4013 quod
1446 3950 1498 4001 in
1520 3950 1783 4005 Paeniten-

256 4023 367 4077 tiali
399 4026 649 4093 scriptum
669 4034 769 4091 est,
799 4026 990 4083 bonum
1012 4041 1114 4095 est,
1140 4040 1192 4084 et
1214 4032 1319 4085 Deo
1340 4036 1532 4102 gratias
1567 4038 1777 4092 referat.

252 4111 352 4176 Qui
382 4121 552 4166 autem
579 4130 679 4169 non
708 4126 901 4185 potest,
926 4119 973 4172 ei
992 4134 1086 4187 per
1102 4121 1514 4178 misericordiam
1538 4127 1628 4180 Dei
1658 4115 1781 4182 con;

250 4204 427 4259 silium
448 4206 633 4260 damus
664 4208 789 4272 tale,
812 4217 871 4262 ut
895 4225 993 4263 nec
1013 4211 1141 4276 sibi,
1166 4228 1264 4268 nec
1285 4201 1447 4270 alicui
1472 4233 1687 4273 necesse
1712 4222 1778 4274 sit

252 4292 535 4361 desperare
559 4293 638 4346 vel
661 4296 853 4363 perire.

760 4384 1142 4442 CAPITULUM
1186 4389 1269 4443 ill.

313 4468 385 4533 De
410 4470 745 4539 redemptione
772 4471 909 4552 illius
937 4476 1057 4527 anni
1072 4515 1099 4555 ,ι
1115 4493 1260 4555 quem
1285 4480 1340 4532 in
1371 4498 1499 4550 pane
1518 4494 1563 4537 et
1586 4503 1719 4555 aqua

820 4541 1031 4609 ejunare
1065 4541 1224 4597 debet.

314 4624 495 4678 Primo
520 4625 604 4679 die
630 4640 786 4694 quem
822 4628 874 4680 in
902 4644 1035 4696 pane
1061 4639 1115 4684 et
1142 4647 1274 4701 aqua
1310 4635 1548 4702 jejunare
1589 4642 1772 4709 debet,

250 4713 623 4783 quinquaginta
651 4714 878 4783 psalmos
903 4719 954 4768 in
979 4718 1198 4772 ecclesia
1221 4760 1235 4784 ,
1266 4722 1309 4775 si
1334 4724 1443 4777 fieri
1467 4735 1658 4795 potest,
1686 4731 1776 4785 de-

248 4809 425 4854 cantet
437 4800 593 4874 ﬂexis
623 4804 872 4872 genibus;
901 4805 980 4858 sin
1009 4814 1204 4872 autem,
1232 4810 1284 4862 in
1312 4812 1424 4867 loco
1446 4819 1773 4874 convenienti

248 4856 653 4953 eadeffaciat:
698 4898 753 4943 et
776 4905 937 4945 unum
956 4907 1235 4963 pauperem
1262 4909 1475 4965 pascat,
1524 4880 1577 4955 et
1604 4920 1668 4959 eo
1693 4908 1776 4962 die

249 4981 469 5042 excepto
500 4974 645 5038 vino,
699 4991 853 5029 carne
896 4988 948 5031 et
979 4982 1266 5050 sagimine,
1318 4997 1489 5042 sumat
1525 4993 1774 5061 quidquid

249 5059 394 5114 velit.
452 5059 509 5114 Si
557 5070 730 5116 autem
775 5063 895 5117 talis
942 5074 1052 5129 est,
1099 5071 1186 5136 qui
1230 5073 1407 5126 tandiu
1452 5076 1504 5128 in
1556 5059 1773 5147 genibus

246 5148 421 5218 facere
458 5166 562 5206 non
605 5155 806 5222 possit,
854 5155 1013 5210 faciat
1056 5170 1229 5214 autem
1269 5163 1345 5217 sit:
1373 5166 1423 5218 in
1450 5167 1701 5234 ecclesia,
1726 5173 1771 5226 si

253 5238 364 5295 fieri
391 5240 572 5309 possit.
613 5239 702 5295 Sic
725 5249 898 5297 autem
929 5245 978 5298 in
1004 5262 1106 5301 uno
1131 5248 1241 5302 loco
1261 5253 1446 5307 stando
1468 5255 1665 5311 intente
1694 5274 1775 5313 sc.-

320 5386 344 5413 ι
360 5373 537 5459 Iliada;
560 5389 786 5454 canones
798 5377 885 5459 “ad
908 5370 1143 5459 remedia
1172 5393 1524 5459 peccatorum,
1548 5403 1662 5459 cap.
1683 5391 1766 5457 Η,

256 5440 326 5496 De
344 5441 553 5496 diversis
572 5446 769 5507 causis;
798 5445 1023 5507 Regini“,
1102 5465 1157 5507 ll.
1172 5440 1233 5504 ὀ.
1266 5452 1384 5505 444.

319 5512 347 5551 ιι
384 5509 602 5587 gegino,
700 5512 759 5576 u,
790 5528 835 5564 c.
868 5509 1300 5587 {tomum-1.
1336 5538 1407 5587 1x,
1436 5540 1483 5579 c.
1516 5526 1600 5580 l8.

322 5590 343 5617 ε
384 5577 604 5649 Regiuo,
634 5580 668 5633 Ι.
692 5595 751 5643 ll,
778 5596 824 5634 c.
856 5583 984 5644 459;
1017 5577 1230 5653 Burch.,
1256 5589 1288 5643 Ι,
1317 5577 1425 5656 κιί,
1456 5577 1502 5647 c.
1527 5577 1618 5649 l9.

677 5672 933 5734 ΡΑτιιοι..
970 5676 1184 5739 XCIX.

1890 563 2001 623 rem
2026 557 2220 618 pascat,
2248 557 2302 602 et
2325 564 2388 603 eo
2415 550 2497 602 die
2520 559 2732 618 excepto
2753 552 2871 603 vino
2894 566 3047 605 carne
3088 562 3139 606 et
3182 556 3388 623 sagimi-

1889 620 1973 699 ne,
2020 644 2192 690 sumat
2245 636 2496 705 quidquid
2543 637 2683 690 velit.
2739 637 2835 703 Qui
2879 639 2929 691 in
2973 640 3186 694 ecclesia
3227 620 3389 709 genua

1887 724 2083 777 centies
2103 722 2304 778 ﬂexerit
2323 765 2337 788 ,
2380 724 2430 776 id
2450 731 2563 787 est,
2596 726 2639 778 si
2659 727 2858 796 centies,
2876 728 3075 780 veniam
3100 730 3325 796 petierit,
3349 732 3393 782 si

1887 811 1998 864 fieri
2020 819 2211 880 potest,
2237 814 2289 865 in
2315 813 2531 866 ecclesia
2558 812 2646 865 fiat
2670 828 2684 865 :
2718 815 2817 867 hoc
2832 814 3172 880 iustissimum
3197 824 3292 869 est.
3338 816 3393 869 Si

1887 905 2059 949 autem
2101 898 2214 951 fieri
2251 913 2351 951 non
2378 907 2578 966 potest,
2619 908 2816 954 secrete
2854 902 2905 954 in
2938 901 3051 955 loco
3077 904 3396 956 convenienti

1888 985 1987 1037 hoc
2014 984 2186 1038 faciat.
2223 985 2278 1039 Si
2317 988 2392 1039 sic
2434 987 2653 1051 fecerit,
2703 1004 2765 1041 eo
2803 990 2885 1042 die
2924 998 3139 1059 excepto
3185 992 3305 1045 vino
3344 1001 3400 1045 et

1888 1086 2048 1125 carne
2077 1080 2129 1126 et
2156 1073 2426 1141 sagimine,
2455 1083 2625 1127 sumat
2647 1076 2780 1144 quod
2802 1078 2986 1145 placet.
3048 1080 3142 1143 Qui
3170 1081 3398 1147 psalmos

1888 1172 1991 1211 non
2014 1159 2178 1222 novit,
2206 1176 2367 1214 unum
2391 1161 2546 1224 diem,
2575 1178 2726 1231 quem
2747 1158 2798 1216 in
2824 1180 2953 1232 pane
2987 1174 3038 1218 et
3074 1182 3205 1234 aqua
3232 1170 3397 1236 poeni-

1888 1252 1997 1297 tere
2020 1246 2191 1308 debet,
2222 1248 2366 1301 dives
2392 1248 2616 1303 denariis
2637 1251 2824 1314 tribus,
2850 1268 3044 1321 pauper
3064 1269 3166 1307 uno
3189 1256 3399 1309 denario

1888 1331 2129 1384 redimat.
2168 1333 2233 1387 Et
2258 1347 2321 1387 eo
2346 1333 2429 1387 die
2458 1344 2671 1403 excepto
2691 1338 2827 1399 vino,
2872 1353 3029 1393 carne
3070 1349 3123 1393 et
3152 1341 3401 1409 sagimine

1889 1430 2059 1475 sumat
2091 1423 2230 1490 quod
2268 1425 2486 1493 placeat.
2541 1427 2656 1480 Alio
2691 1430 2862 1492 modo,
2888 1430 3095 1496 quidam
3121 1432 3299 1484 dicunt
3323 1432 3402 1485 vi-

1889 1511 2016 1578 ginti
2038 1510 2293 1579 palmatae
2318 1513 2493 1566 valere
2519 1514 2614 1581 pro
2634 1530 2737 1568 uno
2758 1516 2860 1569 die.

2390 1617 2776 1674 CAPITULUM
2810 1620 2896 1674 iV.

1889 1682 1967 1735 De
1994 1684 2324 1753 redemptione
2342 1686 2493 1738 unius
2520 1686 2879 1758 hebdomadas,
2926 1704 3077 1755 quam
3104 1692 3156 1742 in
3186 1706 3316 1758 pane
3353 1699 3401 1743 et

2353 1768 2486 1821 aqua
2506 1753 2741 1821 jejunare
2779 1754 2937 1809 debet.

1958 1840 1988 1881 δ
2008 1839 2118 1893 Pro
2145 1856 2248 1899 una
2272 1840 2596 1895 hebdomade
2616 1882 2631 1906 ,
2675 1858 2831 1911 quam
2869 1845 2920 1897 in
2945 1859 3077 1913 pane
3100 1852 3153 1898 et
3172 1861 3307 1913 aqua
3326 1845 3405 1914 je-

1885 1928 2072 1996 junare
2113 1928 2301 1990 debet,
2356 1936 2613 1981 trecentos
2650 1930 2875 1996 psalmos
2909 1932 3126 1998 genibus
3167 1932 3312 1986 ﬂexis
3352 1934 3403 1987 in

1890 2015 2108 2069 ecclesia
2141 2016 2400 2070 decantet.
2442 2014 2497 2070 Si
2524 2023 2696 2069 autem
2737 2017 2837 2073 hoc
2876 2017 3048 2071 facere
3082 2033 3183 2071 non
3209 2028 3401 2087 potest,

1891 2103 1992 2156 tria
2012 2103 2257 2172 psalteria
2298 2103 2352 2157 in
2396 2103 2615 2157 ecclesia
2643 2102 2723 2158 vel
2758 2104 2810 2158 in
2842 2104 2955 2158 loco
2979 2106 3302 2159 convenienti
3327 2107 3405 2158 in-

1890 2197 2031 2244 tente
2059 2190 2327 2253 decantet;
2362 2200 2417 2243 et
2440 2199 2711 2258 postquam
2738 2192 2969 2259 psallerit
2986 2232 2999 2257 ,
3028 2202 3243 2261 excepto
3266 2194 3406 2255 vino,

1891 2292 2048 2332 carne
2072 2286 2123 2331 et
2144 2278 2415 2347 sagimine,
2444 2287 2614 2331 sumat
2640 2280 2890 2348 quidquid
2915 2281 3053 2333 velit.

1961 2377 1981 2404 ε
2006 2366 2108 2420 Pro
2132 2382 2236 2421 uno
2260 2382 2438 2420 mense
2456 2406 2471 2431 ,
2514 2382 2665 2436 quem
2691 2369 2742 2422 in
2759 2384 2898 2437 pane
2931 2378 2983 2423 et
3004 2386 3135 2438 aqua
3157 2371 3411 2438 poenitere

1890 2455 2060 2517 debet,
2088 2455 2315 2522 psalmos
2342 2455 2481 2508 mille
2526 2456 2773 2510 ducentos
2807 2457 2952 2511 ﬂexis
2981 2459 3197 2527 genibus
3223 2460 3409 2513 decan-

1891 2547 1992 2602 tet;
2042 2549 2095 2592 et
2134 2542 2277 2595 omni
2322 2542 2406 2595 die
2443 2543 2487 2595 si
2533 2544 2687 2607 velit,
2714 2552 2768 2597 et
2793 2546 2837 2598 si
2865 2536 3125 2601 abstinere
3148 2563 3249 2601 non
3275 2548 3405 2611 vult,

1890 2618 2089 2680 reficiat
2132 2643 2189 2681 se
2231 2629 2297 2682 ad
2339 2638 2537 2682 sextam
2582 2630 2796 2695 horam,
2844 2634 2942 2687 nisi
2982 2634 3163 2707 [feria]
3200 2645 3406 2704 quarta,

1889 2723 2035 2767 sexta
2052 2712 2252 2781 jejunet
2278 2716 2341 2768 ad
2367 2731 2584 2779 nonam;
2616 2728 2669 2771 et
2698 2733 2728 2770 a
2774 2734 2931 2772 carne
2967 2730 3020 2772 et
3065 2722 3317 2790 sagimine
3357 2733 3411 2777 et

1888 2802 2011 2855 vino
2038 2810 2200 2857 totum
2238 2818 2471 2858 mensem
2512 2819 2567 2857 se
2601 2805 2875 2859 abstineat.
2928 2806 3099 2861 Alium
3130 2818 3301 2863 autem
3328 2812 3406 2864 ci-

1888 2888 2011 2942 bum
2034 2930 2049 2955 ,
2095 2900 2369 2961 postquam
2408 2893 2636 2961 psalmos
2672 2896 2994 2964 sdpradictos
3035 2897 3409 2963 decantaverit,

1888 2983 2076 3029 sumat.
2114 2976 2420 3032 lstoordine
2450 2988 2593 3033 totus
2612 2981 2696 3035 ille
2724 2994 2889 3036 annus
2920 2985 3248 3040 redimendus
3273 2996 3371 3041 est.

2398 3087 2780 3144 CAPITULUM
2833 3093 2894 3145 ν.
3142 3094 3145 3097 ’
3318 3100 3337 3127 κ

1892 3152 1967 3205 De
1980 3152 2087 3235 illis
2113 3155 2199 3233 qui
2218 3154 2457 3233 jej'unare
2483 3174 2581 3235 non
2602 3168 2831 3235 possunt,
2855 3170 2900 3211 et
2922 3164 3169 3235 nesciunt,
3200 3181 3407 3235 quomo-

1958 3221 2024 3300 da
2050 3221 2391 3289 paenitentiam
2415 3225 2564 3303 unius
2594 3221 2735 3288 anni,
2766 3244 2910 3303 quem
2941 3221 3179 3303 jejunare
3205 3221 3404 3296 debent,

1956 3290 2010 3340 in
2036 3305 2165 3357 pane
2191 3300 2237 3342 et
2264 3307 2395 3359 aqua
2423 3293 2664 3346 redimere
2687 3290 2897 3363 possint.

1956 3376 1981 3412 ά
2014 3376 2113 3441 Qui
2147 3390 2273 3430 vero
2310 3378 2539 3446 psalmos
2585 3395 2689 3434 non
2721 3383 2902 3447 novit,
2942 3391 2996 3437 et
3027 3383 3265 3452 jejunare
3302 3404 3404 3444 non

1886 3472 2080 3531 potest,
2105 3481 2206 3533 pro
2227 3481 2331 3519 uno
2356 3482 2492 3521 anno
2518 3484 2672 3535 quem
2702 3471 2754 3523 in
2771 3486 2906 3538 pane
2930 3482 2986 3525 et
3017 3490 3153 3542 aqua
3170 3476 3407 3543 jejunare

1886 3552 2077 3616 debet,
2112 3553 2199 3606 det
2227 3554 2543 3623 pauperibus
2569 3556 2620 3610 in
2662 3556 3040 3628 eleemosynam
3069 3563 3250 3631 viginti
3278 3566 3405 3621 duos

1890 3640 2103 3711 [viginti
2148 3641 2261 3712 sex]
2292 3643 2512 3708 solidos,
2552 3653 2605 3697 et
2632 3659 2814 3700 omnes
2850 3658 3027 3702 sextas
3076 3649 3234 3707 ferias
3269 3652 3403 3724 jeju-

1886 3738 1972 3780 net
2001 3729 2052 3780 in
2080 3743 2213 3797 pane
2246 3738 2298 3782 et
2325 3745 2457 3799 aqua
2478 3771 2493 3795 ,
2536 3739 2594 3785 et
2616 3739 2738 3807 tres
2756 3734 3194 3804 quadragesimas,
3228 3742 3277 3794 id
3303 3751 3405 3806 est,

1883 3819 2225 3887 quadraginta
2250 3821 2361 3872 dies
2380 3828 2500 3874 ante
2522 3821 2741 3885 Pascha,
2774 3826 3116 3894 quadraginta
3141 3830 3250 3883 dies
3282 3841 3402 3886 ante

1880 3906 2214 3959 festivitatem
2236 3908 2399 3960 sancti
2422 3907 2637 3964 Joannis
2665 3911 2905 3979 Baptista:
2929 3932 2940 3965 :
2966 3923 3018 3967 et
3040 3916 3081 3969 si
3122 3926 3240 3970 ante
3260 3917 3401 3972 festi-

1879 3993 2089 4046 vitatem
2112 3993 2308 4062 aliquid
2329 3999 2659 4061 remanserit,
2674 4006 2851 4066 postea
2877 4001 3174 4070 adimpleat.
3198 4005 3262 4058 Et
3273 4020 3402 4074 qua.

1878 4083 2119 4150 draginta
2145 4082 2255 4138 dics
2277 4092 2396 4139 ante
2422 4084 2601 4139 Natale
2614 4086 2839 4141 Domini.
2861 4089 2915 4142 In
2942 4089 3055 4144 istis
3084 4092 3249 4147 tribus
3272 4110 3398 4163 qua-

1878 4173 2186 4239 dragesimis
2215 4174 2467 4242 quidquid
2498 4174 2575 4226 ori
2605 4190 2700 4227 suo
2728 4188 3049 4245 praeparatur
3073 4180 3123 4233 in
3150 4182 3285 4245 cibo,
3315 4184 3398 4238 vel

1875 4259 1926 4313 in
1946 4268 2069 4327 potu
2099 4301 2111 4324 ,
2139 4261 2219 4315 vel
2241 4260 2594 4329 cujuscunque
2622 4262 2845 4331 generis
2867 4264 2939 4316 sit
2964 4304 2979 4327 ,
3023 4264 3147 4319 illud
3176 4269 3399 4323 estimet

1802 4388 1853 4447 Β
1879 4350 2059 4417 quanti
2075 4350 2227 4418 pretii
2257 4350 2343 4412 sit,
2373 4348 2454 4401 vel
2476 4363 2591 4401 esse
2618 4351 2811 4418 possit;
2834 4359 2887 4404 et
2910 4352 3241 4408 medietatem
3260 4357 3397 4411 illius

1876 4439 2031 4505 pretii
2059 4437 2339 4491 distribuat
2357 4440 2407 4491 in
2428 4439 2807 4507 eleemosyuam
2832 4445 3166 4512 pauperibus,
3183 4454 3246 4513 _et
3272 4448 3401 4500 assi-

1877 4528 1976 4579 due
2003 4535 2116 4580 oret
2139 4534 2193 4580 et
2235 4531 2382 4596 roget
2402 4526 2708 4593 Dominum,
2739 4538 2796 4582 ut
2825 4533 2994 4586 oratio
3037 4532 3149 4600 ejus
3175 4544 3230 4591 et
3258 4536 3395 4590 eice-

1875 4630 2103 4684 mosyua:
2132 4612 2245 4681 ejus
2278 4616 2411 4684 apud
2442 4614 2606 4670 Deum
2632 4620 2975 4685 acceptabiles
2996 4622 3119 4674 sint.

2380 4724 2759 4780 CAPITULUM
2797 4728 2877 4781 Vl.

1878 4808 1952 4862 De
1996 4811 2331 4883 redemptione
2377 4817 2527 4866 unius
2557 4816 2697 4878 anni,
2740 4833 2883 4885 quem
2906 4820 3142 4886 perstitere
3171 4822 3312 4876 debet
3338 4826 3394 4877 in

2439 4899 2571 4952 parte
2599 4894 2647 4936 et
2670 4902 2819 4953 aqua.

1948 5001 1971 5028 ο
1994 4990 2120 5045 item
2148 4993 2235 5060 qui
2261 4991 2499 5061 jejuuare
2531 5012 2633 5050 non
2662 5009 2851 5066 potest,
2881 5010 2933 5056 et
2952 5003 3232 5060 observare
3256 5008 3394 5077 quod

1875 5084 1924 5136 in
1949 5081 2295 5138 Ptenitcntiali
2323 5087 2571 5155 scriptum
2596 5099 2692 5155 est,
2727 5091 2882 5147 faciat
2909 5095 3007 5149 hoc
3025 5100 3160 5166 quod
3182 5106 3395 5153 sanctus

1875 5174 2169 5233 Bonifacius
2189 5190 2320 5244 papa
2340 5178 2606 5232 constituit
2625 5196 2719 5249 pro
2746 5198 2850 5236 uno
2877 5184 2979 5249 die,
3002 5201 3154 5254 quem
3178 5186 3231 5240 in
3256 5202 3395 5257 pane

1879 5270 1929 5317 et
1955 5278 2086 5332 aqua
2112 5266 2366 5332 paenitere
2391 5266 2560 5321 debet.
2611 5268 2776 5339 Roget
2796 5274 3154 5343 presbyterum
3184 5285 3237 5330 ut
3263 5276 3393 5333 mis-

1941 5396 1965 5436 ἀ
2005 5398 2221 5473 Begino,
2254 5400 2290 5454 l.
2318 5418 2375 5473 ιι,
2401 5416 2448 5456 c.
2477 5402 2567 5459 ul
2595 5421 2606 5466 ;
2638 5404 2852 5471 Burch.,
2890 5409 2922 5461 l.
2950 5426 3058 5473 xtx,
3086 5426 3133 5466 c.
3163 5411 3231 5464 20

1945 5478 1967 5505 ο
2005 5466 2283 5544 Painitent.
2315 5470 2489 5533 Rom.,
2525 5473 2603 5526 lit.
2629 5476 2677 5544 9,
2711 5491 2824 5544 cap.
2842 5466 2945 5539 '28;
2978 5466 3265 5535 Bu'rchard.
3295 5478 3387 5538 lii).

1872 5551 1982 5602 x11,
2010 5552 2055 5591 c.
2082 5536 2140 5590 Si
2167 5556 2180 5605 ;
2215 5537 2319 5603 lvo,
2352 5556 2401 5609 p.
2431 5556 2512 5607 xv,
2539 5558 2584 5595 c.
2621 5542 2711 5595 ‘20!
2740 5560 2751 5610 ;
2776 5536 2853 5597 ἐκ
2884 5536 3170 5601 Theodoro.

2894 5699 2969 5760 30
