3922 6222
508 321 605 377 939

503 445 612 484 sam
637 436 803 482 cantet
828 443 920 495 pro
946 443 1006 482 eo
1031 467 1045 493 ,
1094 430 1193 483 nisi
1224 430 1327 484 sint
1354 432 1567 485 crimina
1596 435 1864 500 capitalia,
1900 447 2014 499 qua)
2045 438 2086 490 Λ

503 518 734 570 eOnf‘essa
771 517 913 584 prius
943 517 1104 569 lavari
1144 533 1261 570 cum
1286 518 1524 587 lacrymis
1549 520 1753 573 debent.
1795 522 1857 572 Et
1888 530 2007 572 tunc

504 605 610 678 ipse
633 604 795 666 adsit,
841 612 893 655 et
918 602 1111 655 audiat.
1149 603 1213 655 Et
1243 605 1423 656 devote
1453 605 1561 671 ipse
1586 605 1765 657 otl'erat
1789 605 2009 672 propriis

501 691 738 744 manibus
766 707 949 759 panem
994 702 1046 744 et
1089 692 1265 744 vinum
1306 693 1542 745 manibus
1584 693 1903 755 sacerdotis;
1957 699 2010 744 et

499 782 693 834 intente
735 783 1068 848 respondeat,
1111 791 1358 850 quantum
1393 783 1546 849 sapit,
1593 786 1654 837 a.l
1677 784 2006 836 salutationes

497 874 547 919 et
573 869 960 920 exhortationes
988 869 1273 920 sacerdotis
1299 886 1310 918 :
1356 878 1408 920 et
1433 871 1695 923 humiliter
1731 871 2004 922 Dominum

495 955 822 1021 deprecetur.
867 963 923 1006 ut
965 955 1157 1007 oblatio
1185 969 1338 1020 quam
1378 956 1485 1023 ipse
1521 965 1572 1008 et
1617 959 1886 1025 presbyter
1912 973 2006 1024 pro

494 1055 548 1094 se
572 1051 624 1094 et
653 1057 745 1108 pro
777 1039 1002 1108 pecc'atis
1030 1042 1137 1093 suis
1165 1041 1268 1094 Deo
1296 1043 1569 1106 obtulerat,
1613 1045 1746 1097 Deus
1773 1045 2007 1111 omnipo-

493 1137 608 1184 tens
657 1129 1061 1180 misericorditer
1104 1142 1196 1193 per
1241 1129 1478 1194 angelum
1541 1145 1689 1182 suum
1745 1131 2005 1196 suscipere

491 1217 761 1284 dignetur;
799 1223 852 1268 et
875 1229 935 1267 eo
964 1215 1045 1267 die
1065 1223 1278 1282 excepto
1305 1217 1440 1278 vino,
1467 1231 1621 1269 carne
1660 1225 1710 1269 et
1735 1218 2002 1284 sagimine,

491 1303 728 1356 comedat
752 1301 1001 1369 quidquid
1039 1301 1176 1364 vult,
1212 1310 1265 1354 et
1291 1302 1365 1355 sic
1391 1303 1610 1364 redimat
1639 1303 1867 1371 reliquos
1895 1305 2005 1358 dies

492 1404 632 1442 alii”.

985 1477 1364 1533 CAPITULUM
1402 1477 1506 1531 VII.

491 1565 560 1618 De
584 1568 645 1618 iis
673 1566 759 1633 qui
777 1566 1015 1634 jejunare
1040 1581 1137 1616 non
1166 1573 1371 1644 possunt
1389 1605 1411 1644 ,ν
1428 1575 1472 1617 ει
1500 1565 1677 1618 habent
1711 1568 1840 1617 unde
1867 1567 2003 1616 redi-

1059 1648 1191 1682 mere
1226 1643 1434 1698 possint.

557 1731 581 1757 ι
611 1717 666 1770 Si
696 1717 812 1785 quis
857 1717 988 1770 forte
1028 1731 1131 1769 non
1172 1725 1342 1784 potest
1374 1715 1638 1783 ieiunare,
1685 1726 1738 1771 et
1762 1718 1999 1771 habuerit
2031 1740 2077 1798 Β

490 1807 623 1871 unde
671 1805 927 1858 redimere
975 1805 1171 1884 ppssit,
1219 1804 1264 1857 si
1293 1804 1436 1857 dives
1461 1805 1641 1867 fuerit,
1687 1819 1780 1872 pro
1805 1811 2002 1870 septem

491 1892 896 1948 hebdomadibus
944 1893 1030 1945 det
1073 1892 1260 1945 solidos
1302 1893 1501 1960 viginti.
1559 1892 1613 1945 Si
1639 1907 1740 1944 non
1763 1892 2006 1944 habuerit

490 1986 624 2037 unde
651 1991 849 2035 tantum
879 1983 1002 2035 dare
1031 1982 1226 2048 possit,
1256 1983 1341 2034 det
1364 1983 1539 2033 decem
1575 1981 1782 2034 solidos.
1837 1979 1890 2032 Si
1919 1995 2005 2033 au-

489 2079 591 2121 tem
618 2069 832 2121 multum
869 2083 1066 2134 pauper
1096 2065 1280 2127 fuerit,
1309 2067 1394 2118 det
1430 2066 1619 2118 solidos
1654 2075 1774 2118 tres.
1821 2065 1998 2118 Nemi—

490 2172 608 2208 nem
645 2155 945 2215 conturbet,
973 2154 1108 2221 quod
1137 2152 1387 2218 iussimus
1423 2152 1545 2205 dare
1578 2151 1767 2205 solidos
1802 2152 1998 2220 viginti,

489 2249 578 2294 aut
601 2241 786 2298 minus,
820 2240 939 2305 quia
965 2238 1164 2291 facilius
1187 2246 1268 2290 est
1283 2237 1385 2324 )lli,
1430 2237 1472 2288 si
1502 2237 1644 2288 dives
1669 2236 1841 2297 fuerit,
1880 2238 2004 2288 dare

489 2331 680 2383 solidos
727 2329 909 2396 viginti
938 2368 952 2391 ,
1006 2342 1160 2394 quam
1192 2323 1405 2392 pauperi
1449 2333 1568 2376 tres.
1636 2323 1736 2375 Sed
1774 2325 2003 2375 attendat

490 2420 846 2486 unusquisque
886 2417 967 2468 cui
1009 2417 1133 2467 dare
1157 2415 1359 2474 debeat,
1400 2413 1505 2465 sive
1532 2426 1624 2478 pro
1653 2411 2003 2476 redemptione

486 2511 806 2578 captivorum
830 2547 844 2570 ,
871 2507 977 2560 sive
1003 2519 1159 2571 super
1193 2511 1426 2556 sanctum
1448 2502 1632 2564 altare,
1661 2513 1750 2552 seu
1776 2499 1866 2552 Dei
1893 2514 2004 2552 ser-

485 2600 588 2662 vis,
613 2606 704 2651 aut
734 2595 1048 2664 pauperibus
1072 2594 1124 2646 in
1152 2592 1551 2658 eleemosynam.

970 2697 1350 2753 CAPITULUM
1389 2695 1514 2749 VIII.

490 2792 564 2845 De
595 2793 655 2844 iis
683 2791 767 2859 qui
803 2805 901 2842 non
919 2796 1122 2857 possunt
1143 2785 1413 2863 adimplere
1437 2782 1569 2851 quod
1593 2783 1643 2832 in
1670 2779 2001 2832 Pwnitentiali

1071 2860 1310 2919 scriptum
1335 2860 1426 2902 est.

558 2948 586 2988 ιι
608 2947 707 3011 Qui
735 2961 835 2998 non
875 2949 1091 3011 possunt
1129 2942 1204 2993 sie
1245 2952 1406 3006 agere.
1435 2936 1810 3004 pceuitentiam,
1837 2942 1893 2985 ut
1915 2949 2000 2985 su-

1454 327 1777 381 TIIEODL‘III
1818 327 2118 379 ARCIILISI’.
2157 328 2676 386 CANTUARIENSIS

3513 327 3616 383 940

2614 438 2991 492 CAPITULUM
3024 437 3096 494 Χ.

2378 524 2450 575 De
2488 525 2817 592 redemptione
2852 534 3032 592 septem
3061 535 3324 574 annorum.

2173 608 2296 662 Item
2362 611 2461 662 alio
2524 613 2676 664 modo
2739 611 3004 664 duodecim
3075 611 3330 678 triduum
3397 609 3612 676 singula:

2107 711 2220 748 cum
2246 697 2507 762 psalteriis
2541 699 2704 751 tribus
2732 698 2982 764 impletis,
3016 705 3066 750 et
3093 711 3208 749 eum
3244 696 3484 762 pullatis
3507 705 3613 747 tre-

2106 785 2268 836 centis
2313 800 2407 851 per
2453 785 2650 853 singula
2693 785 2936 851 psalteria
2985 793 3230 836 excusant
3279 788 3436 835 ullus
3485 784 3610 836 anni

2104 869 2475 934 pmnitentiam.
2514 871 2576 922 Et
2616 870 2796 937 viginti
2840 877 3060 937 quatuor
3099 869 3340 922 bidua'w
3368 869 3610 921 vnuliter

2104 969 2221 1006 cum
2259 954 2513 1021 psalteriis
2560 955 2811 1022 impletis,
2857 965 2909 1008 et
2947 971 3063 1008 cum
3099 955 3335 1022 palmatis
3361 958 3609 1009 trecentis

2104 1051 2195 1104 per
2221 1039 2417 1105 singula
2443 1040 2681 1106 psalteria
2711 1049 2958 1093 excusant
2979 1041 3104 1093 duos
3133 1055 3315 1092 annos.
3341 1053 3362 1079 ε
3390 1041 3610 1107 Septua-

2103 1122 2240 1187 ginta
2282 1123 2504 1189 quinque
2542 1125 2723 1189 psalmi
2761 1140 2876 1177 cum
2919 1125 3154 1192 palmatis
3191 1127 3433 1180 trecentis
3454 1141 3613 1179 excu-

2103 1213 2217 1256 sant
2232 1206 2528 1258 biduanam.
2547 1207 2762 1259 Centum
2782 1209 2962 1274 psalmi
2984 1225 3100 1261 cum
3119 1211 3356 1276 palmatis
3370 1212 3615 1264 trecentis

2102 1297 2351 1341 excusant
2388 1289 2697 1342 triduanam.
2749 1291 2966 1344 Centum
2999 1295 3180 1361 viginti
3208 1297 3377 1348 missa:
3405 1298 3610 1363 specia—

2102 1374 2177 1426 les
2201 1375 2412 1443 singulze
2453 1394 2570 1431 eum
2613 1379 2776 1432 tribus
2816 1381 3101 1446 psalteriis,
3149 1391 3337 1435 etcum
3365 1385 3613 1436 trecentis

2102 1461 2341 1528 palmatis
2375 1475 2622 1518 excusant
2665 1483 2875 1520 annum.
2951 1469 3167 1522 Centum
3211 1472 3359 1524 solidi
3405 1473 3510 1525 dati
3554 1474 3607 1522 in

2100 1547 2477 1619 eleemosynam
2508 1568 2698 1605 annum
2721 1564 2989 1606 excusant.

2545 1657 3003 1713 CAPITULUM
3059 1660 3154 1712 XI.

2614 1743 2688 1795 De
2715 1747 3080 1810 pauitantibus.

2171 1830 2194 1866 ἀ
2225 1830 2291 1882 Ut
2320 1846 2367 1881 tu
2393 1831 2561 1897 capite
2591 1829 2770 1898 jejunii
2794 1848 2972 1884 omnes
2994 1834 3196 1900 publice
3217 1831 3522 1901 praenitentes
3557 1837 3616 1888 in

2105 1917 2311 1970 civitate
2333 1918 2542 1969 veniant
2569 1925 2687 1970 ante
2714 1918 2852 1974 fores
2874 1921 3105 1974 ecclesia:
3129 1923 3278 1974 nudis
3295 1923 3530 1990 pedibus,
3552 1937 3609 1976 es

2104 2005 2271 2057 cilicio
2318 2005 2479 2058 induti
2510 2007 2748 2073 episcopo
2784 2021 2878 2058 suo
2920 2023 2976 2061 se
3021 2019 3408 2077 reprznsentent.
3436 2011 3495 2063 In
3523 2028 3612 2064 ca-

2101 2090 2206 2157 pite
2234 2089 2648 2158 Quadragesimae
2675 2107 2856 2145 omnes
2883 2095 3214 2160 poenitentes,
3237 2098 3323 2164 qui
3350 2099 3611 2162 publicam

2102 2177 2388 2242 suscipiunt
2411 2185 2499 2228 aut
2526 2189 2862 2244 susceperunt
2905 2180 3282 2245 pmoitentiam,
3323 2192 3440 2234 ante
3467 2185 3611 2238 fores

2101 2263 2330 2315 ecclesia:
2357 2277 2413 2314 se
2446 2274 2813 2329 reprmsentent
2833 2267 3072 2333 episcopo
3099 2283 3252 2321 sacco
3290 2270 3476 2333 induti,
3505 2274 3613 2321 ml-

2102 2349 2237 2400 tibus
2275 2350 2324 2399 in
2367 2357 2557 2400 terram
2583 2332 2874 2416 prostratis,
2917 2332 3033 2406 reos
3066 2369 3120 2406 se
3146 2370 3260 2408 esse
3289 2357 3400 2424 ipso
3427 2332 3608 2409 babitu

2099 2443 2150 2487 et
2178 2436 2318 2488 vultu
2357 2435 2751 2502 proclamantes.
2779 2438 2854 2491 Ibi
2897 2439 3080 2492 adesse
3107 2441 3295 2494 debent
3342 2444 3612 2510 archipre-

2100 2521 2290 2588 sbyteri
2317 2523 2697 2588 parochiarum,
2722 2524 2773 2575 id
2807 2531 2903 2586 est,
2939 2526 3226 2592 presbyteri
3250 2528 3613 2592 pceniteatium

2100 2627 2186 2677 qui
2231 2625 2408 2662 eorum
2439 2612 2881 2663 conversationem
2929 2611 3205 2678 diligenter
3230 2613 3483 2679 inspicere
3518 2616 3609 2666 de-

2099 2699 2243 2759 bent,
2274 2706 2325 2750 et
2373 2699 2653 2750 secundum
2695 2699 2902 2750 modum
2935 2701 3096 2766 culpa:
3134 2701 3488 2774 paenitentiam
3516 2717 3610 2768 per

2097 2785 2334 2850 praeﬁxos
2373 2786 2563 2852 gradus
2609 2785 2894 2853 injungant.
2938 2786 3062 2839 Post
3102 2788 3211 2840 brec
3247 2788 3298 2839 in
3333 2789 3609 2841 ecclesiam

2098 2890 2189 2927 eos
2233 2877 2546 2937 introducat,
2575 2884 2771 2928 etcum
2819 2878 2957 2930 omni
3010 2878 3150 2929 clero
3197 2886 3391 2944 septem
3438 2881 3610 2944 penni-

2103 2963 2340 3015 tentialcs
2367 2963 2592 3029 psalmos
2640 2965 2690 3014 in
2731 2973 2922 3016 terram
2967 2971 3262 3030 prostratus
3305 2964 3614 3033 cumlaery-

493 3037 668 3106 perius
689 3037 940 3096 diximus,
979 3033 1134 3085 faciat
1174 3030 1266 3082 sic.
1315 3027 1370 3080 Si
1410 3034 1515 3079 tres
1544 3040 1706 3119 annos
1734 3024 2075 3119 continuosc
2106 3049 2203 3102 mis
2221 3065 2317 3119 pm
2358 3024 2538 3103 ("mrum
2584 3049 2906 3102 absolutione
2951 3024 3208 3101 decantet.
3253 3049 3399 3100 Tunc
3435 3024 3614 3102 rem}-

489 3129 718 3196 iejunare
744 3127 924 3186 debet,
957 3131 1009 3176 et
1024 3121 1261 3196 jejunare
1288 3132 1388 3170 non
1420 3123 1608 3183 potest,
1647 3115 1722 3166 sic
1750 3113 2002 3164 redimere

492 3224 683 3285 potest.
706 3213 879 3264 Primo
900 3224 1034 3262 anno
1055 3193 1231 3273 eroget
1252 3206 1440 3257 solidos
1461 3202 1633 3269 viginti
1652 3198 1784 3268 βω]
1805 3200 1854 3250 ἱιι
1872 3197 2003 3249 elec-

492 3318 782 3372 tnosynam.
802 3299 1041 3352 Secundo
1056 3311 1190 3349 anno
1213 3301 1389 3361 eroget
1408 3291 1599 3343 solidos
1613 3288 1813 3354 viginti,
1828 3295 1879 3339 et
1903 3295 2004 3338 ter-

490 3397 563 3447 tio
592 3406 726 3445 anno
749 3389 1033 3442 octodecim
1078 3383 1297 3444 solidos,
1344 3383 1439 3434 hoc
1464 3386 1542 3431 est
1567 3417 1580 3439 ,
1626 3377 1816 3431 solidos
1857 3390 2005 3428 sexa-

491 3485 631 3553 ginta
680 3487 920 3548 quatuor.
977 3474 1217 3526 Potentes
1254 3480 1423 3523 autem
1467 3468 1701 3520 homines
1735 3465 1850 3530 plus
1879 3464 2005 3515 dare

493 3550 702 3629 debent,
731 3567 849 3632 quia
871 3564 952 3616 cui
987 3562 1101 3628 plus
1131 3557 1486 3613 committitur,
1524 3554 1640 3621 plus
1664 3553 1728 3603 ab
1749 3566 1810 3602 eo
1834 3550 2006 3616 exige-

495 3665 608 3717 tur;
657 3653 744 3719 qui
789 3649 966 3702 illicita
1014 3645 1377 3705 committunt,
1427 3642 1582 3694 etiam
1611 3654 1639 3690 a
1670 3637 1824 3690 licitis
1847 3637 2006 3688 absti-

493 3756 615 3795 nere
640 3740 846 3800 debent,
879 3745 930 3788 et
953 3747 1139 3800 corpus
1166 3731 1354 3783 debent
1374 3727 1599 3796 afﬂigere
1619 3723 1844 3791 jcjuniis,
1871 3721 2004 3788 vigi-

493 3832 577 3883 liis
600 3869 612 3892 ,
659 3837 711 3880 et
759 3825 957 3879 crebris
1001 3819 1339 3874 orationibus.
1379 3816 1512 3868 Caro
1535 3813 1671 3865 enim
1703 3811 1816 3861 laeta
1845 3807 2005 3859 trahit

494 3919 559 3970 ad
582 3917 806 3982 culpam,
833 3911 1025 3963 amicta
1045 3916 1216 3962 autem
1247 3904 1445 3956 reducit
1477 3900 1540 3952 ad
1567 3898 1790 3950 veniam.

997 4009 1376 4068 CAPITULUM
1413 4007 1499 4060 IX.

491 4111 565 4163 De
585 4109 646 4161 iis
671 4107 755 4174 qui
784 4105 1020 4172 jejunare
1053 4115 1152 4174 non
1188 4105 1410 4174 possunt,
1431 4110 1524 4174 nec
1555 4093 1734 4144 habent
1765 4089 1896 4142 unde
1929 4102 2006 4140 re-

1035 4168 1222 4218 dimere
1249 4168 1457 4231 possint.

560 4264 658 4330 Qui
681 4262 917 4330 jejunare
957 4271 1056 4309 non
1087 4261 1291 4321 potest,
1327 4261 1377 4303 et
1404 4265 1506 4303 non
1528 4249 1685 4301 habet
1706 4247 1840 4300 unde
1869 4245 2004 4298 redi-

494 4316 620 4418 maI,
647 4316 700 4406 εἰ
728 4316 951 4419 psalmos
974 4316 1134 4406 novit,
1161 4358 1255 4411 pro
1276 4356 1378 4394 uno
1411 4340 1514 4402 die,
1546 4351 1699 4405 quem
1727 4337 1776 4388 in
1799 4349 1930 4402 pane
1953 4342 2006 4386 et
2030 4316 2080 4376 D

496 4458 629 4510 aqua
650 4442 886 4509 jejunare
913 4436 1084 4496 debet,
1111 4432 1275 4484 tribus
1300 4430 1500 4482 vicibus
1523 4426 1667 4479 Beati
1698 4422 2005 4476 immaculati

496 4544 658 4598 usque
689 4527 751 4579 ad
783 4525 1052 4576 Dominum
1078 4515 1441 4571 contribularer
1488 4515 1752 4575 decantet;
1807 4518 1858 4564 et
1894 4525 2008 4562 sex-

495 4619 593 4671 ties
621 4614 858 4678 Miserere
879 4611 974 4662 mei
999 4607 1152 4666 Deus,
1170 4613 1221 4658 et
1242 4602 1535 4670 septuagies
1557 4606 1847 4667 prosternat
1872 4611 1926 4649 se
1957 4598 2006 4647 in

501 4719 688 4762 terram
709 4683 725 4764 Ι,
773 4712 824 4756 ct
849 4717 941 4770 per
981 4700 1209 4766 singulas
1245 4693 1626 4764 genuﬂexiones
1664 4689 1815 4741 Pater
1845 4698 2011 4738 noster

501 4799 758 4850 decantet.
811 4792 907 4855 Qui
954 4799 1126 4840 autem
1167 4785 1390 4852 psalmos
1425 4781 1626 4842 nescit,
1671 4793 1767 4846 pro
1798 4792 1900 4829 uno
1928 4776 2010 4828 die

501 4899 653 4954 quem
681 4883 883 4949 inpane
912 4884 962 4932 ct
1000 4890 1132 4943 aqua
1169 4873 1402 4939 jejunare
1447 4871 1625 4932 debet,
1671 4867 1864 4921 centies
1889 4878 2012 4932 pro-

500 4981 696 5030 sternat
725 4987 780 5024 se
820 4971 876 5020 in
919 4976 1111 5020 terram
1135 5004 1150 5026 ,
1180 4972 1231 5016 et
1265 4977 1355 5030 per
1385 4960 1611 5027 singulas
1634 4955 2014 5025 genuﬂexiones

510 5064 659 5114 Pater
679 5069 844 5113 noster
870 5057 1124 5110 decantet.

571 5224 595 5250 ι
630 5209 813 5262 Pmnit.
841 5207 1014 5267 Rmn.,
1043 5204 1122 5256 tit.
1166 5203 1216 5262 9,
1259 5217 1304 5254 c.
1335 5199 1432 5268 29;
1479 5197 1763 5268 l_lalitgar.;
1789 5193 2007 5268 Regino,

502 5280 538 5330 l.
565 5295 623 5339 ιι,
657 5294 702 5329 c.
724 5277 853 5334 458;
876 5262 1084 5332 liurcln,
1111 5272 1143 5323 1.
1173 5286 1280 5330 xix,
1305 5285 1351 5321 c.
1374 5266 1471 5339 :37};
1495 5262 1676 5339 Ivo._p.
1710 5279 1794 5339 xv,
1814 5279 1859 5313 ο.
1885 5262 2005 5311 ‘20'2.

576 5330 823 5397 lt'I’renit.
845 5330 1022 5403 'Rom.,
1051 5330 1128 5393 tit.
1153 5340 1201 5399 9,
1232 5353 1345 5402 cap.
1375 5334 1468 5395 30;
1495 5330 1861 5403 IIegIIIO,AI:_Il,
1890 5344 2005 5396 cap.

504 5415 636 5474 4&5;
666 5412 882 5471 Burch.,
910 5409 943 5459 l.
973 5398 1077 5478 xix,
1106 5426 1150 5461 c.
1179 5408 1275 5467 ‘25;
1299 5398 1406 5463 Ivo,
1439 5416 1488 5468 p.
1527 5398 1609 5478 xv,
1639 5414 1688 5478 c.
1719 5398 1838 5478 205.
1877 5463 1888 5474 ⁸

577 5493 596 5518 ο
626 5468 721 5533 Ista
749 5494 776 5530 a
804 5468 943 5530 nullo
972 5477 1184 5544 antiquo
1221 5482 1432 5526 auctore
1468 5468 1816 5522 ecclesiastico
1845 5468 2009 5516 citan-

510 5559 592 5602 tur
612 5565 675 5604 ex
701 5547 986 5601 Theodoro.

2104 3152 2228 3204 gens
2253 3136 2317 3189 ab
2341 3137 2596 3198 oratione,
2620 3135 2767 3202 juxta
2796 3138 2932 3203 quod
2957 3150 3182 3188 canones
3202 3136 3404 3202 jubent,
3430 3149 3616 3188 manus

2103 3224 2179 3274 eis
2207 3225 2453 3289 imponat,
2486 3239 2672 3287 aquam
2717 3223 3041 3275 bene-dictam
3071 3236 3225 3288 super
3266 3235 3354 3273 eos
3381 3232 3612 3291 spargat,

2103 3307 2331 3360 cinerem
2374 3311 2513 3376 prius
2559 3311 2747 3388 mittat.
2772 3306 3174 3400 Deinde’cilicio
3215 3309 3383 3373 capita
3432 3325 3613 3361 eorum

2104 3396 2380 3461 cooperiat,
2405 3405 2456 3447 et
2483 3411 2598 3448 cum
2625 3397 2817 3464 gemitu
2841 3404 2893 3448 et
2917 3396 3117 3448 crebris
3155 3397 3390 3463 suspiriis
3417 3397 3494 3448 eis
3520 3397 3612 3448 de-

2105 3485 2322 3545 nuntiet,
2350 3486 2482 3550 quod
2511 3485 2644 3536 sicut
2669 3485 2833 3536 Adam
2859 3485 3119 3551 proiectus
3137 3493 3220 3536 est
3239 3485 3300 3535 de
3341 3484 3606 3550 paradiso,

2104 3571 2172 3621 ita
2203 3579 2255 3622 et
2278 3571 2372 3637 ipsi
2400 3586 2493 3638 pro
2521 3574 2745 3638 peccatis
2771 3573 2835 3624 ab
2869 3573 3088 3624 ecclesia
3117 3571 3449 3637 abjiciuntur.
3479 3571 3606 3625 Post

2104 3658 2405 3725 haecjubeat
2431 3659 2710 3721 ministris,
2738 3666 2794 3711 ut
2833 3673 2924 3712 eos
2954 3669 3102 3712 extra
3131 3658 3342 3725 januatu
3379 3661 3616 3714 ecclesia:

2101 3745 2376 3811 expellant.
2417 3745 2598 3797 Clerus
2623 3760 2746 3797 vero
2771 3747 3100 3813 prosequitur
3123 3749 3223 3799 eos
3255 3761 3371 3799 cum
3400 3762 3613 3814 respon-

2103 3833 2241 3886 sorio
2291 3851 2302 3884 :
2351 3832 2414 3884 In
2441 3833 2624 3884 sudore
2653 3834 2814 3884 vultus
2852 3835 2952 3894 tui,
3004 3842 3106 3886 etc.
3141 3833 3205 3886 Ut
3233 3834 3467 3886 videntes
3495 3849 3615 3884 san—

2104 3928 2241 3972 ctam
2289 3919 2572 3972 Ecclesiam
2628 3933 2720 3985 pro
2763 3918 3078 3970 facinoribus
3106 3920 3212 3971 suis
3256 3918 3612 3970 tremefactam

2103 4015 2258 4074 atque
2305 4013 2636 4066 commotam,
2667 4020 2767 4057 non
2811 4006 3187 4072 parvipendaut
3235 4004 3613 4071 pmnitentiam.

2103 4095 2157 4147 In
2197 4108 2345 4148 saera
2390 4101 2562 4145 autem
2591 4092 2792 4146 Domini
2819 4106 2966 4145 cinna
2994 4105 3176 4142 rursus
3202 4090 3266 4143 ab
3291 4105 3472 4143 eorum
3497 4104 3616 4157 pre-

2103 4183 2330 4251 sbyteris
2351 4181 2585 4234 ecclesiae
2609 4179 2886 4233 luminibus
2921 4187 3374 4250 reprmsententnr.

2600 4287 2980 4342 CAPITULUM
3032 4287 3139 4338 XII.

2137 4357 2210 4410 De
2239 4359 2577 4411 admonitione
2610 4355 2964 4472 principalizm
3014 4355 3244 4406 vitiorum
3267 4391 3281 4415 ,
3320 4362 3366 4405 et
3405 4367 3582 4404 eorum

2721 4439 2877 4472 spem
2915 4438 2988 4472 us.

2721 4438 2988 4489 δρεειευαδ.

2179 4526 2200 4551 ε
2227 4512 2370 4565 Nunc
2391 4513 2481 4564 tibi
2514 4518 2631 4564 octo
2657 4507 2959 4576 principalia
2995 4513 3209 4574 peccata
3246 4505 3533 4572 explicabo.
3561 4502 3617 4556 Si

2108 4605 2158 4656 in
2192 4605 2288 4657 illis
2327 4612 2377 4656 te
2419 4614 2717 4670 percussum
2743 4639 2755 4659 ,
2807 4607 3018 4658 tactum,
3069 4597 3390 4648 vulneratum
3432 4595 3618 4656 sentis,

2109 4692 2224 4745 vide
2243 4707 2306 4743 ne
2330 4691 2454 4742 mihi
2476 4689 2632 4750 celes,
2651 4688 2698 4738 id
2720 4695 2816 4748 est,
2843 4686 3154 4752 superbiam,
3175 4698 3356 4735 vanam
3377 4682 3619 4750 gloriam,

2112 4783 2372 4842 invidiam,
2406 4781 2553 4840 iram,
2585 4777 2868 4838 tristitiam,
2898 4773 3188 4833 avaritiam,
3211 4771 3408 4823 ventris
3445 4768 3619 4839 inglu-

2116 4871 2265 4930 viem,
2296 4866 2569 4920 luxuriam.
2601 4864 2676 4919 Ex
2720 4863 2906 4929 quibus
2935 4860 2978 4912 si
3028 4867 3077 4911 te
3114 4855 3420 4924 culpabilem
3471 4870 3625 4908 reco—

2114 4955 2335 5023 gnoscis,
2350 4952 2701 5019 pmnitentiam
2718 4949 2937 5016 suscipe.
2954 4945 3081 4998 Nam
3107 4961 3170 4998 ex
3193 4945 3275 4996 his
3294 4943 3469 4996 omnia
3494 4943 3625 4995 vitia

2115 5043 2368 5094 oriuntur.
2401 5037 2418 5074 ί
2451 5037 2523 5090 De
2548 5035 2788 5104 superbia
2808 5073 2821 5098 ,
2847 5048 2960 5102 qua:
2990 5033 3190 5084 initium
3218 5030 3389 5083 omnis
3417 5029 3628 5096 peccati

2178 5191 2201 5230 δ
2241 5187 2508 5270 Βοεὶηολλ
2535 5203 2568 5248 ι,
2601 5201 2646 5238 c.
2671 5184 2764 5236 9.91
2789 5200 2801 5247 ;
2828 5197 2892 5234 ex
2909 5197 3059 5236 conc.
3086 5178 3396 5249 Agathensi;
3423 5177 3628 5232 Burch.

2114 5260 2202 5313 lib.
2230 5255 2337 5320 xix,
2366 5272 2412 5308 c.
2446 5255 2528 5307 56.
3119 5315 3129 5326 .

2187 5339 2207 5365 ο
2251 5327 2465 5392 Regina,
2497 5322 2643 5392 ΙίῷηιΔ
2667 5319 2730 5372 de
2759 5318 2968 5392 Egi-les;
2997 5317 3222 5392 ΒΞξειῐιεεἰ
3241 5330 3356 5381 cap.
3381 5312 3518 5376 500;
3544 5327 3639 5392 cg-

2112 5380 2355 5463 pitulare"
2383 5380 2647 5463 'I‘beodulli
2675 5402 2736 5463 _c.
2788 5387 2846 5437 51
2874 5380 3150 5463 ς-βιινφιιᾘ
3173 5380 3392 5463 lii).__xtx
3413 5421 3427 5444 ,
3473 5396 3523 5433 c.
3574 5380 3632 5434 6.

2187 5464 2202 5501 ί
2240 5461 2363 5516 Vide
2391 5457 2444 5511 S.
2474 5457 2647 5523 Greg.,
2675 5453 2706 5504 l.
2742 5468 2860 5531 xxxi
2892 5452 3091 5517 Μοηλι.³
3118 5465 3228 5516 cap.
3262 5449 3342 5500 Π.
