3922 6222
258 390 359 443 941

254 594 615 659 praesumptio,
660 604 711 647 et
745 598 1042 663 pertinacia,
1075 606 1457 671 contentiones,
1515 612 1759 674 hmreses,

256 680 579 745 arrogantia.
616 680 689 733 De
714 682 903 736 invidia
932 688 1163 741 nascitur
1183 691 1354 746 odium
1377 733 1391 755 ,
1432 699 1719 751 susurratio
1746 739 1760 761 ,

253 760 531 825 detractio,
558 767 831 822 exsultatio
854 769 903 822 in
947 773 1178 827 adversis
1206 779 1445 843 proximi,
1474 780 1680 835 afﬂictio
1710 786 1760 836 in

248 851 538 915 prosperis.
583 851 656 907 De
684 868 815 907 vana
860 856 1050 923 gloria,
1091 859 1377 928 iactantia,
1429 871 1757 938 arrogantia,

250 932 563 1003 indignatio,
586 938 840 994 discordia
860 982 874 1006 ,
918 945 1085 998 inanis
1112 948 1287 1015 gloria:
1310 953 1497 1020 cupido
1520 932 1576 1008 et
1599 958 1759 1025 hypo-

248 1020 426 1073 crisis.
474 1023 545 1074 De
573 1024 648 1077 ira
677 1028 913 1081 oriuntur
939 1031 1085 1094 ήκω,
1114 1042 1286 1089 tumor
1323 1041 1532 1103 mentis,
1582 1054 1762 1097 contu-

245 1108 440 1172 melite,
467 1112 679 1174 clamor,
712 1117 1008 1185 indignatio,
1037 1127 1387 1191 praesumptio,
1411 1129 1756 1198 blasphemia},

244 1196 517 1261 sanguinis
566 1197 765 1262 ell'usio,
796 1203 1103 1269 homicidia,
1154 1210 1433 1266 ulciscendi
1484 1217 1753 1283 cupiditas,

244 1277 559 1345 injuriarum
603 1288 867 1339 memoria.
897 1290 969 1341 De
1014 1293 1222 1347 tristitia
1263 1299 1493 1363 nascitur
1541 1302 1754 1367 malitia,

242 1380 435 1420 rancor
454 1371 635 1433 animi,
662 1375 1083 1442 pusillanimitas,
1104 1384 1417 1448 amaritudo,
1444 1388 1752 1455 desperatio,

240 1460 444 1519 torpor,
489 1458 692 1527 vagatio
735 1463 958 1527 mentis,
1016 1481 1151 1534 saepe
1192 1472 1347 1524 etiam
1395 1482 1445 1525 et
1486 1479 1756 1543 praesentis

237 1540 363 1594 vitae
405 1546 630 1597 maxima
659 1547 949 1603 delectatio.
986 1553 1057 1606 De
1090 1558 1307 1611 avaritia
1344 1562 1584 1614 oriuntur
1618 1564 1752 1617 invi-

232 1627 361 1692 dize,
403 1630 559 1695 furta,
588 1634 856 1705 latrocinia
876 1679 889 1702 ,
940 1641 1213 1697 homicidia
1232 1686 1247 1707 ,
1299 1649 1565 1702 mendacia
1588 1690 1603 1715 ,
1637 1666 1753 1719 per-

226 1713 405 1781 juria,
452 1721 673 1786 rapinae,
716 1724 1045 1792 inquietudo,
1094 1731 1375 1797 violentim,
1427 1736 1617 1804 iniusta
1667 1742 1751 1808 ju-

231 1802 401 1867 dicia,
451 1816 775 1877 contemptus
837 1816 1077 1871 veritatis
1104 1858 1118 1882 ,
1185 1820 1371 1876 futurte
1414 1802 1749 1883 beatitudinis
1782 1816 1824 1873 Β

228 1890 445 1955 oblivio,
469 1894 740 1950 obduratio
766 1901 955 1955 cordis.
985 1903 1057 1957 De
1090 1909 1289 1962 ventris
1314 1911 1539 1981 ingluvie
1563 1932 1750 1985 propa-

227 1990 388 2048 gatur
447 1984 619 2051 inepta
671 1987 883 2051 laetitia,
929 1995 1250 2062 scurrilitas,
1296 1999 1499 2067 levitas,
1558 1984 1749 2060 vanilo-

227 2068 451 2133 quinm,
504 2070 825 2126 immunditia
871 2082 1141 2145 corporis,
1180 2084 1493 2142 instabilitas
1541 2094 1745 2155 mentis,

224 2154 478 2218 ebrietas,
506 2156 683 2222 libido,
714 2161 975 2217 hebetudo
1000 2179 1201 2222 sensus.
1220 2170 1293 2224 De
1313 2172 1515 2228 luxuria
1537 2192 1748 2245 genera-

224 2250 319 2293 tur
342 2244 548 2298 caacitas
568 2249 774 2312 mentis,
804 2251 1222 2320 inconsideratio,
1246 2261 1611 2331 inconstantia,
1628 2284 1748 2322 ocu-

222 2326 398 2382 lorum
445 2333 525 2385 vel
574 2335 731 2390 totius
768 2342 998 2407 corporis
1037 2346 1410 2414 prazcipitatio,
1447 2368 1595 2407 amor
1645 2356 1742 2408 im-

223 2419 526 2473 moderatus
579 2423 696 2484 sui,
741 2427 912 2480 odium
949 2432 1309 2493 mandatorum
1352 2437 1475 2504 Dei,
1529 2443 1746 2498 all'ectus

222 2507 499 2570 praesentis
524 2510 719 2573 smculi,
746 2513 934 2567 horror
965 2526 1017 2569 et
1044 2519 1338 2587 desperatio
1360 2524 1540 2580 futuri.

702 2622 1082 2680 CAPITULUM
1129 2630 1259 2683 XIII.

221 2681 300 2735 De
339 2685 621 2751 virtutibus,
644 2692 820 2773 quibus
856 2694 1029 2773 eadem
1060 2698 1447 2773 vitia_superari
1492 2718 1737 2773 possunt;

565 2768 609 2808 et
638 2759 699 2810 de
727 2760 1044 2816 conclusione
1080 2759 1397 2833 paenitentia.

291 2839 429 2909 Ergo
473 2844 513 2896 si
542 2847 794 2911 superbus
820 2847 961 2903 fuisti
1011 2868 1172 2921 usque
1200 2858 1373 2917 modo,
1416 2861 1629 2916 humilia
1661 2876 1739 2918 te-

219 2929 392 2997 ipsum
418 2931 468 2983 in
497 2944 773 3000 conspectu
805 2936 914 2989 Dei.
941 2938 993 2990 Si
1018 2955 1203 2993 vanam
1232 2945 1448 3012 gloriam
1492 2950 1736 3015 dilexisti,

218 3017 391 3086 cogita
412 3032 474 3071 ne
498 3029 709 3087 propter
739 3025 1089 3079 transitoriam
1118 3029 1320 3085 Iaudem
1347 3045 1594 3089 aeternam
1621 3053 1738 3106 per-

216 3108 317 3160 das
345 3110 651 3161 mercedem.
684 3111 738 3164 Si
776 3113 980 3168 invi-dire
1008 3119 1190 3187 rubigo
1218 3130 1268 3174 te
1300 3122 1400 3175 huc
1429 3140 1592 3193 usque
1618 3130 1741 3183 con-

215 3194 475 3261 sumpsit,
522 3197 657 3263 quod
712 3206 790 3251 est
836 3210 1104 3267 peccatum
1153 3208 1437 3262 maximum
1490 3221 1543 3265 et
1584 3229 1739 3283 super

213 3283 392 3333 omnia
419 3284 737 3349 detestabile,
768 3289 887 3356 quia
916 3292 1119 3347 diabolo
1153 3308 1487 3366 comparatur
1511 3302 1735 3369 invidus,

212 3361 305 3438 qui
338 3373 507 3438 primo
531 3375 725 3429 homini
756 3378 940 3433 invidit
960 3382 1137 3436 datum
1166 3361 1304 3455 quod
1327 3390 1436 3457 ipse
1463 3405 1558 3459 per
1588 3409 1736 3447 suam

211 3460 419 3526 culpam
466 3465 779 3531 perdiderat,
808 3483 901 3538 age
938 3475 1326 3541 pmnitentiam,
1357 3489 1410 3534 et
1446 3482 1735 3549 profectum

136 3538 157 3553 “
210 3549 458 3614 aliorum,
490 3560 634 3607 tuum
672 3558 881 3631 deputa.
925 3558 979 3613 Si
1015 3563 1227 3617 tristitia
1259 3538 1321 3619 te
1353 3538 1593 3637 superat,
1642 3587 1735 3640 pa-

209 3639 449 3693 tientiam
495 3650 546 3694 et
584 3643 1027 3713 longanimitatem
1075 3655 1344 3709 meditare.
1400 3657 1453 3711 Si
1504 3639 1734 3716 avaritite

208 3729 427 3782 morbus
462 3739 514 3785 te
542 3742 741 3801 gravat,
774 3738 942 3805 cogita
992 3742 1129 3808 quod
1181 3746 1329 3797 radix
1379 3756 1458 3800 est
1475 3740 1731 3803 "omnium

207 3815 486 3883 malorum,
534 3828 586 3873 et
633 3821 936 3879 idololatria:
975 3840 1342 3896 comparatur:
1380 3843 1431 3888 et
1467 3837 1583 3890 ideo
1627 3838 1731 3890 lar-

207 3918 331 3971 gum
357 3916 405 3959 te
422 3922 536 3961 esse
558 3919 778 3977 oportet.
800 3912 853 3965 Si
872 3915 946 3967 ira
978 3924 1027 3969 te
1049 3930 1217 3983 vexat,
1246 3938 1360 3989 quae
1388 3925 1437 3976 in
1452 3926 1725 3981 stultorum

206 3994 323 4047 sinu
352 3998 631 4065 requiescit
664 4003 919 4058 dominari
946 4007 1103 4062 debes
1140 4012 1312 4064 animo
1342 4022 1446 4077 tuo,
1470 4026 1522 4069 et
1538 4019 1675 4072 hanc
1696 4035 1726 4072 a

206 4093 257 4137 te
293 4087 481 4141 mentis
510 4092 882 4160 tranquillitate
919 4095 1057 4165 fuga.
1084 4096 1141 4150 Si
1175 4101 1373 4154 ventris
1402 4104 1653 4172 ingluvies
1676 4115 1729 4162 te

206 4177 271 4228 ad
319 4178 669 4233 devorandum
706 4186 989 4250 protrahit,
1020 4188 1353 4244 sobrietatem
1406 4203 1623 4249 sectare.
1669 4196 1723 4250 Si

205 4263 431 4332 luxuria,
460 4271 752 4323 castitatem
789 4288 935 4327 vove.

272 4356 553 4425 Postquam
582 4362 644 4415 de
681 4362 763 4415 his
802 4363 951 4418 factis
978 4366 1248 4422 confessus
1272 4369 1387 4434 fuit,
1418 4381 1541 4427 tunc
1578 4374 1719 4430 dicat

202 4445 481 4498 sacerdos:
514 4447 857 4518 Recognoscis
903 4461 951 4505 te
978 4468 1093 4508 esse
1125 4456 1430 4523 culpabilem
1458 4461 1520 4514 de
1546 4466 1717 4517 omni-
1748 4425 1797 4485 υ

201 4532 300 4586 bus
328 4537 555 4601 peccatis
600 4539 725 4602 tuis,
754 4555 868 4607 qua:
909 4552 1025 4610 post
1052 4545 1383 4613 baptismum.
1404 4550 1615 4604 sciendo
1642 4555 1720 4606 vel

203 4623 484 4677 nesciendo
513 4628 823 4692 recordaris,
876 4630 928 4683 in
970 4634 1127 4686 verbo
1168 4643 1257 4687 aut
1304 4638 1357 4689 in
1398 4651 1592 4706 opere,
1633 4650 1722 4694 aut

201 4710 516 4779 cogitatione
561 4723 746 4768 contra
773 4720 1079 4773 mandatum
1126 4723 1214 4776 Dei
1248 4726 1447 4792 egisse?
1474 4758 1541 4766 —
1566 4728 1713 4799 Resp.

202 4800 378 4853 Facio.
1510 4888 1511 4891 η

269 4888 457 4942 Interr.
474 4892 742 4950 Promittis
771 4905 821 4949 te
847 4898 909 4951 de
931 4900 1209 4966 prmteritis
1237 4904 1403 4972 culpis
1418 4888 1714 4970 emendare,

198 4986 248 5029 et
314 4972 495 5035 omnes
546 4986 937 5041 adinventiones
986 4990 1175 5047 diaboli
1228 4995 1717 5052 abrenuntiare?—

201 5066 353 5135 [ἔτερ.
383 5069 655 5131 Promitto.

267 5154 454 5209 Interr.
480 5160 648 5214 Habes
665 5164 815 5216 ﬁdem
844 5165 1135 5222 confessam
1159 5180 1210 5223 et
1234 5182 1443 5240 peccata
1477 5176 1713 5232 confessa

199 5245 304 5300 Deo
341 5256 392 5300 et
424 5253 678 5305 sacerdoti
722 5269 816 5307 suo
838 5295 852 5315 ,
897 5266 953 5309 ut
986 5259 1318 5315 remittantur
1371 5266 1463 5318 tibi
1500 5276 1713 5335 peccata

198 5338 524 5394 tua?Credis
551 5340 761 5396 hoc?—-—
789 5344 938 5413 Resp.
966 5347 1151 5402 Credo.

264 5424 448 5477 Interr.
482 5429 653 5509 [labes
683 5432 730 5483 in
772 5433 1031 5486 voluntate
1061 5444 1167 5499 tua,
1199 5441 1335 5506 quod
1388 5442 1537 5510 egisti
1586 5459 1712 5498 con-

201 5519 278 5565 tra
316 5516 558 5569 mandata
608 5502 703 5572 Dei
751 5522 847 5574 hoc
892 5502 1287 5578 emendare‘f—
1317 5502 1467 5597 Resp.
1515 5530 1707 5589 Habeo.

256 5654 287 5687 "I
319 5647 445 5703 Vide
478 5649 657 5718 Regin.
690 5652 906 5719 ibidem;
937 5657 1150 5723 Burch.,
1184 5659 1215 5709 Ι.
1248 5676 1354 5725 χιχ,
1378 5677 1422 5716 c.
1455 5663 1500 5715 7.

1309 405 1838 465 ΡοΕΝιτΕΝτιΑιε.
1877 446 1941 455 ——
1978 419 2320 477 CAPlTL'LA.

256 511 348 554 est
358 512 408 556 et
422 504 595 573 regina
611 509 839 563 omnium
857 511 1126 579 malorum,
1142 521 1369 573 nascitur
1387 524 1755 590 inobedientia,
1787 528 1824 582 Α

3256 450 3359 503 962

1927 531 2110 586 lnterr.
2165 538 2309 592 Unde
2359 541 2625 598 confessus
2664 546 2844 611 fuisti,
2904 551 2982 604 vis
3007 556 3361 619 paenitentiam
3452 578 3455 579 '

1859 618 2216 684 suscipere,et
2241 623 2379 676 illam
2406 627 2537 679 bene
2573 632 2850 693 custodire,
2901 643 2953 687 et
3001 618 3182 694 omnes
3217 647 3365 699 adin-

1858 703 2122 759 ventiones
2142 708 2330 762 diaboli
2346 713 2728 781 abrenuntiare,
2743 725 2793 771 et
2809 729 3037 775 sanctam
3060 725 3365 788 Trinitatem

1858 791 2085 844 credere.
2114 823 2179 831 —
2202 794 2350 864 Resp.
2384 799 2532 853 Volo.

1925 876 2068 930 Tunc
2092 889 2380 945 prosternat
2400 900 2455 939 se
2477 890 2730 953 paenitens
2757 894 2806 946 in
2836 903 3047 963 tenam,
3063 909 3115 955 et
3146 917 3262 959 cum
3287 904 3364 961 Ia-

1857 964 2047 1028 crymis
2068 965 2203 1020 dicat
2222 987 2233 1019 :
2250 970 2313 1021 Et
2329 972 2380 1025 in
2398 974 2483 1026 his
2508 984 2559 1027 et
2590 977 2639 1029 in
2669 980 2782 1033 aliis
2805 984 2942 1037 vitiis
2976 990 3363 1062 quibuscunque

1857 1048 2076 1104 humana
2095 1051 2349 1122 fragilitas
2364 1069 2542 1115 contra
2558 1065 2829 1121 Dominum
2846 1080 2898 1125 et
2909 1083 3197 1131 creatorem
3214 1096 3361 1135 suum

1856 1144 1945 1188 aut
1971 1141 2261 1208 cogitando,
2289 1154 2377 1199 aut
2402 1148 2676 1218 loquendo,
2703 1162 2792 1209 aut
2820 1165 3078 1226 operando
3100 1203 3113 1227 ,
3160 1176 3249 1220 aut
3275 1170 3364 1223 de—

1855 1225 2110 1293 lectando,
2164 1241 2252 1285 aut
2302 1240 2708 1306 concupiscendo
2770 1225 2984 1313 peccare
3036 1262 3242 1319 potest,
3310 1258 3361 1309 in

1854 1320 2092 1373 omnibus
2117 1336 2197 1375 me
2234 1340 2475 1393 peccasse
2497 1339 2548 1381 et
2575 1347 2718 1385 reum
2753 1336 2805 1387 iu
2838 1351 3118 1415 conspectu
3144 1343 3235 1398 Dei
3283 1361 3363 1400 su-

1853 1418 1944 1470 per
1967 1420 2146 1461 omnes
2183 1411 2416 1468 homines
2454 1433 2567 1471 esse
2610 1436 2861 1489 cognosco
2884 1434 2937 1478 et
2962 1411 3227 1484 confiteor.
3257 1433 3364 1487 Hu-

1855 1494 2045 1547 militer
2084 1499 2239 1551 etiam
2287 1508 2357 1564 te,
2390 1508 2631 1561 sacerdos
2669 1510 2781 1575 Dei,
2829 1527 3053 1581 exposco
3097 1527 3153 1570 ut
3203 1520 3364 1573 inter-

1852 1583 2006 1635 cedas
2052 1599 2145 1651 pro
2189 1602 2270 1640 me
2329 1598 2380 1642 et
2433 1594 2660 1657 peccatis
2699 1598 2829 1651 meis
2876 1601 2942 1653 ad
2997 1603 3270 1658 Dominum
3309 1617 3363 1661 et

1850 1675 2135 1722 creatorem
2173 1682 2403 1727 nostrum
2425 1717 2438 1739 ,
2499 1684 2752 1747 quatenus
2786 1686 2847 1738 de
2896 1687 2976 1741 his
3006 1699 3058 1741 et
3104 1692 3168 1745 de
3194 1694 3363 1748 omni-

1848 1753 1945 1806 bus
1969 1756 2251 1813 sceleribus
2276 1764 2405 1816 meis
2429 1767 2633 1820 vcniam
2649 1778 2701 1823 et
2721 1772 3092 1843 indulgentiam
3115 1786 3359 1851 consequi

1850 1855 2071 1896 merear.

2500 1936 2711 1977 ORATIO.

1915 1995 2060 2050 Tunc
2080 2001 2322 2055 sacerdos
2343 2003 2480 2057 dicat
2510 2024 2520 2057 :
2552 2004 2859 2073 Misereatur
2884 2014 2974 2066 tibi
3014 2015 3249 2072 Christus
3274 2020 3359 2073 Fi-

1845 2079 1944 2133 lius
1966 2082 2090 2148 Dei;
2117 2087 2271 2140 donet
2299 2089 2395 2143 tibi
2424 2091 2559 2145 Deus
2584 2108 2762 2147 veram
2788 2099 3144 2163 ptenitentiam
3163 2103 3355 2170 facere,

1846 2167 2007 2222 fidem.
2040 2180 2252 2235 rectam,
2285 2191 2428 2243 spem
2453 2189 2668 2245 certam,
2700 2184 3009 2241 charitatem
3052 2167 3354 2256 perfectam,

1843 2270 2017 2309 veram
2060 2260 2402 2317 humilitatem
2450 2274 2503 2318 et
2553 2270 2875 2335 sapientiam,
2924 2275 3259 2335 sobrietatem
3303 2293 3355 2335 et

1844 2344 2393 2413 tolerantiam,bonum
2424 2353 2577 2407 ﬁnem
2604 2365 2655 2409 et
2682 2365 3121 2423 perseverantiam
3144 2368 3351 2422 bonam.

1842 2431 2104 2503 Indulgent
2134 2439 2227 2491 tibi
2276 2439 2412 2494 Deus
2457 2445 2630 2497 omnia
2675 2458 2885 2513 peccata
2931 2459 3018 2504 tua
3067 2459 3357 2533 praeterita,

1839 2523 2135 2586 praesentia,
2166 2532 2218 2575 et
2246 2524 2417 2579 futura
2440 2541 2485 2579 ι.
2510 2530 2773 2609 lIlluminet
2800 2542 2849 2587 te
2875 2535 3098 2604 Spiritus
3124 2551 3350 2609 sanctus,

1840 2618 2046 2658 sensum
2074 2615 2214 2661 tuum
2245 2612 2451 2681 dirigat,
2494 2618 2720 2671 animam
2772 2629 2912 2675 tuam
2959 2626 3139 2691 salvet,
3164 2632 3356 2699 cogita-

1839 2692 2005 2747 tiones
2041 2705 2247 2751 sanctas
2283 2700 2375 2753 tibi
2426 2703 2662 2771 inspiret,
2692 2708 2756 2761 ad
2798 2710 2955 2764 vitam
3004 2692 3255 2771 aeternam
3304 2726 3357 2775 te

1838 2784 2109 2848 perducat.

1905 2872 2102 2929 Deinde
2145 2880 2389 2934 sacerdos
2419 2896 2537 2935 cum
2564 2887 2848 2951 poenitente
2876 2904 2930 2941 se
2969 2899 3282 2959 prosternat,
3300 2897 3373 2974 in.

1837 2965 1995 3035 terra,
2037 2971 2091 3015 et
2123 2966 2361 3020 decantet
2387 2970 2483 3023 hos
2510 2972 2735 3038 psalmos
2769 2994 2780 3025 :
2812 2976 3049 3031 Miserere
3076 2982 3169 3033 mei
3198 2982 3350 3047 Deus,

1838 3060 2002 3113 usque
2030 3050 2095 3102 ad
2122 3067 2289 3105 omnes
2308 3055 2593 3123 iniquitates
2620 3077 2755 3114 meas
2783 3064 2908 3116 dele.
2938 3066 3155 3120 Benedic
3181 3072 3352 3125 anima

1765 3108 1812 3172 θ
1844 3149 1951 3186 mea
1994 3135 2265 3190 Dominum
2310 3156 2475 3210 usque
2521 3145 2585 3198 ad
2639 3152 2974 3203 renovabitur.
3028 3154 3235 3209 Salvum
3270 3158 3352 3225 fac

1839 3237 2032 3274 servum
2054 3232 2213 3288 tuum,
2236 3226 2463 3282 Domine.
2486 3230 2656 3283 Mitlat
2678 3234 2924 3288 auxilium
2952 3238 3039 3291 tibi
3068 3240 3128 3294 de
3157 3254 3347 3297 sancto.

1839 3308 2101 3362 Custodiat
2128 3313 2373 3369 Dominus
2399 3328 2446 3371 te
2471 3321 2533 3372 ab
2559 3324 2693 3375 omni
2728 3324 2883 3390 malo,
2907 3336 3008 3382 etc.
3035 3382 3041 3393 ,

2494 3423 2704 3465 ORATIO.

1902 3484 2137 3539 Christus
2163 3488 2323 3543 Filius
2366 3493 2604 3566 Dei‘vivi
2648 3514 2983 3565 perseverare
3008 3513 3059 3559 te
3104 3507 3158 3561 in
3198 3509 3349 3566 bonis

1832 3575 2075 3640 operibus
2095 3575 2251 3631 faciat
2274 3575 2494 3636 cunctis'
2518 3585 2700 3641 diebus
2720 3590 2839 3644 vita:
2866 3601 2985 3658 tuae,
3010 3602 3064 3649 et
3099 3600 3349 3665 perducat

1832 3659 1882 3713 in
1910 3661 2072 3716 vitam
2094 3673 2363 3720 internata.
2392 3668 2578 3725 Amen.

2489 3775 2696 3819 ORATIO.

1896 3837 2032 3892 Deus
2078 3842 2225 3910 cujus
2272 3846 2593 3915 indulgentia
2639 3867 2791 3907 nemo
2837 3871 2939 3910 non
2990 3860 3206 3931 indiget,
3235 3879 3380 3922 me—‘

1827 3935 2001 3980 mento
2025 3928 2203 3985 famuli
2237 3935 2329 3998 tui,
2355 3938 2441 4004 qui
2472 3940 2670 3996 lubrica
2699 3948 2891 4000 terreni
2913 3954 3146 4021 corporis
3186 3955 3344 4026 fragi-

1825 4015 1971 4068 litate
2000 4020 2223 4075 nudatus
2250 4032 2348 4088 est,
2383 4042 2698 4097 quaesumus,
2723 4036 2786 4089 da
2824 4015 3027 4095 veniam
3056 4015 3341 4113 confiten‘li,

1824 4118 1978 4170 parce
2007 4110 2244 4175 supplici,
2272 4124 2328 4166 ut
2374 4119 2460 4183 qui
2506 4122 2614 4174 suis
2661 4128 2887 4191 peccatis
2922 4130 3218 4200 accusatur,
3255 4144 3341 4191 tua

1824 4196 2159 4254 miseratione
2185 4202 2433 4259 salvetur.

2477 4312 2685 4355 ORATIO.
3187 4318 3217 4357 Ι

1891 4375 2107 4455 nomine
2151 4389 2329 4435 sancte
2372 4382 2527 4438 Pater
2571 4390 2916 4458 omnipotens,
2962 4403 3154 4450 aateme
3182 4398 3336 4465 Deus,

1819 4460 2028 4531 qui'per
2064 4452 2241 4520 Jesum
2270 4470 2531 4527 Christum
2560 4452 2743 4531 Filium
2773 4489 2912 4533 tuum
2948 4483 3217 4539 Dominum
3246 4504 3340 4543 no-

1816 4560 1981 4604 strum
2010 4555 2222 4609 vulnera
2262 4567 2437 4613 nostra
2466 4578 2651 4618 curare
2678 4567 3028 4635 dignatuses,
3068 4580 3119 4625 te
3148 4576 3341 4643 suppli«

1815 4655 1903 4692 ces
1929 4656 2171 4709 rogamus
2216 4654 2269 4698 et
2312 4650 2555 4716 petimus,
2587 4662 2642 4705 ut
2672 4657 2913 4723 precibus
2949 4661 3136 4715 nostris
3161 4676 3338 4717 aurem

1816 4738 1915 4781 tuae
1941 4731 2146 4797 pietatis
2196 4735 2445 4791 inclinare
2489 4741 2732 4809 digneris,
2782 4746 2871 4811 qui
2916 4748 3069 4800 etiam
3116 4752 3339 4805 remittis

1812 4821 1983 4872 omnia
2007 4822 2245 4886 crimina,
2276 4833 2328 4878 et
2358 4836 2565 4895 peccata
2605 4832 2844 4886 universa
2873 4836 3171 4903 condonas;
3217 4842 3336 4897 des-

1813 4924 1913 4976 que
1940 4911 2061 4964 buic
2101 4911 2295 4966 l’atnulo
2321 4923 2429 4979 tuo,
2462 4918 2696 4983 Domine,
2726 4936 2821 4988 pro
2848 4927 3075 4990 peccatis
3109 4930 3332 4992 veniam,

1812 5014 1905 5068 pro
1934 5016 2160 5055 mcerore
2208 5004 2458 5069 laetitiam,
2508 5023 2601 5075 pro
2644 5020 2811 5065 morte
2855 5016 3036 5081 vitam,
3081 5021 3221 5073 etde
3247 5029 3334 5075 tua

1814 5087 2166 5143 misericordia
2192 5093 2456 5147 conlidens
2490 5099 2762 5165 pervenire
2791 5112 3051 5159 mereatur
3076 5108 3143 5161 ad
3171 5108 3332 5163 vitam

1812 5186 2075 5232 teternam.

2466 5291 2675 5332 ORATIO.

1877 5360 2216 5429 OmnipOtens
2242 5394 2297 5416 ιι
2326 5364 2623 5423 misericors
2669 5367 2824 5433 Deus,
2871 5371 2959 5439 qui
2998 5383 3365 5441 peccatorum‘

1810 5452 2177 5521 indulgentiam
2221 5456 2272 5508 in
2319 5456 2644 5514 confessione
2689 5463 2899 5518 sceleris
2940 5466 3176 5534 posuisti,
3207 5483 3327 5524 suc-

1809 5554 1960 5597 curre
1987 5541 2146 5611 lapso,
2180 5543 2429 5600 miserere
2464 5546 2705 5617 confessi,
2729 5560 2787 5607 ut
2830 5566 2982 5623 quem
3024 5554 3328 5620 delictorum
