3922 6222
528 338 625 395 913

1476 340 1809 397 τιιεουοιὶι
1847 340 2151 396 ARCIIIEP.
2176 340 2455 400 'CANTUA
2466 343 2723 399 RIENSIS

3555 340 3655 391 9H

526 454 705 500 catena
732 446 1054 514 constringit,
1093 447 1385 513 magnitudo
1423 455 1520 500 tua:
1553 449 1760 517 pietatis
1781 448 2029 503 absolvat.
2059 452 2106 509 Δ
2133 449 2282 513 dunt,
2311 464 2430 504 mox
2455 451 2765 505 occidantur
2790 457 2842 503 et
2868 446 3225 516 proiiciantur,
3257 457 3309 499 et
3345 454 3531 499 cetera
3567 464 3656 499 ca-

1164 545 1373 586 ORATIO.

576 620 927 690 Omnipotens
957 623 1271 689 sempiterno
1308 623 1463 685 Deus,
1490 622 1756 676 conﬁtenti
1800 621 1919 675 huic
1959 620 2035 672 fa-

523 708 661 762 mulo
686 716 775 763 tuo
801 707 863 761 Ν.
899 724 995 776 pro
1025 717 1107 761 tua
1147 710 1337 776 pietate
1374 718 1585 776 peccata
1624 708 1815 772 relaxa,
1842 714 1900 761 ut
1930 721 2033 759 non

522 792 636 863 plus
661 796 708 848 ei
739 803 924 849 noceat
964 794 1294 849 conscientia:
1329 803 1504 849 reatus
1529 795 1594 848 ad
1624 808 1850 862 poenam,
1881 806 2033 859 quam

522 883 838 951 indulgentia
863 890 964 935 tua:
990 882 1199 949 pietatis
1225 882 1291 935 ad
1319 883 1543 936 veniam.

500 964 501 967 I
967 973 974 983 '
1087 984 1095 989 ’
1172 982 1381 1023 canto.

586 1059 793 1121 Precor,
842 1058 1075 1120 Domine,
1114 1057 1401 1111 clementia:
1442 1063 1495 1110 et
1532 1054 1899 1111 misericordia
1935 1062 2035 1129 tua!

521 1144 862 1212 maiestatem,
904 1152 962 1196 ut
1000 1142 1194 1195 famulo
1230 1150 1318 1196 tuo
1361 1141 1426 1195 N.
1454 1150 1673 1209 peccata
1712 1149 1767 1194 et
1805 1139 2036 1195 facinora

518 1248 611 1287 sua
637 1233 903 1287 confitenti
929 1232 1152 1286 debitam
1179 1231 1544 1285 relaxationem
1582 1238 1634 1283 et
1669 1229 1873 1284 veniam
1898 1242 2034 1298 prte-

456 1306 461 1311 ί
517 1329 657 1373 stare
682 1319 929 1387 digneris,
955 1327 1011 1372 et
1038 1319 1417 1386 pncteritorum
1443 1317 1720 1371 criminum
1741 1316 1917 1385 culpas
1952 1315 2033 1367 in-

517 1407 747 1475 dulgeas.
781 1405 878 1471 Qui
916 1406 1146 1458 humeris
1174 1406 1273 1458 tuis
1304 1399 1450 1458 ovem
1485 1402 1739 1473 perditam
1763 1401 2033 1465 reduxisti,

516 1497 605 1564 qui
628 1496 888 1563 publicani
913 1493 1153 1562 precibus
1188 1499 1241 1545 et
1269 1490 1590 1547 confessione
1615 1490 1848 1557 placatus
1870 1502 1947 1552 es,
1977 1495 2033 1540 tu

516 1585 695 1648 etiam,
745 1583 980 1646 Domine,
1006 1580 1141 1639 huic
1186 1579 1379 1633 famqu
1425 1588 1516 1632 tuo
1550 1579 1786 1645 placatus
1819 1573 2035 1630 essedi-

2132 548 2192 587 ro
2222 534 2582 590 manducetur.
2613 532 2670 587 Si
2710 540 2883 587 autem
2916 530 3153 585 tardatur
3177 531 3388 592 occisio,
3416 544 3519 583 non
3563 545 3652 584 ω-

2131 621 2422 678 medautur.
2466 623 2524 678 Si
2554 632 2729 678 autem
2770 623 3023 677 cadavera
3049 620 3396 675 laceraverint
3420 630 3655 676 mortuo-

2132 724 2267 774 rum,
2290 719 2637 776 macerentur,
2657 718 2713 765 et
2731 718 2851 779 post
2872 710 2994 763 anni
3016 708 3269 763 circulum
3292 709 3650 763 comedantur.

2130 793 2187 848 Si
2215 804 2389 850 autem
2412 797 2560 864 porci
2602 795 2893 850 occiderint
2923 795 3205 856 hominem,
3236 795 3413 848 statim
3453 795 3655 848 interii-

2132 880 2335 934 ciantur
2355 887 2409 933 et
2433 880 2766 948 sepeliantur.

2575 966 2958 1041 currum!
2985 967 3163 1022 xvm.

2133 1052 2207 1105 De
2228 1052 2329 1107 illis
2350 1055 2436 1124 qui
2455 1069 2659 1108 carnem
2683 1055 3022 1173 ηοηὲιὲἱιξαηιέι,
3047 1053 3121 1107 uel
3143 1055 3457 1108 immundam
3495 1071 3655 1108 om

2878 1137 2920 1173 rs
2983 1159 2995 1173 .

2878 1137 2995 1174 τιητ.

2204 1218 2227 1247 ο
2253 1206 2350 1273 Qui
2379 1208 2661 1261 manducat
2681 1221 2891 1262 carnem
2923 1208 3265 1271 immundam,
3289 1200 3377 1261 aut
3420 1208 3657 1263 mortici.

2132 1308 2270 1357 nam,
2314 1292 2407 1346 aut
2444 1293 2779 1348 dilaceratam
2824 1307 2855 1345 a
2893 1293 3098 1357 bestiis,
3143 1294 3489 1363 quadraginta
3536 1296 3653 1348 dies

2130 1380 2398 1448 paeniteat.
2424 1379 2480 1434 Si
2499 1387 2672 1433 autem
2691 1379 3002 1433 necessitate
3017 1377 3171 1433 famis
3187 1380 3474 1449 contingat,
3490 1380 3657 1433 multo

2131 1468 2297 1523 levius
2321 1475 2419 1523 est.
2672 1470 2675 1477 ‘

2613 1550 2995 1611 CAPITULO!
3034 1553 3170 1608 XIX.

516 1645 710 1740 gneris.
760 1669 837 1723 Tu
871 1645 1027 1735 hujus
1060 1666 1301 1735 precibus
1347 1666 1604 1735 benignus
1648 1664 1841 1733 aspira,
1878 1669 1937 1717 ut
1977 1662 2029 1716 in
2059 1734 2100 1740 Α
2128 1648 2221 1740 υθ-
2248 1648 2353 1740 {ait
2378 1651 2466 1721 βξ
2506 1650 2767 1740 sanguine,
2792 1650 2871 1719 uel
2908 1650 3012 1704 alio
3037 1645 3657 1740 immundogpotlasnsar.

516 1734 842 1812 confessione
866 1734 1132 1825 placabilis
1172 1734 1490 1822 permaneat.
1533 1752 1711 1807 Fletus
1733 1752 1844 1821 ejus
1867 1760 1920 1806 et
1942 1760 2032 1820 pe-

2203 1737 2224 1778 t
2246 1736 2347 1805 Qui
2376 1738 2756 1825 sanguine,_vel
2774 1754 3085 1825 «ιυροωιιιυθ
3105 1738 3366 1792 immundo
3386 1738 3659 1807 Ρουηίωτο
3684 1806 3705 1817 -.
3770 1815 3787 1820 -

517 1846 633 1899 titio
657 1852 959 1913 perpetuam
985 1840 1316 1895 clementiam
1345 1846 1486 1892 tuam
1534 1838 1773 1893 celeriter
1796 1845 2033 1901 exorent,

517 1933 811 1999 sanctiSque
838 1929 1089 1984 altaribus
1113 1927 1384 1980 restitutus
1410 1925 1520 1994 spei
1542 1938 1725 1978 rursus
1750 1931 2039 1977 eternaac

515 2018 713 2076 ctel‘esti
741 2019 917 2088 gloria:
942 2016 1282 2083 mancipatur.
1330 2013 1429 2077 Qui
1466 2012 1598 2064 vivis
1623 2017 1676 2065 et
1702 2024 1906 2079 regnas,
1932 2015 2036 2065 etc.

1169 2116 1377 2157 ORATIO.

586 2198 723 2250 Deus
741 2196 1071 2262 omnipotens
1097 2193 1166 2246 sit
1205 2190 1409 2259 adiutor
1432 2198 1485 2243 et
1516 2196 1781 2260 protector
1813 2196 1952 2254 tuus,
1985 2198 2041 2245 et
2094 2215 2100 2219 υ

517 2290 728 2352 praestet
747 2281 1118 2349 indulgentiam
1140 2280 1203 2333 de
1218 2278 1445 2347 peccatis
1468 2277 1572 2331 tuis
1586 2272 1895 2347 praeteritis,
1908 2290 2039 2345 pra-

518 2372 769 2436 sentibus,
795 2377 849 2424 et
875 2381 899 2409 ι
931 2368 1139 2422 futuris.

1010 2452 1393 2510 CAPITULUM
1430 2450 1562 2507 XIV.

520 2543 583 2597 Ut
611 2544 779 2597 nullus
802 2544 1078 2611 episcopus,
1096 2539 1177 2611 cel
1201 2540 1467 2611 presbyter
1492 2537 1700 2611 altonitis
1726 2537 2036 2605 ptusitetttelt

817 2606 925 2663 sine
950 2606 1127 2661 litteris
1150 2606 1227 2660 sui
1252 2606 1468 2677 episcopi
1494 2606 1753 2674 suscipiat.

583 2700 877 2754 Curandum
904 2705 985 2754 est
1010 2713 1135 2752 vero
1169 2698 1416 2761 maxime,
1442 2704 1495 2751 et
1520 2696 1663 2750 omni
1691 2694 1895 2749 cautela
1918 2706 2038 2762 pm-

516 2788 813 2851 videndum,
843 2802 910 2840 ne
938 2786 1056 2853 quis
1100 2786 1338 2848 fratrum,
1377 2784 1904 2853 coepiscoporumque
1940 2795 2036 2834 no-

516 2884 766 2938 strorum,
794 2880 884 2926 aut
918 2874 1077 2939 etiam
1110 2872 1533 2939 presbyterorum
1561 2870 1614 2923 in
1658 2869 1871 2924 alterius
1910 2868 2038 2924 civi-

494 2958 623 3015 tate
642 2962 722 3014 vel
744 2949 962 3016 dimcesl
996 2962 1348 3029 pmuitentem,
1380 2958 1461 3014 vel
1488 2960 1585 3013 sub
1619 2972 1775 3012 manu
1808 2958 2035 3027 positum

2131 1825 2177 1882 si
2203 1824 2371 1880 nescit
2396 1824 2486 1893 qui
2523 1822 2823 1889 manducat,
2847 1824 2959 1879 leve
2984 1833 3085 1878 est.
3116 1825 3171 1878 Si
3196 1834 3367 1878 autem
3397 1826 3519 1887 scit,
3544 1840 3663 1891 pte-

2131 1913 2299 1969 niteat
2318 1913 2465 1984 juxta
2493 1914 2700 1967 modum
2724 1912 3042 1981 pollutionis.

2618 2020 3001 2081 CAPITULUM
3036 2021 3127 2076 XX
3139 2061 3152 2073 .

2131 2113 2209 2167 De
2224 2111 2327 2167 illis
2342 2113 2430 2183 qui
2448 2112 2736 2177 comedunt,
2760 2119 2848 2169 aut
2869 2094 3043 2183 {libant
3061 2109 3333 2161 immundis
3352 2107 3663 2161 anhelitus

2598 2176 2789 2233 tactum
2812 2176 2891 2232 uel
2912 2177 3195 2230 intinctam.
3302 2190 3309 2205 ι

2205 2270 2232 2309 ⁸
2257 2267 2356 2334 Qui
2382 2267 2628 2339 comedit,
2656 2266 2737 2319 vel
2761 2264 2894 2339 bibit
2934 2263 3207 2317 intinctum
3236 2277 3266 2314 a
3297 2260 3541 2315 familiari
3566 2262 3659 2314 be-

2134 2355 2254 2419 stia,
2285 2354 2338 2408 id
2359 2338 2458 2417 est,
2486 2364 2636 2418 caue,
2661 2359 2789 2415 etc.,
2808 2338 2871 2414 et
2897 2350 3014 2413 scit,
3045 2358 3252 2405 centum
3280 2348 3509 2417 psalmos
3534 2363 3661 2401 can-

2136 2450 2225 2497 tet.
2256 2442 2311 2497 Si
2348 2442 2535 2507 nescit,
2561 2442 2691 2496 duos
2712 2440 2823 2494 dies
2859 2438 3080 2509 jejunet,
3102 2439 3185 2491 vel
3217 2439 3260 2491 si
3294 2436 3549 2491 redimere
3574 2450 3652 2489 vo

2133 2529 2309 2594 luerit,
2336 2528 2708 2599 quinquaginta
2740 2528 2967 2595 psalmos
2992 2535 3184 2580 cantet.
3230 2525 3327 2589 Qui
3376 2523 3578 2579 dederit
3601 2524 3661 2576 li-

2132 2630 2349 2686 quorem
2377 2618 2430 2670 iu
2451 2631 2555 2684 quo
2575 2632 2691 2669 mus
2712 2617 2793 2668 vel
2819 2615 3037 2669 mustela
3054 2615 3254 2667 mortui
3284 2613 3477 2667 inventi
3515 2622 3662 2671 sunt.

2133 2706 2177 2759 si
2212 2705 2379 2759 laicus
2409 2711 2508 2768 est,
2541 2692 2755 2771 septem»
2780 2704 2892 2757 dies
2934 2702 3202 2770 poniteat.
3234 2699 3289 2755 Si
3331 2700 3385 2754 in
3407 2700 3665 2755 cmuobiis

2133 2796 2374 2866 contigit,
2401 2802 2661 2850 trecentos
2702 2793 2930 2865 psalmos
2973 2799 3169 2847 cantet.
3216 2790 3315 2857 Qui
3358 2798 3539 2860 postea
3562 2803 3663 2841 uo-

2133 2885 2285 2947 verit,
2312 2884 2448 2953 quod
2495 2884 2652 2938 talem
2678 2893 2862 2954 potum
2903 2883 3118 2947 biberit,
3158 2889 3368 2935 centum
3403 2881 3672 2949 quinqua-

2134 2972 2277 3040 ginta
2301 2978 2494 3025 cautet.
2524 2970 2581 3023 Si
2608 2971 2727 3044 quis
2753 2969 3043 3024 comederit
3065 2967 3403 3021 semicoctum
3440 2966 3666 3026 inscius,

517 3048 818 3109 sacerdotis,
844 3055 933 3101 aut
955 3018 1072 3101 eum
1093 3047 1179 3115 qui
1204 3018 1591 3101 reconciliatum
1612 3058 1669 3098 se
1688 3018 2032 3106 dixeritesse,

2134 3018 2243 3115 lues
2264 3058 2377 3113 dies
2399 3018 2667 3127 paeniteat,
2699 3056 2782 3110 vel
2809 3055 3111 3125 psalterium
3125 3044 3345 3114 cantet;
3372 3052 3544 3108 sciens
3568 3067 3667 3105 au-

496 3139 628 3191 .siue
651 3126 1299 3213 episcopivelpresbyteri
1334 3131 1632 3187 testimonio
1660 3137 1718 3185 et
1735 3128 1949 3193 litteris,
1970 3129 2037 3183 ad

518 3224 666 3295 cujus
693 3222 919 3291 pertinet
942 3220 1207 3287 parochia,
1237 3216 1505 3286 suscipiat.

1011 3321 1391 3378 CAPITULUM
1428 3320 1540 3377 XV.

520 3398 591 3450 De
614 3395 725 3449 illis
744 3395 830 3464 qui
857 3361 1390 3464 animavit-1.315;;
1412 3361 1708 3464 dilacerata,
1753 3398 1803 3442 et
1842 3361 2036 3458 laqueis

967 3457 1282 3529 strangulata
1308 3456 1593 3534 comedunt.
1675 3497 1685 3509 .
1908 3456 1915 3458 ⁷
1998 3466 2005 3472 ’

586 3554 613 3592 b
634 3550 909 3611 Animalia,
934 3562 1049 3616 quae
1071 3561 1102 3599 a
1122 3545 1257 3613 lupis
1296 3558 1388 3599 seu
1419 3558 1451 3597 a
1477 3543 1691 3600 canibus
1720 3542 2035 3607 lacerantur,

411 3672 418 3680 -
520 3656 621 3696 non
648 3648 772 3694 sunt
805 3636 1156 3692 comedenda:
1206 3650 1303 3689 nec
1346 3648 1549 3696 corvus,
1586 3648 1685 3689 nec
1720 3644 1963 3701 capreus,
1992 3633 2036 3686 si

522 3729 710 3783 mortui
737 3725 929 3780 inventi
974 3723 1201 3788 fuerint;
1245 3722 1345 3776 nisi
1373 3721 1509 3776 forte
1531 3722 1597 3777 ab
1624 3720 1835 3775 homine
1869 3720 2038 3775 adhuc

521 3819 636 3872 viva
658 3815 957 3871 occidantur
977 3812 1140 3881 prius,
1178 3809 1268 3865 sed
1291 3810 1465 3879 porcis
1499 3817 1553 3864 et
1574 3808 1791 3870 canibus
1828 3806 2033 3863 dentur.

519 3911 653 3963 Aves
680 3920 805 3961 vero
844 3913 898 3959 et
933 3902 1175 3957 animalia
1214 3908 1417 3963 caetera,
1464 3900 1509 3954 si
1550 3898 1606 3953 in
1641 3898 1839 3953 retibus
1870 3906 2039 3952 stran-

518 3996 779 4069 gulentur,
816 4005 919 4044 non
962 3996 1084 4043 sunt
1113 3985 1469 4049 comedenda;
1514 3998 1613 4038 nec
1650 3985 1695 4037 si
1726 3983 2041 4069 oppresserit

520 4067 786 4149 accipiter,
815 4085 867 4131 ct
906 4075 951 4129 si
987 4074 1063 4129 sic
1086 4080 1291 4127 mortua
1317 4070 1685 4135 inveniuntur:
1714 4071 1836 4139 quia
1862 4070 1915 4123 in
1940 4067 2039 4123 Ac-

521 4171 661 4224 tibus
702 4164 1049 4235 apostolorum
1090 4160 1389 4231 pmcipitur
1432 4160 1693 4214 abstinere
1743 4173 1773 4212 a
1822 4158 2040 4213 fornica-

522 4260 681 4322 tione,
707 4272 737 4309 a
766 4255 1033 4323 sanguine,
1063 4259 1116 4306 et
1142 4249 1416 4315 sulocato,
1440 4258 1492 4303 et
1521 4248 1825 4304 idololazria.

995 4360 1375 4418 CAPITULUM
1411 4361 1544 4416 XVI.

827 4434 900 4486 De
920 4432 1117 4501 apibus,
1137 4431 1180 4484 si
1199 4430 1423 4487 homines
1446 4430 1736 4483 occiderint.

591 4538 612 4565 η
641 4526 798 4593 Apes,
827 4523 872 4575 si
897 4521 1161 4575 hominem
1188 4518 1453 4582 occidunt,
1498 4518 1621 4586 ipsa:
1657 4532 1861 4586 quoque
1903 4516 2040 4570 festi-

524 4624 712 4672 nentur
734 4610 919 4674 occidi,
943 4609 1045 4663 mel
1068 4616 1241 4662 tamen
1268 4605 1624 4660 mauducetur.

994 4712 1375 4783 CAPITULUM
1408 4715 1563 4769 XVII.
1598 4708 1601 4709 ν
1948 4771 1952 4775 η

523 4793 599 4847 De
615 4791 778 4861 porcis
792 4798 839 4842 et
857 4786 1078 4857 gallinis,
1101 4787 1143 4838 si
1164 4784 1457 4853 sanguinem
1477 4783 1731 4835 hominum
1752 4784 2035 4835 comedunt.

592 4880 621 4921 ει
651 4877 876 4946 Siporci
915 4875 995 4928 vel
1022 4874 1224 4944 gallina:
1267 4871 1568 4941 sanguinem
1614 4871 1839 4925 hominis
1865 4887 2039 4926 come-

526 5021 620 5131 ﬂ;
650 5006 869 5128 ιέειίιειιο,
892 4977 928 5056 i.
958 5019 977 5056 ι
1003 5000 1067 5056 de
1098 5000 1240 5055 Eccl.
1266 4999 1430 5073 Disc.,
1456 5014 1569 5067 cap.
1592 4999 1695 5053 500
1718 4999 1974 5065 ;’Burcb.,
2000 5004 2036 5054 ι.

528 5178 540 5191 .
595 5133 805 5210 b'Greg.
846 5139 911 5210 111
935 5137 1149 5210 _Judici_a
1171 5150 1219 5190 c.
1249 5135 1345 5210 29_;
1388 5133 1537 5210 Beda:
1564 5150 1678 5210 can.
1722 5135 1795 5189 De
1819 5138 2043 5210 diuersis

527 5212 718 5273 causis,
746 5204 859 5276 cap.
894 5207 975 5259 Η.
1003 5204 1579 5276 Antiqupmjmnitent.
1614 5204 1761 5255 Rom.
1789 5205 2037 5276 nbullalit-

527 5281 674 5350 gario
702 5270 1044 5350 ascriptum,
1069 5290 1116 5326 c.
1137 5270 1258 5350 _I_0;_
1279 5271 1493 5350 B_t_t_t‘Ch._,
1524 5270 1558 5321 l.
1590 5287 1699 5333 xix,
1726 5286 1772 5324 c.
1809 5273 1902 5338 35;
1936 5275 2040 5339 “.0,

529 5338 581 5420 ᾗ.
616 5362 701 5420 xv,
729 5338 899 5420 c..97,_
918 5358 978 5395 ex
1008 5340 1289 5420 Pmni'tcnnt.‘
1311 5338 1505 5420 Theod.

600 5428 621 5454 ο
650 5406 862 5474 ΒύιτὶιἿ
887 5410 921 5462 1.
952 5423 1126 5473 nx,c.
1150 5406 1243 5471 86;
1270 5406 1377 5469 Ivo,
1402 5418 1453 5471 p.
1484 5421 1587 5469 xiv,
1611 5422 1659 5459 c.
1686 5408 1771 5471 98,
1799 5422 1860 5462 ex
1876 5410 2045 5465 Pmni-

533 5491 659 5538 teut.
687 5479 881 5534 Thcod.

598 5551 623 5589 ιι
652 5548 863 5611 Burch.,
889 5544 923 5599 1.
957 5560 1063 5608 xu,
1088 5557 1136 5597 c.
1164 5543 1260 5605 88;
1289 5541 1396 5605 lvo,
1420 5556 1469 5609 p.
1508 5556 1591 5608 xv,
1616 5557 1660 5594 c.
1690 5542 1774 5595 99.

2064 4315 2116 4374 Ι)

2133 3155 2260 3211 tem,
2284 3153 2481 3214 septem
2504 3145 2617 3200 dies
2641 3146 2911 3213 pmniteat.
2957 3143 3059 3198 Pro
3087 3142 3227 3198 furto
3252 3143 3455 3198 modico
3478 3140 3667 3211 viginti

2131 3233 2245 3287 dies
2266 3234 2534 3301 paeniteat.
2578 3233 2717 3287 Puer
2739 3233 2827 3301 qui
2853 3239 2935 3287 est
2959 3246 3215 3286 annorum
3251 3232 3429 3286 decem
3453 3229 3669 3297 aliquod

2134 3321 2333 3376 furtum
2358 3321 2578 3385 faciens,
2608 3328 2807 3390 septem
2836 3320 2946 3376 dies
2964 3319 3233 3390 paniteat.
3264 3315 3318 3373 Si
3340 3318 3457 3385 quis
3491 3318 3669 3371 tinxe-

2134 3410 2206 3464 rit
2235 3424 2448 3466 mauum
2469 3410 2523 3465 in
2561 3409 2737 3478 aliquo
2756 3407 2877 3464 cibo
2894 3408 3099 3481 liquido
3128 3415 3183 3463 et
3208 3421 3311 3461 non
3339 3406 3525 3460 idonea
3550 3420 3669 3458 ma-

2135 3514 2225 3563 nu,
2245 3506 2463 3553 centum
2487 3496 3085 3567 palmatisemundetur.
3112 3494 3169 3549 Si
3195 3495 3248 3548 in
3274 3493 3462 3556 farina,
3490 3500 3582 3545 aut
3609 3492 3671 3545 in

2134 3586 2310 3654 aliquo
2331 3586 2472 3640 sicco
2493 3586 2634 3647 cibo,
2656 3585 2825 3639 autin
2848 3584 3013 3652 pulte,
3037 3589 3126 3635 aut
3150 3582 3205 3641 in
3227 3581 3361 3635 lacte
3388 3578 3670 3648 coagulato

2134 3685 2253 3725 mus
2292 3671 2375 3724 vel
2415 3668 2636 3724 mustela
2677 3668 3013 3736 inveniuntur
3053 3666 3263 3729 mortui,
3303 3666 3442 3735 quod
3465 3667 3518 3718 in
3558 3666 3671 3718 cir-

2058 3792 2061 3795 λ
2136 3760 2276 3814 cuitu
2299 3758 2411 3828 ejus
2429 3765 2529 3823 est,
2559 3764 2722 3811 totum
2740 3755 3042 3825 projicietur
3064 3746 3235 3818 foras;
3261 3753 3397 3822 quod
3422 3751 3667 3808 relictum

2112 3847 2237 3910 “est,
2260 3846 2617 3901 manducetur.

2625 3949 3007 4008 GAPITULUII
3043 3949 3163 4004 XXI

2377 4060 2451 4113 De
2472 4060 2574 4113 illis
2598 4059 2685 4128 qui
2727 4059 2816 4113 diu
2841 4058 3049 4111 reticent
3072 4063 3276 4125 peccata
3301 4071 3413 4108 sua.

2206 4172 2231 4210 ιι
2269 4168 2549 4223 Sciendum
2572 4184 2697 4222 vero
2714 4175 2816 4231 est,
2839 4174 3090 4234 quantum
3112 4165 3232 4233 quis
3250 4178 3404 4233 opem
3424 4174 3671 4219 moratur

2139 4258 2191 4326 in
2219 4258 2462 4328 peccatis,
2491 4265 2632 4312 tanto
2659 4257 2824 4325 magis
2844 4256 3040 4323 agenda
3057 4262 3139 4309 est
3160 4255 3483 4330 ptenitentia.

2590 4362 2993 4420 CAPITULUII
3025 4361 3181 4415 XXII.

2328 4452 2405 4505 De
2432 4452 2535 4505 illis
2558 4452 2644 4522 qui
2669 4450 2887 4519 aliqum
2912 4451 2965 4502 in
2994 4451 3072 4502 ira
3098 4458 3463 4513 percusserunt.

2210 4540 2226 4577 ι
2262 4537 2318 4591 Si
2346 4538 2465 4607 quis
2486 4538 2713 4605 aliquem
2736 4550 2830 4605 per
2852 4536 2986 4590 iram
3021 4537 3357 4603 percusserit,
3382 4545 3437 4588 et
3455 4535 3670 4605 sangui-

2136 4638 2254 4677 nem
2280 4621 2538 4688 eluderit,
2581 4625 2626 4678 si
2669 4624 2831 4689 laicus
2860 4612 2969 4688 est,
3001 4623 3177 4692 viginti
3220 4624 3331 4677 dies
3371 4625 3665 4691 pmuiteat,

2135 4709 2374 4774 clericus,
2424 4712 2654 4780 triginta.
2700 4710 2778 4764 Illi
2822 4719 3015 4774 autem,
3064 4711 3152 4777 qui
3186 4712 3402 4779 gradum
3445 4711 3665 4774 habent,

2136 4796 2357 4864 amplius
2376 4798 2486 4867 pati
2512 4798 2701 4852 debent
2726 4815 2737 4848 :
2764 4797 3014 4853 diaconus
3036 4811 3126 4851 sex
3149 4811 3372 4857 menses,
3391 4798 3672 4867 presbyter

2137 4898 2295 4936 unum
2315 4900 2529 4950 annum,
2552 4872 2825 4963 episcopus
2844 4871 2976 4937 duos
2996 4897 3160 4943 annos
3181 4892 3233 4936 et
3250 4896 3340 4935 sex
3365 4898 3591 4938 menses.

2211 5024 2233 5050 ε
2262 5013 2481 5081 Theod.,
2512 5027 2624 5080 cap.
2656 5012 2758 5073 83;
2786 5010 2947 5081 Beda:
2966 5025 3097 5081 ca_n.
3130 5008 3205 5081 De
3241 5010 3450 5081 diversis
3470 5012 3669 5081 caussis,

2276 5077 2419 5201 ,μέν
2677 5076 3284 5200 iussimus
3467 5092 3517 5132 ε·
3550 5079 3668 5142 εδδ

2213 5185 2476 5279 (ἕω-ἀί,
2500 5215 2535 5266 l.
2564 5186 2674 5279 nx’,
2698 5230 2746 5269 c.
2777 5214 2878 5276 90;
2908 5213 3014 5274 lvo,
3043 5228 3095 5280 p.
3125 5226 3207 5273 xv,
3236 5226 3284 5264 c.
3307 5194 3430 5280 ius.

2214 5284 2237 5321 ⁵
2255 5281 2410 5361 _Bed:e
2444 5276 2676 5361 canones
2701 5283 2766 5335 ad
2789 5281 3016 5335 remedia
3043 5276 3277 5349 'pcccat.,
3302 5292 3350 5331 c.
3376 5278 3463 5342 l4,
3491 5277 3571 5335 De
3593 5276 3672 5336 tli-

2142 5366 2292 5403 υεηω
2315 5367 2499 5403 causis.

2209 5419 2235 5457 ιι
2267 5418 2484 5487 Bcgino,
2514 5418 2549 5487 l.
2581 5434 2640 5479 ιι,
2667 5433 2715 5472 c.
2748 5416 2872 5487 [56;
2897 5416 3113 5481 Burcb.,
3136 5414 3171 5467 Ι.
3196 5429 3272 5480 ις,
3297 5428 3346 5470 c.
3368 5411 3456 5470 68.

2196 5487 2239 5523 ’ί
2268 5485 2480 5554 Ergino,
2509 5486 2544 5537 l.
2578 5501 2635 5550 ll,
2666 5500 2712 5537 c.
2731 5485 2849 5537 455.
