3922 6222
247 385 355 440 945

715 492 1092 550 CAPITULUM
1127 494 1304 548 XXIII.

352 583 430 636 De
454 582 552 635 illis
571 583 659 651 qui
686 582 1026 635 truncationes
1065 582 1398 634 membrorum
1425 581 1668 649 fecerunt.

315 681 342 710 ι
373 668 472 734 Qui
493 684 586 738 per
610 668 902 722 rixamictu
943 667 1164 722 debilem
1192 668 1272 722 vel
1299 667 1583 722 deformem
1607 667 1773 721 homi-

240 771 371 810 nem
397 755 597 819 fecerit,
628 755 810 810 mldat
849 757 1108 825 impensas
1138 757 1360 819 medico,
1390 757 1420 796 1³
1460 765 1511 808 et
1549 755 1772 809 medium

239 859 444 897 annum
471 845 736 912 paeniteat.
769 845 826 898 Si
869 859 973 898 non
1015 845 1255 899 habuerit
1283 845 1418 898 unde
1441 835 1647 906 reddat,
1684 858 1776 899 an-

239 947 372 985 num
401 947 558 986 unum
584 933 848 1000 poeniteat.
878 929 935 985 Si
962 932 1125 987 laicus
1149 948 1242 1002 per
1264 931 1437 986 dolum
1470 933 1773 1006 sanguinem

237 1015 508 1083 eﬂ‘uderit,
538 1018 721 1071 reddat
765 1019 837 1072 illi
880 1027 1082 1074 tantum
1108 1015 1359 1095 Quantum
1402 1020 1594 1073 nocuit.
1640 1019 1706 1072 Et
1730 1018 1774 1072 si

237 1121 351 1160 non
376 1107 535 1160 habet
561 1107 698 1161 unde
728 1108 929 1184 τρόφι,
972 1110 1138 1164 solvat
1166 1110 1220 1162 in
1245 1124 1405 1178 opere
1425 1109 1650 1178 proximi
1673 1109 1773 1172 sui,

238 1192 480 1260 quamdiu
507 1193 594 1247 ille
621 1194 874 1250 inﬁmus.
918 1198 984 1250 Et
1025 1205 1205 1266 postea
1229 1197 1702 1268 quadraginta'dies
1723 1195 1775 1250 in

234 1285 382 1347 pane
410 1289 465 1336 et
492 1296 625 1348 aqua
649 1284 920 1349 poeniteat.

736 1389 1119 1446 CAPITULUM
1148 1392 1328 1446 XXIV.

860 1458 936 1512 De
975 1461 1168 1516 eodem.

311 1543 415 1609 Qui
459 1546 618 1600 ictum
643 1547 884 1614 proximo
915 1532 1136 1613 dederit,
1162 1558 1217 1604 et
1258 1564 1362 1604 non
1383 1551 1637 1614 nocuerit,
1671 1559 1780 1606 tres

236 1632 354 1686 dies
377 1633 432 1685 in
445 1647 584 1701 pane
603 1643 654 1688 et
675 1650 807 1698 aqua
831 1638 1100 1705 poeniteat.
1124 1637 1180 1692 Si
1201 1637 1442 1702 clericus,
1464 1654 1679 1705 annum,
1698 1640 1780 1694 vel

235 1719 538 1774 dimidium.
570 1719 766 1789 Siquis
804 1722 959 1776 alicui
985 1724 1251 1792 quodlibet
1280 1725 1574 1783 membrum
1600 1727 1782 1781 volun-

234 1816 352 1862 tate
378 1822 474 1862 sua
497 1809 837 1872 truncaverit,
877 1817 984 1864 tres
1011 1826 1176 1866 annos
1215 1814 1470 1881 poeniteat
1493 1815 1546 1868 in
1568 1829 1701 1883 pane
1724 1824 1779 1868 et

241 1910 404 1964 aqua.
443 1894 653 1950 Parvuli
679 1911 736 1950 se
765 1897 985 1954 invicem
1013 1899 1388 1967 percutientcs,
1416 1908 1534 1962 tres,
1561 1901 1688 1956 dies.
1721 1899 1778 1955 Si

239 1997 368 2038 vero
391 1981 767 2050 adolescentes,
793 1985 976 2055 viginti
997 1986 1108 2041 dies
1131 1988 1434 2057 pmuiteant.

725 2091 1110 2148 CAPITULUM
1137 2093 1299 2148 XXV.

240 2156 318 2211 De
345 2157 453 2211 illis
478 2159 567 2228 qui
607 2158 675 2210 ad
715 2157 998 2228 feriendum
1030 2160 1283 2215 hominem
1326 2165 1659 2227 surrexerint,
1696 2180 1781 2216 vo-

470 2225 626 2281 lentes
648 2242 762 2280 eum
787 2226 1032 2293 occidere,
1059 2239 1107 2282 et
1136 2245 1237 2282 non
1266 2238 1558 2298 potuerunt.

307 2315 410 2380 Qui
464 2314 532 2367 ad
581 2313 872 2368 feriendum
917 2315 1186 2371 hominem
1239 2317 1550 2381 surrexerit,
1600 2317 1781 2371 volens

237 2415 359 2454 cum
397 2399 659 2462 occidere,
686 2407 794 2454 tres
817 2401 1139 2468 septimanas
1160 2401 1430 2472 pmniteat.
1461 2396 1532 2470 Si
1561 2402 1782 2459 clericus

236 2483 418 2547 fuerit,
467 2500 558 2540 sex
602 2501 826 2542 menses.
872 2485 1020 2553 Quod
1063 2488 1108 2542 si
1141 2486 1516 2553 vulneraverit,
1548 2490 1780 2559 quadra-

240 2577 390 2644 ginta
417 2575 549 2630 dies.
580 2575 636 2630 Si
680 2577 902 2632 clericus
929 2579 1201 2643 clericum,
1230 2594 1423 2633 annum
1449 2588 1617 2634 totum
1641 2599 1655 2636 :
1687 2583 1782 2638 sed

236 2671 296 2719 et
318 2665 600 2736 pecuniam
623 2680 726 2736 pro
751 2667 906 2722 modo
934 2667 1181 2734 vulneris,
1209 2670 1293 2723 cui
1335 2667 1539 2734 inﬂixit,
1563 2671 1778 2734 tribuat.

707 2774 1094 2832 CAPITULUM
1130 2775 1313 2832 XXVI.
1336 2811 1339 2815 -

469 2840 544 2894 De
575 2840 676 2895 illis
700 2845 787 2913 qui
816 2843 914 2897 sibi
937 2845 1060 2913 ipsis
1087 2853 1296 2899 mortem
1323 2846 1566 2915 inferunt.

364 2929 589 2995 Placuit,
609 2938 668 2984 ut
689 2932 779 2998 qui
802 2931 901 2985 sibi
925 2933 1055 3002 ipsis
1072 2933 1421 2988 voluntariam
1442 2949 1538 3003 per
1557 2935 1778 3001 ferrum,

241 3027 334 3074 aut
357 3033 638 3085 venenum,
668 3027 758 3073 aut
799 3034 893 3089 per
917 3021 1280 3089 praecipitium,
1311 3030 1401 3075 aut
1440 3038 1536 3090 per
1562 3039 1782 3092 suspen-

244 3107 412 3198 dium,
437 3107 520 3160 vel
551 3107 784 3198 quolibet
821 3107 977 3162 modo
1017 3106 1248 3198 inferunt
1287 3117 1529 3198 mortem,
1560 3110 1700 3162 nulla
1726 3110 1778 3164 in

242 3194 509 3248 oblatione
553 3209 650 3263 pro
695 3195 798 3248 illis
841 3197 1268 3257 commemoratio
1298 3196 1412 3260 liat,
1455 3194 1623 3265 neque
1657 3213 1778 3252 cum

242 3279 461 3348 psalmis
486 3280 552 3334 ad
577 3280 896 3350 sepulturam
926 3281 1250 3336 deducantur
1272 3299 1453 3338 eorum
1499 3286 1774 3341 cadavera.
1810 3315 1812 3318 τ

245 3369 392 3424 Multi
411 3372 552 3426 enim
579 3372 678 3426 hoc
709 3373 813 3426 sibi
852 3371 940 3439 jus
977 3377 1230 3441 usurpan‘t
1267 3388 1361 3442 per
1387 3375 1775 3444 ignorantiam;

243 3459 486 3513 similiter
510 3468 566 3514 et
605 3459 669 3528 de
694 3460 777 3514 bis
789 3461 999 3541 placuit
1024 3460 1168 3529 ﬁeri,
1203 3463 1292 3530 qui
1335 3476 1430 3530 pro
1468 3465 1576 3517 suis
1616 3463 1778 3519 scele-

244 3549 391 3602 ribus
433 3548 1091 3622 puniuntur.quicunque
1135 3564 1192 3603 se
1235 3551 1444 3618 propria
1491 3551 1775 3615 voluntate,

245 3641 340 3688 aut
368 3634 422 3688 in
465 3649 602 3702 aqua
635 3633 933 3701 iactaverit,
976 3643 1065 3688 aut
1091 3627 1277 3689 collum
1310 3636 1566 3705 ligaverit,
1596 3648 1688 3692 aut
1713 3641 1776 3694 de

244 3721 434 3776 arbore
484 3723 906 3792 praecipitaverit,
957 3732 1048 3777 aut
1100 3723 1241 3777 ferro
1291 3726 1626 3792 percusserit,
1686 3737 1776 3781 aut

241 3799 864 3866 cuilibet-voluntarice'se
902 3811 1057 3866 morti
1091 3811 1384 3872 tradiderit,
1408 3812 1560 3866 istius
1583 3813 1776 3870 oblatio

242 3911 352 3972 non
382 3897 684 3966 recipiatur.
1102 3901 1109 3907 '

701 3972 1083 4040 CAPITULUM
1122 3986 1323 4041 xxvu.

496 4071 562 4126 Ut
589 4073 788 4140 femina:
811 4082 1138 4128 menstruam
1166 4091 1265 4127 non
1288 4077 1522 4144 offerant.

313 4161 338 4198 ἀ
369 4148 610 4214 Mulieres
655 4169 945 4232 menstruo.
975 4172 1208 4231 tempore
1252 4181 1358 4220 non
1400 4157 1638 4231 oﬂ'erant,
1680 4187 1778 4224 nec

243 4251 710 4315 sanctazmoniales,
762 4267 859 4306 nec
895 4252 1077 4315 laicze;
1124 4255 1167 4307 si
1196 4258 1641 4323 praesumpserint,
1671 4266 1776 4313 tres

244 4338 596 4396 hebdomadas
621 4342 926 4411 pmuiteant.

447 4511 451 4518 ,
685 4449 1068 4506 CAPITULUM
1101 4453 1326 4509 xxvm.

248 4515 319 4568 De
341 4515 687 4593 illisfeminis,
725 4535 838 4588 quae
880 4529 995 4573 ante
1019 4522 1262 4593 mundum
1288 4527 1582 4593 sanguinem
1621 4525 1776 4586 eccle-

411 4588 539 4638 s'am
576 4588 788 4649 intrant,
813 4596 860 4640 et
882 4603 995 4667 quo!
1015 4592 1269 4658 nupserim
1304 4588 1600 4646 Itis'diebus.

319 4681 342 4706 ο
368 4669 552 4724 Mulier
579 4685 695 4738 quas
724 4670 887 4724 intrat
912 4672 1189 4726 ecclesiam
1233 4683 1353 4728 ante
1379 4677 1626 4729 mundum
1654 4692 1771 4729 san-

247 4759 454 4826 guinem
476 4767 594 4828 post
621 4767 827 4828 partum
853 4778 865 4812 :
895 4762 937 4813 si
966 4763 1252 4816 masculum
1282 4766 1537 4832 genuerit,
1565 4767 1771 4835 triginta

248 4853 355 4903 tres
387 4850 534 4913 dies;
579 4851 624 4904 si
671 4848 937 4914 feminam,
980 4852 1355 4922 quinquaginta
1401 4868 1511 4908 sex.
1562 4855 1616 4909 Si
1658 4871 1773 4925 quae

231 5037 236 5040 _
315 4985 340 5042 ιθ
371 4973 638 5042 Regiuml.
671 4991 729 5036 ιι,
757 4991 805 5028 c.
833 4975 917 5039 54,
947 4993 1010 5030 ex
1032 4978 1396 5034 Pmniteutiali.

321 5041 348 5080 δ
380 5041 643 5129 Impensas
668 5043 722 5120 in
767 5045 996 5129 medicos
1038 5047 1253 5108 tribuat,
1298 5051 1607 5128 et'maculze
1638 5065 1773 5129 pre-

253 5108 377 5182 tium
403 5108 612 5182 etopus
636 5108 766 5175 ejus,
791 5111 952 5165 donec
994 5122 1223 5178 sanetur,
1257 5116 1515 5182 restituat,
1541 5125 1594 5172 et
1621 5108 1772 5171 dimi-

255 5175 390 5228 dium
417 5175 629 5240 annum,
657 5185 758 5230 etc.
1210 5175 1219 5178 ⁷
1504 5175 1513 5182 ’
1726 5194 1763 5217 -’

319 5241 548 5319 σθ’(ῗεριιιίε.⁵
571 5244 928 5319 Bracharense
953 5265 1016 5319 n1
1041 5263 1088 5302 c.
1123 5247 1185 5319 ω
1210 5266 1223 5311 ;
1266 5248 1602 5319 Halitgarius,
1627 5253 1662 5304 1.
1692 5269 1758 5314 ιγ,

315 5309 643 5440 Β
666 5328 729 5414 ex
750 5313 968 5368 concilio
990 5309 1259 5380 Bracbar.,
1285 5309 1519 5384 capfls;
1549 5309 1760 5384 Burch.,

321 5443 348 5482 ἀ
523 5447 796 5523 Ρῳρίιειη.
819 5451 941 5514 ΤΙι.,
958 5467 1070 5520 cap.
1096 5451 1168 5505 De
1191 5463 1366 5520 φησι.
1394 5455 1757 5523 cenjugiorum.

328 5523 350 5584 ξ
375 5512 510 5584 V_ide_
525 5515 588 5566 ad
613 5517 710 5584 hoc
740 5529 892 5584 caput
916 5512 1081 5574 notas.

330 5578 345 5617 τ
386 5578 604 5647 Regino,
636 5583 668 5635 l.
699 5602 754 5642 ιι,
784 5578 829 5636 (ἶ.
861 5585 988 5650 23!;
1022 5587 1230 5653 Burrh.,
1257 5589 1288 5640 l.
1318 5605 1441 5652 xvn,
1471 5605 1515 5644 c.
1541 5590 1623 5644 42.

1313 385 1846 441 HENITENTIALE.
1881 412 1947 422 -—
1982 381 2314 437 CAPITULA

1793 498 1840 554 Α
1866 501 2038 545 autem
2072 489 2461 558 prmsumpserit
2487 496 2609 541 ante
2646 496 2846 557 tempus
2892 491 3199 558 pz‘mllnituiu
3223 491 3387 544 ecelt-

3282 381 3383 436 9l8

1869 575 2001 629 siam
2043 577 2262 638 intrare,
2299 582 2377 628 tot
2422 575 2533 628 dies
2577 575 2630 627 in
2673 589 2804 642 pane
2847 584 2902 630 et
2945 592 3078 647 aqua
3120 578 3384 644 pceniteat.

1849 671 1996 731 quot
2037 663 2255 718 ecclesia
2303 678 2485 718 carere
2530 663 2799 720 debuerat.
2847 664 2944 730 Qui
2989 675 3161 720 autem
3200 683 3389 722 concu-

1869 752 2044 806 buerit
2071 767 2191 806 cum
2211 766 2271 806 ea
2296 766 2360 805 ex
2400 752 2483 806 bis
2506 752 2707 818 diebus,
2737 751 2916 807 decem
2957 754 3070 808 dies
3096 755 3146 807 in
3178 769 3313 822 pane
3339 763 3390 809 τι

1872 851 2006 904 aqua
2029 838 2296 904 pinniteat.

2330 923 2709 980 CAPITULUM
2748 925 2930 980 XXIX.

1873 1011 1946 1065 De
1968 1012 2071 1066 illis
2093 1013 2181 1082 qui
2205 1011 2470 1067 libidinose
2493 1013 2871 1130 oqtrectaverint
2899 989 3141 1082 puellam,
3163 1024 3249 1066 aut
3278 1031 3390 1067 mu-

2559 1097 2730 1130 arerem.

2559 1097 2730 1133 terent.

1919 1238 1921 1240 _
1946 1168 1964 1207 ί
1991 1170 2045 1224 Si
2075 1170 2194 1240 quis
2209 1170 2582 1249 obtrectaverit
2597 1170 2797 1236 puellm,
2825 1178 2916 1223 aut
2939 1170 3171 1225 mulieris
3191 1178 3395 1239 pectus,

1872 1257 1955 1312 vel
1991 1257 2364 1326 turpitudinem
2409 1271 2618 1320 earum,
2663 1259 2707 1311 si
2759 1258 2979 1314 clericus
3017 1254 3128 1324 est,
3172 1261 3398 1330 quinque

1874 1344 2014 1408 dies;
2046 1344 2099 1398 si
2118 1344 2302 1411 laicus,
2323 1351 2433 1400 tres
2454 1344 2566 1400 dies
2591 1332 2858 1414 poeniteat.
2887 1345 3186 1411 Monachus,
3213 1349 3294 1403 vel
3317 1364 3399 1404 sa-

1873 1429 2059 1485 cerdos
2083 1445 2115 1484 a
2142 1430 2435 1485 ministerio
2461 1431 2643 1501 divino,
2670 1433 2930 1501 suspensi,
2960 1434 3005 1488 si
3032 1433 3154 1501 quid
3190 1433 3292 1488 tale
3320 1433 3397 1489 fe-

1875 1517 2068 1583 cerint,
2097 1517 2283 1587 viginti
2320 1517 2433 1572 dies
2472 1519 2776 1585 pmniteant.
2823 1519 3085 1588 Scriptum
3123 1527 3203 1574 est
3237 1521 3399 1583 enim,

1878 1621 2032 1676 neque
2057 1605 2480 1678 tetigeris,neque
2503 1605 2852 1659 obtrectaveris
2877 1608 3240 1676 turpitudinem
3266 1609 3399 1676 femi-

1879 1713 1943 1749 ιια
1949 1711 2080 1750 rum.
2175 1717 2177 1720 ⁴
2553 1717 2560 1728 '
3008 1717 3012 1724 ’

1815 1780 1886 1838 B.
2348 1785 2732 1842 CAPITULO!
2765 1787 2927 1841 XXX.

1936 1871 2030 1925 De
2052 1871 2154 1926 illis
2176 1871 2263 1940 qui
2289 1887 2402 1925 cum
2427 1872 2723 1927 mulieribus
2750 1875 2803 1926 in
2825 1874 3002 1928 balneo
3027 1891 3079 1928 se
3099 1875 3323 1928 lat-crint.

1949 1962 1974 1999 ⁸
2014 1958 2069 2014 Si
2096 1960 2224 2029 quis
2255 1959 2308 2014 in
2335 1958 2520 2016 balneo
2563 1976 2620 2016 se
2658 1961 2835 2017 lavare
2874 1963 3262 2032 praesumpserit
3286 1977 3400 2016 cum

1878 2046 2185 2102 mulieribus
2204 2086 2218 2110 ,
2246 2054 2354 2102 tres
2379 2048 2490 2103 dies
2517 2051 2768 2118 pmniteat
2783 2089 2797 2112 ,
2821 2059 2876 2104 et
2894 2051 3112 2105 ulterius
3139 2065 3239 2104 non
3276 2067 3402 2120 pra:-

1879 2141 2070 2186 sumat.

2341 2224 2726 2297 camuwn
2761 2227 2946 2282 xxx}.

1882 2312 1946 2367 Ut
1974 2315 2144 2386 nullus
2171 2316 2306 2372 alius
2333 2327 2606 2386 presumat
2631 2318 2969 2386 panitentiam
3007 2317 3147 2386 dare,
3174 2315 3267 2386 feel
3292 2333 3405 2369 con-

1966 2382 2232 2449 fessionem
2257 2382 2454 2451 auilire,
2484 2382 2642 2454 quod
2661 2387 2918 2454 episcopus
2945 2383 3019 2440 uel
3050 2385 3321 2454 presbyter.

1949 2471 1975 2510 δ
2001 2471 2148 2528 Sicut
2188 2472 2330 2528 enim
2363 2473 2674 2528 sacriﬁcium
2716 2473 2904 2528 otl‘erre
2931 2487 3034 2527 non
3077 2474 3287 2534 debent,
3311 2471 3408 2526 nisi

1880 2562 2132 2632 episcopi,
2159 2562 2244 2618 vel
2264 2549 2578 2633 presbyteri,
2605 2563 2793 2632 quibus
2819 2563 2992 2617 claves
3015 2562 3157 2630 regni
3184 2559 3410 2616 caelestis

1881 2650 2086 2704 tradita
2113 2653 2267 2714 sunt,
2293 2651 2372 2706 sic
2404 2645 2502 2705 nec
2528 2651 2888 2719 pmnitentium
2911 2651 3105 2719 judicia
3141 2647 3228 2702 alii
3259 2663 3409 2702 usur—

1877 2753 2006 2810 pare
2031 2736 2241 2794 debent.
2275 2736 2334 2793 Si
2367 2745 2543 2794 autem
2581 2740 2869 2808 necessitas
2901 2739 3161 2800 evenerit,
3203 2745 3261 2791 ut
3285 2751 3406 2808 pre-

1880 2827 2057 2899 sbyter
2094 2843 2198 2883 non
2232 2827 2389 2883 fuerit
2418 2842 2665 2897 praesens,
2692 2829 2942 2884 diaconus
2964 2827 3213 2897 suscipiat
3238 2828 3407 2896 paeni-

1880 2924 2075 2970 tentem
2103 2916 2170 2972 ad
2193 2916 2612 2972 communionem
2637 2923 2893 2971 sanctam.

2333 3017 2718 3079 CAPITULUM
2752 2988 2957 3078 xxxn.

1809 3103 1854 3166 ο
1882 3091 1956 3145 De
1994 3092 2300 3163 temporibus
2331 3093 2514 3162 quibus
2545 3108 2599 3146 se
2633 3094 2888 3147 continere
2923 3092 3099 3147 debent
3133 3095 3406 3163 coniugati.

1955 3183 1971 3222 ί
2013 3180 2070 3236 In
2119 3179 2283 3234 tribus
2324 3181 2740 3250 quadragesimis
2768 3182 2916 3244 anni,
2961 3190 3013 3238 et
3047 3183 3100 3236 in
3128 3183 3210 3237 die
3237 3183 3400 3238 Dou'i-

1879 3270 2025 3334 nico,
2053 3275 2108 3323 et
2135 3277 2320 3336 quarta
2349 3267 2480 3322 feria
2510 3275 2564 3322 et
2594 3275 2741 3323 sexta
2771 3269 3030 3339 coniugati
3055 3283 3112 3324 se
3147 3272 3413 3324 continern.

1878 3358 2099 3422 debent;
2130 3371 2229 3412 nec
2269 3357 2372 3412 illis
2406 3357 2590 3412 diebus
2628 3358 2890 3426 copulari,
2926 3360 3154 3429 quan'diu
3196 3370 3405 3430 gravata

1878 3443 2035 3498 fuerit
2057 3458 2208 3508 uxor,
2247 3444 2299 3498 id
2321 3451 2430 3507 est,
2461 3457 2490 3496 a
2525 3458 2628 3512 quo
2657 3444 2741 3498 die
2770 3444 2906 3498 illius
2931 3445 2984 3499 in
3023 3454 3172 3500 utero
3211 3457 3405 3501 motum

1878 3527 2062 3589 fecerit
2086 3547 2252 3602 usque
2295 3533 2361 3586 ad
2388 3540 2624 3610 partum,
2659 3549 2688 3585 a
2714 3541 2866 3601 partu
2900 3541 3020 3602 post
3056 3535 3264 3603 triginta
3304 3545 3404 3590 tres

1879 3625 2009 3688 dies,
2041 3624 2084 3679 si
2113 3622 2278 3688 illius;
2309 3623 2351 3678 si
2385 3631 2559 3678 autem
2589 3624 2718 3689 lilia,
2742 3634 2858 3695 post
2893 3626 3264 3695 quinquaginta
3293 3642 3402 3682 ses.

2312 3729 2695 3786 CAPITULUM
2729 3732 2956 3786 XXXIII.

1999 3800 2074 3854 De
2102 3800 2288 3866 femina
2314 3800 2430 3868 qua!
2450 3810 2623 3868 sponte
2648 3800 2812 3877 ﬁlium
2841 3817 2987 3854 suum
3015 3804 3270 3857 occiderit.

1947 3889 1960 3936 i
2007 3890 2062 3942 Si
2113 3897 2282 3942 mater
2331 3887 2491 3940 lilium
2537 3878 2719 3955 sponle
2765 3889 3055 3953 occiderit,
3107 3893 3400 3958 quindecim
3456 3932 3457 3935 η

1879 3974 2105 4045 [dcem]
2131 3990 2296 4030 annos
2315 3977 2587 4044 pmniteat,
2611 3986 2663 4031 et
2686 3993 2947 4046 nunquam
2975 3987 3156 4045 mutet,
3184 3980 3281 4034 nisi
3304 3982 3406 4038 Do»

1875 4061 2065 4115 minica
2093 4061 2195 4115 die.
2228 4061 2411 4116 Mulier
2443 4071 2614 4117 autem
2641 4066 2982 4132 paupercula,
3012 4067 3054 4120 si
3082 4067 3286 4133 fecerit,
3313 4086 3400 4140 pro

1875 4149 2174 4205 dilllcultate
2200 4151 2480 4214 nutriendi,
2510 4167 2597 4206 sex
2628 4169 2790 4207 annos
2826 4157 3091 4223 pmniteat.

2313 4260 2698 4315 CAPITULUM
2736 4264 2964 4318 XXXIV.

2021 4327 2095 4381 De
2113 4328 2214 4382 illis
2236 4329 2323 4398 qui
2346 4339 2611 4397 parentum
2640 4331 2878 4385 honorem
2902 4349 3001 4387 non
3027 4347 3242 4389 servant.

1797 4410 1849 4469 D
1942 4417 1965 4455 ¹ι
1992 4415 2047 4470 Si
2090 4417 2208 4486 quis
2231 4417 2620 4472 inhonoraverit
2646 4429 2846 4488 patrem
2888 4431 2978 4475 aut
3010 4431 3258 4487 matrem,
3294 4434 3394 4481 tres

1869 4519 2032 4558 annos
2075 4505 2344 4572 paeniteat.
2387 4503 2535 4570 Quod
2580 4507 2622 4559 si
2669 4523 2876 4562 manum
2915 4511 3180 4575 levaverit,
3219 4523 3308 4568 aut
3348 4519 3393 4570 ei

1868 4592 2255 4658 percussionem
2283 4592 2544 4657 intulerit,
2569 4605 2764 4664 septem
2794 4613 2959 4654 annos
2985 4602 3250 4668 pmnitcat.

2312 4698 2692 4755 CAPITULUM
2732 4703 2870 4755 XXX
2883 4705 2939 4757 V.

2134 4767 2206 4820 De
2228 4766 2328 4820 illis
2349 4768 2435 4835 qui
2461 4769 2540 4820 die
2566 4769 2827 4822 Dominico
2851 4774 3125 4840 nupserim.

1889 4885 1891 4887 ι
1948 4852 1960 4890 ι
1992 4853 2047 4906 Si
2073 4855 2189 4922 quis
2213 4854 2296 4908 die
2334 4855 2600 4910 Dominico
2643 4860 2904 4924 nupserit,
2937 4871 3079 4928 petat
3115 4879 3142 4916 a
3173 4866 3387 4922 Domino

1942 4984 1966 5054 Ii
2002 4981 2188 5054 ifmnit.
2219 4959 2391 5043 l'tom.,
2425 4984 2580 5054 tit._5,
2609 5000 2655 5037 c.
2692 4985 2786 5047 28;
2813 4985 3026 5051 Burch.,
3068 4990 3154 5045 lib.
3189 5009 3293 5054 xw,
3331 5012 3376 5048 c.

1869 5051 1994 5114 I38;
2023 5049 2129 5118 Ivo,
2156 5064 2207 5118 p.
2233 5065 2327 5118 xv,
2358 5065 2403 5102 c.
2447 5051 2560 5103 148.

1933 5121 1958 5158 ιι
1997 5117 2306 5216 Eallitgarius
2326 5119 2377 5216 li:
2392 5118 2806 5216 Pmnit;
2834 5123 3046 5192 Regina,
3065 5126 3098 5176 l.
3124 5144 3158 5190 ι,
3182 5144 3227 5180 c.
3253 5129 3374 5192 296;

1763 5217 1776 5233 .
1864 5185 2054 5238 Burch.
2085 5185 2120 5236 Ι.
2143 5185 2253 5248 ἰικ,
2280 5200 2327 5238 c.
2361 5185 2473 5246 155,
2505 5187 2620 5240 154.

1940 5254 1952 5291 i
1997 5252 2287 5324 ReginoLl.
2328 5256 2609 5324 1,9528,
2639 5270 2700 5308 ex
2746 5260 2963 5313 concilio
2991 5260 3372 5324 Ilelihcmensi;

1865 5320 2081 5392 Burgi!”
2111 5336 2157 5373 c.
2191 5319 2339 5392 like.
2374 5321 2486 5373 155.
2507 5323 2631 5376 Vide
2653 5339 2764 5392 cap.
2793 5328 2978 5381 Pcenit.
3012 5329 3105 5382 Th.
3137 5331 3212 5382 De
3237 5319 3371 5389 στω-ζ

1864 5388 2103 5456 stionibus
2131 5389 2498 5456 conjugiorum,
2519 5398 2575 5442 et
2599 5388 2765 5446 notas.

1935 5453 1947 5525 i
1993 5453 2337 5525 Begiuoilft,
2367 5471 2413 5509 c.
2437 5457 2566 5522 300;
2597 5460 2682 5512 lib.
2709 5477 2766 5521 ιι,
2793 5477 2838 5512 (³.
2867 5463 2950 5525 66,
2980 5465 3062 5516 67.

1934 5524 1956 5561 ιι
1997 5521 2181 5576 Ραῖηἰι.
2215 5523 2360 5582 RQ").
2395 5525 2470 5576 tit.
2497 5526 2544 5586 l,
2575 5543 2621 5579 (τ.
2653 5529 2734 5588 ll,
2756 5530 2830 5581 1‘3.

1940 5590 1951 5628 ι
1994 5589 2296 5654 Concilium,
2327 5593 2459 5658 apud
2490 5594 2774 5649 llum-lenis
2801 5601 2964 5652 \iilam
2997 5617 3088 5650 tam
3155 5627 3165 5650 .«
