3922 6222
507 301 603 354 947
738 338 743 345 .
1450 270 1781 354 rusonoai
1825 295 2132 353 ABCiilEP.
2169 298 2695 361 cauruamszvsrs
2748 320 2753 325 κ
3517 317 3622 371 ass

500 405 865 472 indulgentiam
882 445 895 465 ,
932 413 985 458 et
1006 413 1225 471 quatuor
1251 406 1360 460 dies
1383 410 1649 475 pmniteat.
1678 408 1732 461 Si
1762 408 2007 476 principi-
2032 406 2078 463 A
2103 406 2259 462 bitur.
2288 410 2664 477 Subdiaeonus,
2685 413 2936 484 aeolytus,
2956 419 3231 481 exorcista,
3256 428 3436 484 lector,
3462 424 3623 476 ostia—

496 491 597 544 hus
639 490 915 558 placuerit,
959 490 1171 557 aliisque
1203 493 1311 543 suis
1354 492 1620 555 fidelibus,
1672 508 1909 562 rogemus
1955 501 2010 546 ut
2109 498 2232 559 rius,
2259 500 2357 551 nisi
2387 502 2519 553 sicut
2545 502 2793 569 scriptum
2821 510 2931 566 est,
2961 505 3010 556 in
3044 514 3237 572 septem
3265 507 3482 560 testibus
3514 523 3622 560 non

496 579 817 632 collaudatur
839 587 891 653 et
934 580 1307 632 subscribatur.
1357 580 1419 632 Et
1446 581 1788 634 collaudatum
1825 589 1923 645 est,
1958 589 2009 634 et
2106 586 2548 640 eondemnabitur.
2584 589 2766 643 Testes
2800 597 2972 645 autem
3002 592 3111 645 sine
3143 591 3314 660 aliqua
3348 595 3449 647 sint
3483 595 3623 649 infa-

498 668 847 735 subseriptum
876 675 1075 721 esttam
1103 682 1132 719 a
1157 667 1407 734 principe,
1436 684 1587 735 quam
1619 684 1648 720 a
1675 670 1877 735 caeteris
1898 685 1981 722 om

500 752 673 807 nibus.

936 837 1312 893 CAPITULUM
1347 839 1575 893 XXXVI.

781 928 852 979 De
874 928 960 981 illo
983 928 1069 996 qui
1092 927 1429 995 presbyterum
1460 928 1713 980 occiderit.
1754 972 1759 983 η

566 1024 592 1052 ι
623 1012 720 1077 Qui
744 1015 1106 1081 presbyterum
1138 1013 1417 1075 occiderit,
1456 1000 1722 1066 duodecim
1760 1028 2009 1065 annorum

500 1100 546 1153 ei
571 1100 872 1169 ptenitentia
901 1098 1182 1152 secundum
1212 1113 1436 1152 canones
1464 1101 1775 1168 imponatur,
1808 1100 2009 1153 etiamsi

499 1190 781 1258 negaverit.
829 1189 885 1241 Si
920 1190 1053 1242 iiber
1078 1197 1182 1252 est,
1224 1190 1543 1258 septuaginta
1583 1190 1691 1242 dies
1714 1190 1927 1257 jejunet.
1955 1187 2009 1240 Si

501 1287 671 1331 autem
698 1292 903 1340 servus,
927 1290 1083 1343 super
1110 1276 1376 1330 duodecim
1402 1290 1636 1329 vomeres
1672 1276 1927 1329 ferventes
1957 1289 2013 1328 se

498 1373 765 1433 expurget.
797 1363 1072 1417 Convictus
1100 1366 1233 1416 noxa
1270 1363 1336 1415 ad
1374 1363 1610 1415 ultimum
1652 1363 1771 1416 vitae
1812 1370 2013 1430 tempus

498 1461 675 1509 careat
698 1452 901 1522 cingulo
924 1450 1141 1513 militiae,
1166 1458 1218 1504 et
1241 1451 1433 1518 absque
1455 1464 1543 1519 spe
1568 1449 1811 1519 coniugii.

924 1556 1304 1612 CAPITULUM
1338 1557 1591 1611 XXXVII.

1123 1643 1189 1696 De
1212 1644 1401 1695 eodem.

570 1732 598 1770 δ
621 1731 718 1795 Qui
741 1731 1060 1784 sacerdotem
1080 1730 1369 1783 voluntarie
1391 1730 1657 1793 occiderit,
1677 1743 1886 1783 carnem
1907 1743 2009 1782 non

501 1820 752 1881 comedat,
774 1816 825 1871 et
848 1819 1021 1871 vinum
1045 1833 1146 1870 non
1164 1819 1326 1881 bibat,
1355 1819 1554 1871 cunctis
1571 1818 1749 1871 diebus
1768 1818 1885 1870 vita:
1907 1832 2012 1870 snze

500 1905 691 1974 ieiunet
731 1921 895 1974 usque
937 1908 1002 1960 ad
1041 1920 1310 1975 vesperam
1346 1906 1574 1973 exceptis
1626 1906 1806 1960 diebus
1837 1904 2009 1968 festis;

501 2000 657 2060 atque
683 2006 825 2045 arma
853 2000 955 2044 non
978 1999 1164 2055 sumat,
1187 2006 1377 2060 equum
1404 2006 1506 2044 non
1540 1993 1814 2056 ascendat;
1850 1992 2011 2046 eccle-

502 2081 629 2135 siam
654 2094 747 2146 per
785 2080 1011 2145 quinque
1057 2094 1218 2132 annos
1261 2079 1608 2146 ingrediatur,
1638 2081 1862 2133 nondum
1889 2094 2013 2133 vero

500 2166 845 2219 communicet
860 2204 882 2228 ,.
902 2165 991 2218 sed
1020 2166 1155 2218 inter
1190 2167 1475 2220 audientes.
1514 2167 1640 2220 Cum
1678 2175 1850 2221 autem
1882 2168 2012 2221 duo-

501 2250 685 2303 decimi
728 2250 849 2301 anni
895 2264 1078 2313 cursus
1115 2249 1289 2302 ﬁnitus
1324 2251 1453 2313 erit,
1498 2252 1910 2305 communicandi
1965 2252 2012 2305 ei

502 2337 708 2390 licentia
731 2337 1061 2399 concedatur,
1086 2345 1134 2389 et
1172 2336 1433 2405 equitandi
1471 2339 1725 2393 tribuatur
1759 2341 2009 2393 remissio.

502 2421 706 2474 Maneat
741 2428 910 2475 autem
952 2422 1004 2474 in
1030 2422 1726 2490 reiiquisobservationibus
1762 2434 1867 2479 tres
1904 2428 2015 2482 dies

501 2524 596 2578 per
619 2510 1012 2575 hebdomadam,
1034 2521 1091 2565 ut
1112 2512 1389 2580 perfectius
1409 2515 1615 2583 purgari
1634 2523 1911 2569 mereatur.

910 2618 1286 2696 CAPITULUM
1324 2621 1594 2678 xxxvui.

507 2704 587 2758 Ne
606 2705 877 2775 presbyteri
896 2707 1002 2779 sine
1027 2724 1265 2779 consensu
1290 2712 1650 2779 episcoporum,
1672 2729 1761 2779 per
1782 2715 2015 2768 ecclesias

751 2775 1140 2837 constituantur,
1165 2776 1237 2827 vel
1261 2775 1325 2827 ab
1346 2777 1415 2828 eis
1444 2775 1764 2846 recipiantur.

556 2869 597 2897 κο
628 2859 929 2927 Quicunque
953 2862 1221 2928 presbyter
1242 2862 1510 2915 ecclesiam
1532 2878 1625 2930 per
1646 2865 1870 2931 pretium
1897 2867 1992 2920 ade

503 2953 625 3013 ptus
651 2946 826 3011 fuerit,
852 2949 1061 3002 omnino
1087 2949 1371 3016 deponatur
1399 2970 1410 3003 :
1442 2966 1559 3004 cum
1581 2967 1695 3005 eam
1722 2962 1901 3007 contra
1926 2970 2014 3015 ec-
2040 2974 2085 3036 ο

506 3032 803 3086 οΙεείειειίαε
845 3035 1035 3101 regula:
1074 3035 1398 3101 disciplinam
1440 3037 1631 3092 habere
1672 3041 2008 3108 dignoscitur.

505 3120 603 3183 Qui
629 3120 783 3173 alium
802 3122 1159 3189 presbyterum
1182 3122 1408 3190 legitime
1434 3125 1496 3177 ad
1514 3125 1785 3179 ecclesiam
1810 3128 2015 3180 ordina-

505 3214 614 3258 tum
638 3219 732 3274 per
756 3209 1023 3275 pecuniam
1060 3211 1345 3276 expulerit,
1387 3226 1604 3279 eamque
1646 3214 1744 3266 sibi
1788 3215 2016 3269 totaliter

504 3294 883 3359 vendicaverit;
912 3297 1048 3363 quod
1073 3297 1253 3348 vitium
1279 3297 1382 3350 late
1405 3298 1645 3353 diti‘usum
1673 3316 1874 3355 summo
1903 3311 2014 3356 stu-

508 3379 592 3431 dio
618 3379 995 3434 emendandum
1020 3390 1116 3435 est.
1139 3383 1369 3450 itemque
1392 3385 1797 3457 interdicendum
1818 3397 1897 3442 est
1915 3391 2016 3444 cie-

508 3466 629 3518 ricis
656 3468 765 3520 sive
790 3468 955 3533 laicis,
983 3484 1046 3522 ne
1070 3471 1183 3537 quis
1206 3472 1485 3539 quamlibet
1510 3475 1779 3529 ecclesiam
1804 3479 2016 3548 presby-

508 3564 618 3607 tero
662 3554 785 3608 dare
825 3566 1104 3623 praesumat
1142 3558 1253 3613 sine
1294 3560 1499 3615 licentia
1545 3572 1597 3617 et
1640 3579 1892 3621 consensu
1936 3570 2015 3622 sui

509 3640 751 3708 episcopi.

942 3730 1318 3789 CAPITULUM
1354 3736 1583 3790 XXXIX.

745 3812 877 3876 Quot
909 3818 1111 3870 testibus
1139 3819 1305 3872 clerici
1329 3822 1519 3874 devinci
1551 3824 1779 3878 debeant.

575 3898 603 3941 ἆ
626 3901 900 3971 Presbyter
923 3920 1025 3957 non
1048 3907 1292 3960 adversus
1310 3910 1621 3977 episcopum,
1649 3929 1750 3966 non
1772 3915 2016 3971 diaconus

510 3991 755 4047 adversus
798 3995 1153 4063 presbyterum
1177 4037 1191 4061 ,
1233 4014 1337 4051 non
1383 4001 1726 4058 subdiaconus
1771 4008 2016 4061 adversus

511 4076 801 4143 diaconuin,
830 4095 932 4133 non
956 4081 1187 4149 acolytus
1214 4084 1461 4139 adversus
1488 4088 1854 4143 subdiaconum
1872 4131 1885 4154 ,
1914 4108 2015 4145 non

509 4168 763 4221 exorcista
805 4169 1051 4222 adversus
1094 4172 1368 4239 acolytum,
1413 4189 1514 4227 non
1540 4176 1727 4230 lector
1767 4181 2013 4236 adversus

2105 673 2230 735 mia,
2256 688 2446 727 uxores
2471 682 2524 728 et
2550 675 2683 729 ﬁlios
2718 677 2986 740 habentes,
3020 688 3072 731 et
3108 680 3319 734 omnino
3355 680 3622 734 Christum

2104 762 2461 828 praedicantes.
2951 798 2963 804 ο

2512 851 3025 908 CAPITULUM
3088 854 3214 907 XL.

2577 939 2650 993 De
2678 941 2895 1009 fugitivis
2917 941 3129 994 clericis.

2178 1035 2201 1061 θ
2239 1024 2306 1078 Ut
2330 1028 2681 1094 unusquisque
2706 1029 2976 1097 episcopus
3011 1029 3061 1081 in
3097 1044 3189 1082 sua
3221 1031 3462 1097 parochia
3505 1031 3627 1082 dili-

2107 1120 2284 1180 genter
2308 1114 2655 1183 presbyteros,
2676 1116 2757 1169 vel
2777 1117 2990 1171 clericos
3014 1118 3241 1185 inquirat
3260 1119 3467 1184 quinam
3494 1119 3623 1169 sint.

2107 1197 2174 1250 Et
2198 1199 2241 1251 si
2277 1198 2501 1266 aliquem
2534 1200 2807 1269 fugitivum
2837 1204 3118 1268 invenerit,
3149 1204 3213 1258 ad
3236 1220 3386 1259 suum
3422 1206 3627 1273 episcov

2105 1296 2226 1350 pum
2253 1285 2422 1338 redire
2446 1284 2619 1340 faciat.

2584 1374 2964 1429 CAPITULUM
3001 1377 3130 1430 XLI.

2344 1459 2418 1511 De
2445 1462 2523 1513 his
2545 1464 2631 1529 qui
2657 1464 3029 1530 suspenduntur
3061 1466 3113 1517 in
3136 1465 3360 1533 patibulo

2180 1546 2200 1583 ί
2229 1546 2510 1611 Quaesitum
2540 1556 2621 1601 est
2655 1550 2722 1603 ab
2746 1549 3005 1618 aliquibus
3028 1552 3303 1615 fratribus,
3332 1554 3395 1607 de
3422 1554 3505 1607 his
3536 1556 3629 1622 qui

2110 1632 2162 1685 in
2189 1633 2419 1701 patibulo
2458 1636 2839 1701 suspenduntur
2881 1654 2977 1707 pro
3018 1641 3127 1694 suis
3163 1640 3476 1703 sceleribus,
3510 1652 3629 1710 post

2108 1720 2483 1774 confessionem
2508 1721 2614 1775 Deo
2650 1733 2931 1791 peractam,
2954 1736 3126 1788 utrum
3148 1730 3397 1782 cadavera
3419 1730 3630 1782 illorum

2110 1807 2172 1859 ad
2216 1806 2486 1859 ecclesiam
2526 1805 2814 1863 deferenda
2844 1812 2984 1876 sint,
3016 1821 3069 1867 et
3099 1815 3387 1870 oblationes
3419 1832 3514 1884 pro
3549 1816 3632 1869 eis

2108 1891 2398 1956 oﬂ‘erendze,
2427 1902 2479 1948 et
2508 1896 2678 1967 missa:
2702 1897 3043 1963 celebrandae,
3074 1916 3139 1953 an
3161 1903 3297 1955 non?
3321 1902 3517 1966 Quibus
3545 1918 3629 1955 re-

2110 1982 2419 2047 Spond'emus
2446 1996 2459 2033 :
2492 1981 2545 2034 Si
2568 1985 2809 2037 omnibus
2835 1986 2900 2039 de
2924 1990 3149 2055 peccatis
3169 1991 3277 2043 suis
3297 2006 3479 2058 puram
3506 2007 3629 2043 con-

2110 2064 2387 2120 fessionem
2412 2071 2680 2137 agentibus
2698 2110 2711 2135 ,
2741 2080 2794 2125 et
2821 2073 2970 2141 digne
2997 2077 3364 2143 paenitentibus
3398 2093 3624 2131 commu-

2110 2156 2197 2208 nio
2225 2156 2276 2208 in
2311 2155 2413 2210 fine
2440 2161 2718 2213 secundum
2758 2164 3065 2217 canonicum
3087 2164 3293 2231 iussum
3328 2166 3495 2219 danda
3529 2175 3631 2229 est,

2110 2257 2204 2295 cur
2226 2258 2326 2296 non
2360 2245 2437 2298 eis
2471 2246 2559 2312 qui
2585 2260 2678 2314 pro
2700 2250 2928 2315 peccat’s
2965 2251 3072 2303 suis
3102 2266 3307 2318 poenam
3332 2260 3633 2307 extremam

2108 2332 2436 2397 persolvunt,
2468 2342 2522 2386 et
2549 2330 2878 2401 confitentur,
2907 2337 2986 2391 vel
3020 2338 3253 2392 confiteri
3292 2339 3634 2396 desiderant?

2112 2416 2369 2484 Scriptum
2397 2428 2477 2472 est
2502 2422 2638 2475 enim
2669 2438 2683 2474 :
2722 2422 2838 2477 Non
2871 2426 3122 2492 judicabit
3170 2426 3414 2482 Dominus
3454 2430 3529 2481 bis
3577 2431 3635 2480 in

2110 2504 2345 2573 idipsum.
2385 2506 2513 2559 Nam
2554 2508 2663 2577 ipse
2697 2510 2945 2565 Dominus
2974 2506 3048 2566 ait
3082 2530 3095 2565 :
3124 2512 3189 2566 In
3218 2531 3513 2583 quacunque
3549 2517 3636 2568 die

2112 2608 2372 2645 conversus
2410 2594 2561 2661 fuerit
2596 2610 2846 2663 peccator,
2880 2609 3084 2666 peccata
3135 2601 3244 2668 ejus
3290 2617 3391 2653 non
3429 2610 3636 2669 reputa-

2111 2679 2297 2732 buntur
2314 2682 2378 2733 ei.
2406 2681 2471 2734 Et
2498 2684 2685 2736 iterum
2712 2702 2724 2736 :
2759 2686 2892 2738 Nolo
2916 2699 3125 2745 mortem
3145 2690 3437 2757 peccatoris,
3462 2688 3552 2741 sed
3576 2697 3637 2741 ut

2112 2776 2428 2820 convertatur
2458 2778 2503 2821 et
2541 2771 2688 2823 vivat.
2719 2774 2745 2812 ε
2774 2771 3004 2825 Salutem
3038 2788 3161 2842 ergo
3196 2776 3392 2829 homini
3425 2778 3633 2840 adimit,

2112 2854 2346 2925 quisquis
2366 2858 2548 2918 mortis
2574 2866 2804 2925 tempore
2821 2860 2869 2913 ei
2885 2850 3241 2927 paenitentiam
3269 2863 3558 2934 denegavit.

2426 2950 2429 2955 ’
2590 2964 2973 3022 CAPITULUM
3009 2969 3159 3021 XLII.

2519 3031 2596 3083 De
2629 3033 2823 3099 furibus
2852 3044 2898 3087 et
2925 3038 3224 3104 raptoribus.

2178 3114 2205 3153 ιι
2241 3114 2314 3169 De
2356 3117 2557 3171 furibus
2601 3126 2655 3172 et
2696 3122 2994 3187 raptoribus
3020 3121 3188 3189 placet
3220 3130 3307 3186 ut,
3352 3139 3396 3177 Si
3430 3149 3481 3176 tu
3522 3142 3633 3194 ipsa

2110 3204 2282 3267 praeda
2326 3206 2649 3269 occiduntur,
2687 3222 2783 3273 pro
2820 3208 2897 3261 eis
2932 3209 3143 3262 minime
3171 3212 3422 3264 orandum
3450 3213 3536 3265 sit.
3576 3213 3633 3267 Si

2110 3290 2364 3344 vulnerati
2410 3293 2461 3345 in
2507 3294 2918 3363 desperationem
2958 3298 3183 3366 prolapsi
3224 3300 3447 3363 fuerint,
3478 3310 3535 3356 et
3569 3304 3637 3356 de

2110 3378 2451 3442 pravitatibus
2478 3382 2583 3434 suis
2613 3397 2669 3435 se
2692 3382 3045 3449 poenituerint,
3071 3394 3125 3438 et
3151 3386 3193 3439 si
3228 3390 3638 3456 supervixerint,

2112 3466 2219 3519 Deo
2270 3477 2323 3520 et
2375 3472 2631 3524 sacerdoti
2688 3488 2743 3526 se
2792 3475 3155 3529 emendaturus
3205 3480 3638 3546 repmmiserint,

2111 3554 2523 3612 communionem
2551 3558 2625 3611 eis
2653 3559 2950 3626 impendere
2975 3576 3077 3614 non
3109 3578 3375 3633 negamus.

2573 3661 2953 3718 CAPITULUM
2989 3666 3174 3719 XLllL.

2346 3746 2421 3799 De
2453 3748 2735 3803 homicidiis
2762 3767 2861 3805 non
2887 3763 3057 3821 sponte
3087 3758 3380 3809 commissis.

2188 3830 2200 3867 ί
2233 3828 2305 3882 De
2330 3832 2621 3886 homicidiis
2646 3850 2744 3887 non
2773 3846 2953 3903 sponte
2974 3842 3283 3907 commissis,
3303 3844 3442 3911 quali
3466 3848 3637 3912 poeni-

2112 3915 2286 3968 tentia:
2315 3918 2684 3973 submittantur
2707 3922 2741 3973 ii
2765 3925 2853 3989 qui
2885 3923 3141 3990 fecerunt,
3165 3928 3216 3979 in
3248 3931 3472 3996 cpisc0pi
3507 3947 3633 3984 sen-

2112 4004 2269 4054 tentia
2292 4014 2515 4058 maneat.
2546 4009 2824 4077 Postquam
2850 4012 3037 4066 viderit
3065 4015 3267 4067 illorum
3288 4017 3493 4083 dignam
3515 4033 3633 4085 po:-

2113 4089 2404 4154 nitentiam,
2434 4093 2738 4149 clementius
2766 4112 2888 4166 erga
2911 4100 3025 4153 illos
3052 4103 3275 4177 agat.'Si
3309 4107 3425 4172 quis
3464 4106 3633 4162 ﬁlium

2113 4196 2261 4234 suum
2283 4197 2384 4237 non
2420 4194 2599 4253 sponte
2623 4188 2833 4253 occidit,
2850 4191 2995 4257 juxta
3020 4193 3292 4249 homicidia
3314 4211 3416 4251 non
3441 4206 3634 4265 sponte

509 4256 814 4307 exorcistam
834 4296 848 4318 ,
876 4272 978 4309 non
1004 4260 1245 4313 ostiarius
1281 4251 1525 4317 adversus
1554 4265 1795 4320 lectorem
1818 4270 1903 4322 det
1925 4286 2011 4323 ae-
2038 4271 2087 4328 D
2112 4272 2385 4325 commissa
2406 4274 2677 4341 pmniteat.

510 4342 823 4395 cusatiouem
850 4342 1091 4411 aliquam.
1131 4346 1195 4398 Et
1230 4362 1331 4399 non
1360 4349 1784 4406 condemnabitur
1806 4358 2013 4423 praesul,

511 4426 607 4479 nisi
652 4428 702 4479 in
744 4430 951 4496 triginta
995 4429 1126 4494 duo;
1167 4448 1333 4499 neque
1375 4451 1605 4490 summus
1638 4439 1950 4506 judicahitur
1986 4458 2013 4495 a

512 4529 768 4581 quoquam
786 4555 801 4579 ,
837 4517 1076 4581 quoniam
1104 4520 1352 4586 scriptum
1379 4532 1492 4587 est,
1521 4543 1618 4578 non
1647 4538 1719 4580 est
1748 4530 2016 4598 discipulus

511 4616 659 4667 super
679 4602 989 4668 magistrum.
1014 4603 1290 4672 Presbyter
1318 4618 1487 4662 autem
1521 4611 1571 4663 in
1599 4612 1805 4669 cardine
1826 4619 2019 4671 consti-

512 4692 676 4750 tutus,
693 4686 798 4739 nisi
819 4688 870 4740 in
894 4689 1228 4759 quadraginta
1248 4700 1301 4745 et
1324 4706 1546 4761 quatuor
1569 4701 1785 4753 testibus
1809 4705 2018 4757 damna-

582 4848 799 4932 enpop‘c.
825 4853 1052 4932 Mogunt.
1078 4858 1326 4932 sub_Rab.
1358 4876 1403 4915 e.
1432 4862 1524 4927 2i;
1552 4863 1768 4932 Regino,
1805 4868 1892 4921 lib.
1931 4885 2016 4930 xx,

516 4929 565 4969 α.
583 4915 689 4985 ,ιω
718 4915 970 4973 ΒιιιοὶιῖΙ.
994 4938 1064 4985 vr,
1092 4940 1139 4977 c.
1164 4926 1213 4976 7.

583 4982 611 5021 δ
647 4985 803 5037 Cone.
820 4982 1165 5056 Wormaewe.
1190 4993 1283 5057 26;
1307 4995 1500 5049 Coneil.
1519 4998 1932 5065 Triburieuse,c.
1958 5004 2017 5067 5;

522 5050 733 5100 Βθιιίιιο.
765 5053 799 5100 Ι.
831 5070 886 5100 ll-
913 5071 958 5100 η-
980 5056 1071 5100 ιὲε
1103 5060 1267 5100 Rnrnh
1336 5063 1347 5100 1
1397 5080 1447 5100 ιιι
1485 5081 1512 5100 ρ
1559 5067 1587 5100 Ω

567 5053 733 5118 egino,
765 5053 799 5103 Ι.
831 5070 886 5115 ιι,
913 5071 958 5107 c.
980 5056 1072 5121 42;
1101 5053 1311 5125 Burch.,
1334 5063 1367 5114 i.
1397 5080 1529 5123 v1.0.
1558 5067 1607 5119 8.
1741 5053 1748 5054 ί
1781 5053 1909 5065 7
1965 5053 2017 5067 VI

568 5126 626 5205 ’ἱ
654 5117 1051 5205 Cone._;l‘urp‘n._
1089 5142 1181 5189 ιιι,
1228 5130 1407 5205 c._i§;
1450 5132 1606 5205 gone.
1655 5135 1881 5205 Mogunt.
1925 5143 2022 5194 sub

719 5189 909 5309 81.2;
960 5192 1089 5245 Rab.
1125 5181 1207 5260 ερ.
1244 5198 1308 5250 ad
1346 5181 2019 5275 ιιὲιηίίιῗζὸ.’ἱξῖζῇἒείῖιᾍῖ

584 5289 623 5403 ξ’
650 5289 986 5403 ἶίὶεῐέἒέιιοη.
1012 5326 1329 5403 Bom._vulgo
1350 5332 1540 5403 dictum
1558 5351 1612 5398 ιι,
1637 5338 1731 5390 sub
1756 5336 2019 5403 Silvestre,

522 5398 640 5468 cap.
654 5382 791 5468 1.
832 5389 1112 5468 supposita
1128 5382 1852 5468 videnbtur—dinumera-"em:

524 5454 721 5505 concilii
762 5454 1069 5526 capita-quae
1093 5462 1317 5519 isidorus
1361 5482 1465 5520 suae
1492 5454 2021 5529 collectioni—inseruit

2573 4362 2763 4416 CAPIT
2772 4365 2954 4420 ULUM
2988 4367 3163 4420 XLIV.

2490 4446 2567 4500 De
2608 4452 2909 4505 continentia
2959 4452 3249 4505 sacerdotis.

2181 4533 2495 4600 Episcopus,
2527 4543 2616 4587 aut
2664 4539 2965 4605 presbyter,
3008 4548 3093 4591 aut
3138 4542 3386 4595 diaconus
3429 4545 3514 4611 qui
3574 4552 3629 4598 in

2114 4619 2455 4673 fornicatione
2474 4659 2488 4682 ,
2518 4628 2606 4674 aut
2634 4622 2893 4688 periurio,
2923 4636 3012 4678 aut
3037 4626 3176 4697 furto
3208 4628 3381 4695 lapsus
3405 4640 3503 4692 est,
3533 4632 3629 4684 de-

2112 4715 2353 4771 ponatur,
2404 4722 2505 4761 non
2556 4716 2726 4761 tamen
2774 4712 3133 4766 communione
3186 4716 3436 4780 privetur.
3492 4716 3632 4770 Dicit

2116 4876 2289 4950 Citant
2332 4876 2460 4950 E_gb.
2484 4876 2581 4950 Eb.
2608 4893 2723 4950 cap.
2753 4880 2865 4950 [42,
2891 4879 2925 4950 i_.
2946 4896 3003 4950 Av,
3029 4881 3246 4950 Qapitui.
3281 4899 3325 4937 c.
3354 4886 3450 4939 {59
3470 4887 3526 4940 C.
3554 4888 3624 4941 Μ.

2188 4954 2209 5014 εξ
2240 4943 2313 5014 Ex
2344 4944 2532 5014 decreti
2561 4943 2747 4998 Leonis
2774 4948 2793 4998 l
2821 4962 2866 4999 c.
2901 4943 2997 5013 59;
3027 4943 3241 5014 Regino,
3273 4952 3306 5003 l.
3359 4970 3394 5014 t,
3423 4969 3471 5006 c.
3500 4954 3625 5009 421.

2191 5009 2208 5047 ῐ
2236 5010 2404 5087 gone.
2445 5010 2670 5087 biogunt.
2694 5014 2788 5087 sub
2808 5014 2959 5079 Rab.,
2984 5009 3030 5069 c.
3054 5009 3147 5082 2'7;
3174 5009 3391 5087 Regino,
3417 5020 3454 5071 ι.
3485 5036 3545 5086 ιι,
3575 5039 3626 5077 c.

2116 5078 2208 5137 95;
2236 5076 2422 5129 Bureh.
2455 5079 2488 5127 l.
2521 5076 2593 5144 xl,
2626 5095 2673 5133 e.
2699 5081 2779 5132 76.
2948 5076 2955 5079 ⁷
3136 5076 3143 5082 ’
3249 5076 3280 5097 ⁷
3377 5076 3388 5083 ’
3529 5076 3544 5086 ’
3588 5076 3621 5138 ί

2187 5148 2211 5184 ε
2243 5144 2568 5221 Cmiestinus,
2612 5149 2663 5221 i_n
2689 5150 2838 5221 epist.
2880 5150 2913 5200 Ξ
2953 5149 3017 5203 ad
3050 5151 3319 5221 episcopos
3342 5155 3632 5221 provinde

2118 5212 2422 5283 Vienpensis
2444 5220 2501 5283 et
2517 5212 2883 5283 Narbonensis,
2909 5230 3019 5283 cap.
3043 5212 3093 5269 Ξῖ

2183 5281 2207 5317 h
2235 5279 2430 5359 goncil.
2462 5281 2803 5359 Triburieps.,
2830 5297 2876 5335 c.
2918 5279 3017 5347 5i";
3062 5285 3281 5353 Regino,
3318 5286 3355 5340 i.
3382 5304 3419 5352 ι,
3448 5303 3497 5341 c.
3521 5289 3631 5359 9‘;

2116 5346 2328 5408 Burch.,
2354 5347 2444 5399 lib.
2474 5364 2543 5406 ιιι,
2582 5363 2628 5401 c.
2659 5348 2742 5400 59.

2188 5414 2203 5451 i
2246 5413 2365 5485 Τῇ..
2393 5429 2438 5467 e.
2468 5415 2594 5485 i_iir;
2623 5415 2810 5469 Pmnit.
2838 5417 2985 5470 Rom.
3018 5418 3096 5471 tit.
3128 5421 3238 5485 i,c.
3274 5423 3319 5485 l,
3348 5435 3415 5478 ex
3432 5421 3633 5482 Ptianii.

2118 5480 2249 5545 Th.;
2279 5480 2435 5535 Cone.
2467 5482 2816 5548 Triburiense,
2845 5500 2956 5555 cap.
2988 5486 3077 5539 '53.
