3922 6222
318 428 422 479 949

1371 416 1895 471 ΡΟΕΝΠΕΝΤΙΑΙΕ.
1936 443 2001 452 —-
2037 412 2378 467 CAPITULA.

3333 405 3432 458 950

313 535 457 585 enim
485 533 746 600 Scriptura
778 550 789 582 :
823 545 846 572 α
877 532 996 585 Non
1023 529 1286 582 vindicabit
1310 529 1553 580 Dominus
1574 528 1646 579 bis
1674 529 1725 578 in
1750 525 1827 577 id-
1859 531 1894 577 Α
1927 524 2136 577 modum
2158 524 2368 574 vitiosas
2395 526 2594 571 constat
2621 530 2752 570 esse.
2781 515 2973 582 Nempe
3001 515 3119 568 inde
3146 516 3430 568 detrahun-

314 621 503 686 ipsum.

782 703 970 758 CAPIT
980 703 1162 758 ULUM
1198 703 1330 756 XLV

716 790 790 842 De
826 792 1065 857 episcopis
1102 790 1177 842 vel
1221 789 1428 842 clericis.

387 876 416 915 ³³
443 876 542 929 Lex
568 878 898 931 continentia:
917 879 1097 930 eadem
1121 885 1198 929 est
1219 877 1398 930 altaris
1420 875 1690 937 ministris,
1713 886 1826 941 quae

309 964 590 1032 episcopis,
621 973 710 1016 aut.
735 965 1073 1031 presbyteris,
1101 964 1190 1030 qui
1215 980 1332 1017 cum
1356 971 1530 1016 essent
1556 963 1692 1022 laici,
1719 961 1834 1015 sive.

307 1046 566 1110 lectores,
594 1048 733 1101 licite
768 1057 820 1101 et
845 1064 1035 1101 uxores
1063 1050 1276 1112 ducere,
1315 1057 1366 1102 et
1400 1049 1529 1100 ﬁlios
1554 1061 1827 1115 procreare

306 1143 610 1200 potuerunt.
636 1136 737 1189 Sed
757 1152 873 1188 cum
893 1137 956 1188 ad
978 1137 1252 1202 praedictos
1270 1137 1596 1203 pervenerint
1616 1135 1822 1204 gradus,

307 1220 473 1286 erepit
498 1220 574 1272 eis
601 1235 702 1272 non
733 1221 891 1273 licere
919 1222 1054 1288 quod
1083 1222 1244 1276 licuit.
1274 1222 1419 1276 Unde
1444 1229 1498 1276 et
1523 1222 1587 1274 de
1630 1220 1824 1274 carnali

307 1305 371 1357 ﬁt
414 1307 644 1372 spiritale
687 1309 1018 1362 connubium.
1067 1310 1278 1376 Oportet
1308 1326 1396 1363 eos
1431 1325 1528 1364 nec
1566 1310 1826 1362 dimittere

307 1409 522 1454 uxores,
553 1404 605 1446 et
637 1397 782 1462 quasi
814 1411 913 1448 non
940 1398 1180 1460 habeant,
1206 1399 1282 1450 sic
1308 1399 1517 1460 habere,
1547 1411 1650 1463 quo
1685 1396 1825 1448 salva

308 1479 384 1530 sit
423 1481 652 1536 charitas
695 1483 1101 1548 connubiorum,
1145 1493 1199 1538 et
1245 1494 1413 1539 cesset
1456 1485 1688 1552 operatio
1729 1499 1825 1536 nu-

307 1567 555 1631 ptiarum.
1275 1649 1277 1652 l
1683 1627 1710 1652 κ

773 1655 1153 1711 CAPITULUM
1188 1649 1361 1718 XLVI.

511 1739 579 1792 De
611 1742 816 1794 crimine
842 1753 1120 1809 perpetrato
1144 1745 1356 1796 in'atrio
1383 1743 1619 1796 ecclesia.

383 1822 439 1876 Si
466 1825 516 1876 in
550 1827 684 1878 atrio
721 1827 953 1881 ecclesiae
979 1829 1220 1895 quislibet
1246 1828 1571 1894 injuriaverit
1599 1827 1823 1895 aliquem
1853 1827 1898 1884 Β

305 1913 668 1979 presbyterum
686 1953 699 1976 ,
725 1915 806 1967 vel
837 1917 1024 1968 ibidem
1049 1917 1256 1984 aliquod
1294 1917 1621 1985 sacrilegium
1642 1931 1826 1983 perpe-

309 1999 547 2062 traverit,
579 2001 727 2054 altari
751 2011 802 2054 et
831 2003 1049 2056 Domino
1077 2015 1097 2041 ο
1131 2013 1484 2071 componatur.

764 2107 1140 2162 CAPITULUM
1179 2109 1373 2161 XLVII.

664 2173 739 2224 De
777 2177 990 2241 ingenuo
1029 2175 1166 2241 ﬁdeli
1209 2184 1464 2227 accusata.

379 2261 583 2316 Scelere
616 2263 659 2315 si
683 2263 798 2329 quis
840 2263 1092 2330 ingenuus
1132 2262 1297 2316 ﬁdelis
1327 2270 1556 2326 notatur,
1588 2264 1740 2318 liceat
1775 2267 1822 2318 ei

303 2363 428 2399 cum
449 2347 746 2413 iuramento
773 2364 828 2402 se
856 2364 1159 2416 expurgare.
1188 2349 1332 2414 Quod
1358 2351 1400 2402 si
1431 2350 1647 2416 quilibet
1674 2351 1820 2420 inge-

302 2449 443 2485 nuus
467 2420 608 2499 gravi
647 2434 858 2486 infamia
897 2436 1202 2500 publicetur,
1241 2443 1297 2488 ut
1338 2451 1456 2490 eum
1489 2438 1707 2504 populus
1742 2453 1820 2491 su-

301 2520 592 2586 perjuravit
619 2521 952 2574 criminosum
981 2521 1182 2583 haberi,
1211 2523 1253 2574 si
1281 2538 1335 2575 se
1359 2539 1608 2578 excusare
1643 2525 1820 2578 volue-

304 2607 395 2667 rit,
428 2606 453 2644 ἀ
480 2607 614 2661 ferro
645 2621 702 2660 se
726 2609 1003 2659 examinet.

748 2694 1127 2748 CAPITULUM
1163 2695 1379 2750 XLVIII.

530 2781 603 2833 De
626 2782 906 2848 conjugatis
927 2782 1011 2848 qui
1041 2782 1223 2833 nubere
1250 2800 1348 2834 non
1370 2794 1595 2849 possunt.

379 2877 402 2903 ο
436 2865 580 2929 Quod
609 2876 779 2924 autem
806 2870 1133 2936 interrogasti
1165 2869 1227 2920 de
1262 2870 1343 2922 his
1365 2869 1450 2936 qui
1489 2872 1820 2926 matrimonio

293 2951 466 3017 juncti
490 2961 636 3014 sunt,
664 2962 716 3005 et
742 2956 937 3006 nubere
963 2969 1066 3007 non
1093 2965 1335 3021 possunt,
1363 2957 1410 3010 si
1436 2958 1521 3011 ille
1543 2959 1716 3020 aliam,
1739 2959 1818 3014 vel

302 3041 393 3092 illa
423 3040 578 3092 alium
607 3041 795 3094 ducere
822 3041 1003 3108 possit,
1032 3049 1218 3108 quibus
1241 3045 1489 3110 scriptum
1517 3054 1595 3098 est
1618 3063 1630 3096 :
1663 3045 1751 3116 ινιτ
1773 3057 1817 3098 et

1923 621 2008 665 tur
2035 613 2270 664 homines
2298 625 2326 662 a
2363 607 2652 670 sacriﬁcio,
2683 607 2816 659 sicut
2850 605 3108 672 quondam
3144 605 3277 658 ﬁlius
3321 605 3433 659 lleli

1921 700 2252 766 peccantibus
2297 697 2514 749 rebelles
2556 696 2675 747 hinc
2719 693 2838 746 inde
2872 691 3116 746 contrarii
3155 693 3435 747 existentes

1921 787 2171 853 exemplis
2196 787 2368 852 pravis
2395 782 2623 850 quotidie
2657 778 2858 847 pejores
2887 779 3005 833 facti
3035 788 3171 832 sunt.
3215 780 3312 844 Qui
3344 797 3435 832 au-

1923 881 2024 924 tem
2059 873 2123 924 de
2161 871 2419 938 praedictis
2461 869 2588 920 viris
2627 882 2720 934 per
2759 867 3012 920 occultam
3058 867 3431 920 confessionem

1920 966 2129 1023 peccata
2161 973 2189 1009 a
2218 971 2272 1010 sc
2309 958 2559 1009 abseouse
2596 955 2869 1009 commissa
2909 970 3083 1007 coram
3121 955 3283 1007 oculis
3320 957 3431 1018 Dei,

1919 1055 2173 1114 praesente
2194 1049 2347 1099 etiam
2375 1047 2641 1100 sacerdote
2664 1047 2749 1113 qui
2771 1047 2845 1099 eis
2865 1047 3154 1098 indicturus
3176 1055 3253 1098 est
3272 1047 3437 1112 pumi—

1921 1135 2152 1197 tentiam,
2179 1135 2490 1188 conﬁtentur
2510 1145 2561 1188 et
2585 1135 2887 1202 semctipsos
2912 1136 3137 1202 graviter
3160 1135 3438 1200 deliquisse

1922 1231 2194 1282 accusant,
2226 1223 2268 1274 si
2302 1224 2557 1275 veraciter
2582 1223 2917 1289 pmnituerint
2935 1262 2947 1284 ,
2978 1231 3029 1276 et
3053 1238 3107 1274 sc
3130 1237 3222 1288 per
3242 1221 3436 1289 jejunia

1920 1317 1973 1361 et
1999 1310 2380 1378 eleemosynas,
2403 1311 2736 1378 vigiliasque,
2771 1319 2926 1377 atque
2967 1325 3142 1363 sacras
3176 1312 3440 1364 orationes

1919 1411 2039 1448 cum
2065 1395 2306 1464 lacrymis
2333 1411 2555 1464 purgare
2576 1398 2908 1456 certaverint,
2939 1396 3019 1448 his
3046 1397 3199 1448 etiam
3225 1395 3252 1434 ιι
3278 1397 3436 1463 gradu

1921 1491 2142 1542 servato,
2176 1497 2294 1548 spes
2315 1484 2480 1535 venite
2507 1483 2572 1536 dc
2599 1482 2954 1535 misericordia
2979 1482 3066 1535 Dei
3092 1483 3436 1548 promittenda

1922 1578 2022 1633 est,
2048 1571 2137 1637 qui
2163 1584 2344 1624 omnes
2368 1571 2603 1624 homines
2631 1571 2740 1623 vult
2772 1572 2943 1625 salvos
2967 1572 3100 1635 ﬁeri,
3127 1581 3177 1625 et
3205 1571 3268 1624 ad
3292 1573 3440 1639 agni»

1922 1656 2113 1712 tionem
2143 1657 2378 1710 veritatis
2402 1657 2700 1725 pervenire,
2735 1672 2900 1724 neque
2931 1657 3044 1710 vult
3077 1667 3296 1713 mortem
3318 1672 3439 1726 pec-

1921 1743 2135 1808 catoris,
2161 1745 2251 1798 sed
2275 1753 2332 1798 ut
2354 1754 2686 1799 convertatur
2712 1754 2765 1799 et
2793 1747 2947 1798 vivat.

2439 1854 2821 1908 CAPITULUM
2858 1855 2920 1908 L.

1920 1920 1996 1977 De
2031 1921 2120 1974 illo
2152 1923 2238 1991 qui
2272 1938 2361 1990 per
2398 1923 2682 2002 ebrietatem
2722 1922 2793 1975 vel
2836 1923 3153 2002 tioracitatem
3190 1921 3438 1978 Euchari-

2442 2001 2588 2042 διιωη
2620 2001 2906 2044 euomuerit.

1992 2078 2007 2116 ί
2044 2075 2100 2129 Si
2123 2076 2240 2143 quis
2264 2091 2359 2144 per
2391 2076 2692 2128 ebrietatem
2722 2078 2799 2126 vel
2827 2075 3440 2131 voracitatem‘Euchari—

1917 2164 2070 2216 stiam
2103 2163 2417 2224 evomuerit,
2459 2163 2813 2239 quadraginta,
2843 2163 2955 2216 dies
2986 2164 3140 2223 omni
3185 2172 3268 2227 at,
3302 2165 3342 2216 si
3373 2165 3440 2216 sit

1917 2252 2135 2304 clericus
2153 2289 2166 2313 ,
2194 2250 2276 2302 vel
2303 2251 2589 2303 monachus
2615 2265 2704 2302 seu
2731 2250 2926 2317 diacom
3067 2275 3106 2311 χ
3200 2260 3333 2322 yter,
3360 2267 3441 2305 se-

1916 2339 2184 2406 ptuaginta
2213 2338 2356 2401 dies;
2381 2339 2652 2404 episcopus
2683 2339 2938 2409 nonagint.
3094 2390 3112 2409 ⁸
3133 2357 3189 2394 .·ο
3224 2340 3440 2395 inﬁrmi-

1919 2353 2184 2406 ptuaguua
2213 2353 2356 2401 mes;
2381 2353 2652 2404 episcopus
2683 2355 2714 2390 ιι
2753 2353 2938 2407 uagum.
3094 2390 3112 2409 .
3133 2357 3189 2394 .-o
3224 2356 3232 2393 ι

1919 2425 2039 2476 tatis
2065 2439 2220 2478 causa
2247 2427 2534 2479 evomuerit
2552 2465 2564 2485 ,
2604 2353 2798 2493 sepgm
2828 2426 2939 2479 dies
2965 2427 3232 2494 poeniteat.

2423 2531 2803 2586 CAPITULUM
2841 2533 2922 2586 LI.

2034 2598 2089 2653 Si
2117 2599 2307 2667 aliquid
2331 2600 2392 2652 de
2421 2600 2575 2652 calice
2605 2602 2736 2652 sacri
2762 2600 3023 2668 sanguinis
3052 2601 3332 2655 stillarerit.

1985 2683 2040 2740 Si
2069 2702 2192 2740 vero
2226 2701 2319 2753 per
2359 2688 2724 2754 negligentiam
2756 2691 2818 2743 de
2858 2692 3018 2744 calice
3053 2692 3246 2760 aliquid
3276 2693 3438 2746 stilla-

1917 2776 2051 2828 verit
2079 2774 2131 2827 in
2158 2785 2366 2836 terram,
2400 2767 2572 2828 tabula
2601 2777 2828 2829 radctur.
2861 2777 2915 2829 Si
2946 2793 3047 2832 non
3078 2778 3234 2830 fuerit
3265 2780 3436 2832 tabula

1917 2875 1973 2918 ut
1997 2881 2098 2918 non
2122 2866 2474 2927 conculcetur,
2503 2865 2647 2918 locus
2672 2867 3000 2928 conradetur,
3029 2875 3080 2919 et
3107 2867 3157 2920 in
3183 2867 3296 2935 igne
3320 2883 3439 2922 con-

1915 2962 2169 3014 sumetur,
2199 2960 2251 3005 et
2275 2953 2406 3005 cinis
2431 2953 2564 3003 intra
2587 2952 2749 3006 altare
2774 2955 3102 3015 recondetur,
3126 2964 3178 3007 et
3197 2958 3437 3010 sacerdos

1917 3041 2253 3107 quadraginta
2291 3039 2401 3093 dies
2432 3039 2699 3106 pmnitcat.
2737 3039 2791 3092 Si
2827 3056 2982 3107 super
3017 3043 3180 3095 altare
3217 3042 3230 3092 i
3276 3045 3438 3097 stilla-

298 3128 484 3179 mulier
502 3129 545 3180 s‘i
569 3145 621 3181 se
646 3133 998 3196 coniunxerint
1015 3169 1028 3192 ,
1057 3143 1102 3183 et
1131 3142 1297 3193 postea
1323 3133 1503 3199 mulier
1524 3134 1585 3186 de
1605 3136 1708 3188 viro
1734 3137 1816 3188 di—

1918 3127 2048 3180 verit
2079 3127 2235 3186 calix,
2265 3128 2472 3179 sorbeat
2498 3128 2732 3180 minister
2753 3129 2959 3192 stillam,
2985 3141 3036 3183 et
3059 3139 3163 3183 tres
3189 3131 3299 3185 dies
3321 3149 3435 3200 pte-

295 3215 450 3276 xerit,
485 3213 502 3250 ί
531 3215 662 3281 quod
688 3234 785 3266 tum
809 3221 961 3281 possit
985 3220 1117 3270 coire
1130 3235 1248 3270 cum
1269 3237 1345 3282 eo,
1369 3221 1411 3272 si
1434 3230 1591 3288 potest
1608 3223 1817 3289 probare

297 3316 392 3367 per
411 3302 606 3367 justum
624 3303 898 3368 judicium,
927 3305 1060 3370 quod
1089 3321 1256 3356 verum
1281 3317 1372 3371 est,
1401 3310 1610 3377 accipiat
1639 3309 1812 3361 alium.

297 3386 429 3460 Item
454 3405 465 3438 :
492 3385 550 3441 Si
569 3390 677 3456 quis
699 3392 941 3456 acceperit
966 3407 1196 3454 uxorem,
1212 3401 1257 3443 et
1272 3393 1451 3445 [iubeat
1470 3394 1628 3460 ipsam
1647 3392 1815 3460 aliquo

299 3465 538 3541 tempore,
568 3486 612 3526 et
635 3477 742 3542 ipsa
769 3477 953 3543 femina
978 3479 1098 3530 dicit
1123 3480 1254 3545 quod
1279 3479 1377 3532 non
1401 3481 1572 3533 coisset
1599 3497 1710 3532 cum
1736 3497 1814 3545 eo,

298 3571 347 3612 et
370 3561 452 3612 ille
473 3563 548 3612 vir
567 3562 688 3612 dicit
710 3563 843 3630 quod
866 3564 979 3629 fecit
1004 3566 1192 3628 invita;
1221 3568 1282 3619 de
1317 3569 1422 3621 viro
1461 3578 1674 3632 constat,
1697 3569 1815 3638 quia

299 3647 378 3698 eir
397 3655 466 3699 est
489 3657 636 3715 caput
657 3647 900 3700 mulieris.

765 3734 1143 3789 CAPITULUM
1180 3737 1354 3790 XLIX.

302 3817 378 3869 De
403 3818 732 3888 ordinatis,isi
761 3830 874 3871 ante
892 3859 906 3882 ,
933 3820 1008 3872 rel
1042 3832 1151 3888 post
1179 3824 1540 3875 ordinationem
1570 3827 1620 3877 in
1648 3828 1814 3876 crimi-

560 3887 754 3937 nalibus
785 3889 995 3953 peccatis
1035 3887 1322 3956 deprehensi
1351 3891 1556 3957 fuerint.

372 3975 398 4012 ⁸
429 3973 500 4024 De
531 3973 610 4025 his
637 3987 759 4040 ergo
778 3974 946 4026 visum
973 3982 1052 4026 est
1074 3977 1222 4028 nobis
1247 3978 1500 4030 conscribi
1527 3979 1613 4044 qui
1641 3993 1816 4032 sacros

296 4057 508 4110 ordines
539 4059 754 4120 habent,
784 4067 837 4112 et
864 4068 1002 4122 ante,
1033 4061 1108 4113 vel
1138 4071 1256 4129 post
1281 4064 1657 4116 ordinationem
1687 4081 1812 4118 con—

297 4143 576 4195 taminatos
617 4145 922 4210 capitalibus
962 4147 1266 4201 criminibus
1302 4165 1357 4202 se
1396 4151 1719 4216 proﬁtentur.
1760 4153 1814 4205 ln

293 4229 502 4296 quibus,
527 4239 584 4282 ut
605 4231 731 4283 mihi
760 4233 979 4294 videtur,
1011 4235 1119 4286 haec
1152 4235 1397 4288 distantia
1427 4253 1541 4290 esse
1566 4239 1735 4300 debet,
1759 4250 1816 4293 ut

292 4317 340 4369 si
381 4315 681 4382 deprehensi
723 4319 805 4369 vel
839 4320 974 4386 capti
1017 4320 1208 4373 fuerint
1244 4324 1445 4388 publice
1481 4325 1529 4375 in
1568 4325 1808 4392 perjurio,

292 4400 458 4464 furto,
487 4410 575 4454 aut
598 4401 935 4457 fornicatione
954 4444 968 4467 ,
997 4412 1050 4457 et
1075 4407 1276 4459 caeteris
1310 4407 1600 4485 huiusmodi
1639 4410 1811 4467 crimi-
1843 4404 1889 4460 D

293 4491 467 4553 uibus,
485 4491 764 4546 seCundum
786 4509 1037 4549 canonum
1057 4513 1323 4552 sacrorum
1348 4501 1583 4553 instituta
1603 4516 1630 4553 a
1653 4505 1816 4571 gradu

291 4577 514 4642 proprio
532 4579 870 4646 deponantur,
905 4585 1041 4650 quod
1069 4587 1367 4640 scandalum
1394 4590 1463 4641 sit
1495 4592 1686 4658 populo
1722 4593 1814 4646 Dei

290 4677 543 4730 personas
583 4666 710 4718 tales
749 4683 902 4734 super
939 4684 994 4722 se
1022 4673 1225 4736 positas
1261 4674 1484 4739 habere,
1524 4692 1650 4743 quas
1678 4679 1810 4731 ultra

363 4790 670 4876 :Agannsub
685 4797 892 4876 nomine
912 4808 1170 4876 apost.,_c.
1194 4804 1259 4876 ῆι
1278 4821 1291 4866 ;
1310 4804 1490 4876 Dasil.,
1517 4821 1564 4859 c.
1581 4809 1636 4876 3,
1655 4809 1805 4876 epist.

293 4870 479 4934 canon.
508 4859 572 4934 a_d
605 4859 1048 4934 Amphilochium;
1082 4859 1289 4929 But-ch,
1325 4872 1358 4921 Ι.
1386 4859 1510 4934 xvri,
1542 4859 1700 4927 c.739:

365 4923 743 5009 b'jlgldelc‘retis
773 4931 965 5009 Leonis
983 4923 1162 5009 ἣξει),
1186 4936 1246 4987 l7
1263 4923 1566 5009 {‘Rabanus,‘
1579 4923 1636 4993 in
1653 4923 1803 5009 epist.

294 4991 360 5041 ad
386 4990 880 5067 Heriba.l_tlu_r_n,_-cap.
912 5000 968 5049 11
993 4990 1018 5060 ;’
1041 4990 1324 5067 Βέείιιοξι.
1354 5021 1391 5064 ι,
1423 4990 1581 5059 οζίθνίξ.

366 5067 387 5140 εξ
411 5056 620 5140 1ςοιιςίι.
648 5056 1008 5140 ‘Triburiense,
1035 5083 1081 5119 c.
1117 5056 1151 5120 ἶ
1176 5079 1229 5123 et
1246 5056 1318 5134 '6;
1355 5056 1578 5139 Regino,
1597 5073 1630 5124 l.
1670 5090 1726 5140 ιι,
1754 5091 1801 5129 ο.

293 5122 388 5180 57;
411 5121 619 5188 Burch.,
648 5125 683 5177 1.
709 5142 786 5188 ιιι,
805 5144 851 5180 c.
878 5131 992 5182 195.

366 5189 391 5226 ἀ
431 5187 561 5268 Rab.
592 5191 857 5268 Euenit").
886 5213 963 5257 ιιι,
991 5213 1103 5265 cap.
1132 5199 1185 5263 6,
1214 5216 1277 5254 ex
1300 5201 1488 5256 Parnit.
1517 5205 1711 5259 Theod.
1733 5209 1804 5262 De

299 5257 401 5333 huc
425 5259 728 5335 probatione
769 5263 883 5322 vide
905 5257 1183 5335 egregium
1216 5271 1502 5335 exemplum
1547 5257 1804 5335 apud—iiii:

299 5322 611 5409 racia—um“.
633 5326 766 5409 vae
793 5322 1300 5409 gestisvlirancomm,
1465 5322 1802 5409 “iiiis-giae,

411 5403 473 5472 Δξι
494 5426 508 5448 ,
537 5403 587 5472 .c:
606 5390 716 5455 '45;
755 5387 843 5472 οἱ.
855 5397 1070 5451 concilio
1108 5387 1523 5467 Mogunciadensi
1546 5387 1799 5472 ’ciﬁf'éii

300 5454 510 5512 Burch.,
537 5455 709 5519 lib.vt,
739 5473 784 5511 c.
815 5459 862 5512 7.
1188 5454 1214 5467 υ
1305 5454 1335 5455 ﬂ
1561 5454 1664 5472 ’Ἶ-
1706 5454 1774 5506 ﬂ.

373 5531 417 5608 ’Δ
433 5520 566 5608 Vidi;
594 5526 740 5608 epist:
771 5525 1067 5608 Rabaninad
1097 5530 1295 5608 Herib.,
1331 5551 1376 5589 c.
1406 5538 1500 5600 29;
1533 5538 1680 5608 Bcg.,
1710 5541 1798 5596 lib.

303 5602 363 5650 ιι,
391 5601 438 5639 ο.
465 5586 582 5649 (ΞΕ,
617 5586 740 5642 citat
768 5608 827 5644 ev
859 5609 921 5659 ep
974 5595 1187 5651 Rabani.

1916 3211 2104 3274 niteat;
2134 3211 2178 3264 si
2210 3225 2373 3278 usque
2395 3212 2458 3264 ad
2486 3213 2712 3274 tertiam,
2736 3229 2921 3267 novem
2947 3216 3087 3277 dies;
3115 3218 3158 3269 si
3185 3233 3346 3284 usque
3369 3219 3434 3272 ad

1915 3306 2150 3365 quartam
2169 3337 2181 3359 ,
2212 3299 2504 3364 quindecim
2533 3299 2663 3352 dies.
2702 3299 2766 3352 Et
2788 3301 3085 3354 linteamina
3111 3317 3226 3369 quae
3256 3305 3436 3372 tetige-

1917 3394 2036 3437 ruut
2085 3385 2276 3440 stillam
2321 3385 2486 3440 tribus
2531 3386 2769 3440 minister
2812 3388 2986 3442 abluat
3034 3391 3232 3443 vicibus
3272 3391 3436 3444 calice

1915 3474 2096 3524 subtus
2125 3473 2322 3538 posito,
2356 3481 2407 3524 et
2438 3487 2570 3539 aqua
2607 3474 2884 3528 ablutionis
2921 3483 3174 3538 sumatur,
3211 3484 3263 3531 et
3283 3477 3434 3545 juxta

1915 3558 2076 3610 altare
2109 3559 2434 3610 recondatur.

2415 3642 2792 3698 CAPITULUM
2830 3645 2930 3699 LII.

1912 3726 1988 3778 De
2029 3727 2114 3778 illo
2140 3730 2224 3795 qui
2269 3730 2443 3780 evomit
2489 3731 2816 3807 sacrificium,
2846 3741 2892 3783 et
2933 3749 2963 3783 a
2992 3733 3202 3786 canibus
3243 3750 3426 3787 consu-

2584 3807 2782 3850 nutum:

1983 3881 2009 3918 ιι
2035 3880 2131 3945 Qui
2174 3884 2460 3935 evomuerit
2495 3885 2826 3947 sacriﬁcium,
2855 3894 2906 3937 et
2935 3901 2963 3936 a
2993 3889 3210 3940 canibus
3236 3903 3428 3942 consu-

1912 3968 2089 4029 mitur,
2117 3983 2308 4020 annum
2338 3985 2496 4042 unum
2540 3971 2806 4036 pteniteat;
2837 3971 2926 4024 Sin
2959 3982 3130 4025 autem
3149 4014 3162 4035 ,
3194 3976 3424 4040 quadra-

1911 4057 2051 4125 ginta
2078 4057 2186 4108 dies
2213 4059 2478 4122 poeniteat.
2512 4058 2566 4110 Si
2590 4059 2643 4110 in
2667 4061 2747 4112 die
2773 4063 2978 4126 quando
3005 4063 3403 4116 communicave

1912 4143 2001 4204 rit,
2043 4141 2352 4195 sacriﬁcium
2380 4144 2683 4205 evomuerit,
2719 4146 2762 4196 si
2795 4153 2913 4197 ante
2942 4147 3162 4213 mediam
3193 4155 3417 4209 noctem,

1913 4237 2020 4280 tres
2043 4230 2483 4293 superpositiones
2516 4229 2698 4294 faciat;
2726 4233 2769 4284 si
2797 4240 2914 4298 post
2945 4233 3168 4285 mediam
3195 4245 3424 4296 noctem,

1914 4313 2072 4378 duas;
2101 4314 2145 4366 si
2172 4322 2288 4381 post
2311 4316 2610 4377 matutinas,
2640 4333 2814 4369 unam.

2395 4418 2781 4474 CAPITULUM
2818 4421 2942 4474 LIII.

2514 4505 2589 4557 De
2621 4507 2812 4559 eodem.

1986 4590 2002 4628 ι
2030 4589 2085 4644 Si
2113 4607 2236 4645 vero
2269 4593 2581 4647 sacriﬁcium
2613 4597 2920 4661 evomuerit,
2952 4598 3290 4666 quadraginta
3317 4600 3426 4654 dies

1908 4680 2176 4744 pmniteat.
2223 4678 2276 4731 Si
2317 4680 2633 4733 inﬁrmitatis
2669 4696 2855 4743 causa,
2900 4691 3094 4748 septem
3126 4685 3253 4737 dies.
3285 4683 3337 4737 Si
3373 4686 3425 4738 in

1921 4855 1926 4858 _
1962 4809 2000 4882 _f
2041 4809 2170 4882 Yide
2189 4823 2341 4882 supra
2366 4824 2481 4882 cap.
2512 4810 2792 4882 II__vetcri§
2825 4811 2940 4863 cod.
2972 4810 3257 4882 Pmnit._De
3279 4829 3417 4882 qure-

1907 4876 2153 4928 stionibus
2175 4877 2540 4940 conjuqiorum.
2567 4879 2723 4929 Cone.
2751 4877 3030 4940 Compend.
3059 4893 3104 4928 ο.
3133 4879 3213 4928 l7.

1977 4895 2153 4928 omvus
2175 4895 2263 4928 con
2294 4895 2540 4940 agrorum.
2567 4895 2723 4929 conc.
2751 4895 2873 4929 ιιοιιι
2915 4895 3030 4928 cna.
3059 4895 3104 4928 ο.
3133 4895 3152 4928 ι
3173 4895 3213 4928 ι.

1976 4945 2000 4981 Β
2036 4943 2221 4995 Pmnit.
2250 4895 2445 4992 Iiabani
2475 4958 2522 4994 c.
2551 4945 2608 5004 l;
2641 4943 2850 5005 Bnrch.,
2880 4895 2967 4995 iib.
2998 4958 3105 5001 ιιιιι.
3137 4960 3181 4996 c.
3209 4945 3338 5007 150;
3359 4960 3421 4998 ex

1906 5009 2123 5078 concilio
2150 5008 2423 5070 llerdensi,
2453 5009 2526 5078 in
2551 5025 2654 5076 quo
2684 5019 2856 5064 tamen
2887 5026 2987 5064 non
3013 5011 3200 5078 legitur
3223 5013 3308 5064 hic
3337 5030 3421 5066 ca-

1904 5089 2026 5128 non.
2051 5075 2155 5138 Ivo,
2183 5092 2234 5143 p.
2264 5091 2333 5143 vi,
2362 5092 2406 5128 c.
2439 5074 2557 5126 400.

1972 5144 1996 5179 1³
2029 5143 2155 5195 Vide
2177 5141 2259 5209 ep.
2283 5142 2462 5194 Isidori
2491 5141 2805 5208 llispalcnsis
2826 5145 2888 5196 ad
2914 5143 3205 5198 Massoncm
3221 5145 3419 5212 episco-
3473 5186 3483 5197 .

1903 5223 2254 5393 :Ziré‘igiggv
2281 5275 2372 5328 lib-
2405 5289 2419 5326 ι
2446 5274 2508 5328 de
2535 5275 2672 5329 Eccl.
2707 5277 2868 5341 Disc.,
2895 5295 3020 5352 cap.’
3040 5281 3168 5340 “9;
3198 5277 3414 5341 Burth.,

1923 5355 1993 5392 ID.
2017 5357 2068 5398 ν,
2095 5357 2140 5393 ο.
2166 5355 2250 5393 415.

1971 5406 1984 5477 i
2029 5409 2158 5477 Yide
2184 5408 2383 5463 Judicia
2405 5408 2641 5477 Gregorii
2666 5409 2751 5474 111,
2778 5428 2823 5465 ο.
2855 5413 2939 5466 28.

1971 5475 1994 5542 1}
2033 5475 2136 5542 Ivo,
2164 5492 2214 5542 p.
2242 5492 2300 5536 ιι,
2330 5491 2375 5528 c.
2402 5475 2486 5527 57.

1975 5539 1988 5576 ι
2031 5539 2215 5593 Ρωιιὶι.
2253 5543 2422 5611 Rom”
2447 5544 2527 5595 Iit.
2556 5543 2605 5607 5,
2633 5559 2680 5597 c.
2710 5546 2770 5607 8;
2800 5544 3012 5611 Burch.,
3040 5549 3130 5602 lib.
3162 5563 3214 5610 v,
3241 5560 3288 5600 c.
3309 5545 3405 5609 4-9;

1899 5609 2005 5668 Ivo,
2035 5623 2085 5674 p.
2115 5623 2171 5672 ιι,
2198 5624 2243 5659 ο.
2276 5609 2358 5662 58.
