3922 6222
498 312 589 370 95!
716 372 721 373 ί
1416 315 1753 373 THEODORI
1786 316 2091 369 ARCHIEP.
2130 313 2658 369 CANTUARIENSIS
3498 316 3602 370 952

492 426 660 494 ignem
684 423 918 493 proiecit,
940 433 1142 479 centum
1165 426 1390 492 psalmos
1408 434 1595 481 cantet.
1615 427 1671 481 Si
1692 442 1813 481 vero
1830 442 1986 481 canes
2014 429 2051 483 Α
2082 426 2335 477 buratur:
2365 433 2417 477 et
2446 425 2594 487 cinis,
2632 432 2689 477 ut
2719 438 2893 491 supra,
2923 427 3249 489 recondatur,
3270 435 3326 479 et
3357 438 3607 482 sacerdos

494 511 803 571 lambuerint
842 512 997 565 talem
1024 514 1291 576 vomitum,
1320 521 1526 567 centum
1553 515 1664 569 dies
1686 516 1774 582 qui
1800 516 1989 568 evomit
2086 512 2265 579 viginti
2298 512 2407 565 dies
2430 512 2695 580 pmniteat.

493 598 758 663 pmniteah
2558 598 2937 654 CAPITULUM
2975 599 3122 653 LVII.

2656 686 2730 739 De
2752 688 2925 740 eadem
2957 704 3028 739 re.

2156 774 2209 826 Si
2234 774 2350 841 quis
2370 774 2748 827 Eucha’ristiam
2777 774 3099 842 negligentia:
3117 790 3273 827 causa
3298 777 3605 843 perdiderit,

2089 876 2247 913 unum
2282 876 2472 914 annum
2503 863 2770 928 paeniteat,
2796 863 2877 913 vel
2901 870 3007 915 tres
3040 862 3486 929 quadragesimas,
3509 876 3606 914 seu

2089 948 2430 1016 quadraginta
2456 949 2582 1001 dies.
2612 948 2665 1001 Si
2695 949 3002 1002 sacriﬁcium
3027 949 3080 1000 in
3121 956 3263 1001 terra
3290 951 3605 1015 perdiderit,

2090 1035 2413 1103 negligentia:
2437 1051 2615 1097 causa,
2644 1036 2987 1103 quadraginta
3027 1035 3255 1101 psalmos
3279 1044 3470 1088 cantet.
3504 1034 3607 1099 Qui

2091 1121 2375 1189 neglexerit
2399 1121 2730 1182 sacriﬁcium,
2761 1130 2817 1173 ut
2847 1135 3052 1174 vermes
3081 1122 3133 1173 in
3158 1136 3221 1173 eo
3248 1123 3374 1184 sint,
3394 1131 3445 1173 et
3475 1133 3497 1159 ο
3518 1136 3614 1174 co~

2092 1205 2249 1258 iorem
2273 1221 2378 1258 non
2399 1207 2586 1260 habeat
2608 1221 2967 1275 saporemque,
2989 1208 3169 1275 viginti
3192 1208 3272 1260 vel
3298 1209 3506 1276 triginta
3524 1212 3611 1261 vel

2091 1293 2429 1361 quadraginta
2458 1295 2568 1350 dies
2588 1296 2854 1363 pmniteat.

2556 1402 2938 1456 CAPITULUM
2967 1402 3139 1456 LVIII.

2096 1466 2159 1519 Ut
2190 1468 2357 1521 nullus
2380 1470 2599 1537 injustas
2626 1486 2906 1531 mensuras,
2929 1466 2976 1522 ei
3003 1470 3226 1537 pondera
3248 1471 3459 1537 injuste,
3480 1469 3619 1523 (ueri

2531 1552 2685 1589 causa
2718 1537 2841 1589 dare
2867 1546 3159 1605 prwsumat.

2164 1623 2181 1660 ί
2212 1623 2278 1676 Ut
2304 1638 2559 1676 mensura:
2581 1632 2634 1677 et
2659 1624 2886 1691 pondera
2911 1622 3051 1690 iusta
3098 1623 3246 1686 ﬁant,
3273 1625 3409 1677 sicut
3439 1626 3492 1677 in
3529 1624 3614 1677 di-

2028 1713 2068 1769 Β
2094 1709 2227 1761 vinis
2252 1708 2451 1774 legibus
2475 1710 2731 1762 sancitum
2763 1716 2871 1773 est;
2900 1723 3026 1778 ergo
3053 1712 3328 1763 statuimus
3351 1710 3417 1763 ab
3439 1712 3615 1764 omni-

2090 1794 2185 1845 bus
2209 1796 2307 1847 hoc
2334 1794 2735 1847 observandum.
2767 1795 2833 1847 Et
2856 1796 2899 1849 si
2928 1797 3048 1861 quis
3068 1794 3239 1862 justas
3263 1811 3534 1850 mensuras
3558 1806 3617 1849 et

2084 1879 2223 1947 justa
2254 1881 2482 1947 pondera
2522 1881 2654 1933 lucri
2680 1895 2837 1935 causa
2882 1868 3085 1934 mutare
3119 1883 3527 1951 praesumpserit,
3555 1885 3614 1935 in

2089 1954 2223 2030 pane
2247 1973 2300 2017 et
2323 1980 2456 2031 aqua
2482 1966 2659 2033 viginti
2680 1966 2792 2019 dies
2815 1967 3086 2034 poeniteat.

2572 2072 2954 2126 CAPITULUM
2992 2074 3119 2127 LIX.
3148 2084 3151 2085 ⁷

2098 2140 2167 2193 De
2191 2150 2349 2193 matre
2369 2157 2481 2209 qua:
2501 2139 2744 2210 infantem
2768 2157 2915 2210 suum
2934 2142 3088 2209 juxta
3109 2143 3273 2209 ignem
3300 2145 3543 2210 posuerit,
3563 2154 3614 2196 et

2465 2225 2558 2259 sua
2581 2207 2877 2275 negligentia
2904 2207 3249 2283 rnortuusiest.

968 685 1346 743 CAPI-TULUM
1380 689 1506 743 LIV.

557 773 630 826 De
659 774 976 828 Eucharistia
1005 776 1273 829 inveterata
1298 793 1386 845 per
1406 780 1766 846 quinquaginta
1796 779 1921 831 dies.

558 891 582 919 ι
605 880 769 933 Omne
808 882 1115 936 sacrificium
1158 884 1366 937 sordida
1403 892 1661 937 vetustate
1702 886 1956 951 perditum
1978 924 1991 949 ,

490 967 607 1033 igne
638 969 1041 1023 comburendum
1086 978 1195 1034 est,
1223 980 1275 1023 et
1318 971 1448 1024 cinis
1470 972 1615 1039 juxta
1654 971 1818 1023 altare
1850 984 1997 1037 sepe-

488 1052 708 1108 liendus.

984 1143 1363 1199 CAPITULUM
1395 1145 1480 1198 LV

490 1226 564 1279 De
586 1226 686 1281 illis
710 1230 795 1297 qui
819 1244 919 1282 non
941 1230 1057 1282 bene
1077 1232 1399 1301 cugodierint
1424 1247 1603 1301 corpus
1628 1241 1672 1284 et
1700 1233 1994 1300 sanguinem

1142 1298 1362 1349 Domini.

554 1400 584 1440 δ
606 1401 702 1466 Qui
726 1417 827 1456 non
855 1402 985 1456 bene
1011 1404 1313 1456 custodierit
1339 1404 1665 1467 sacriﬁcium,
1694 1414 1747 1459 et
1772 1420 1886 1459 mus
1914 1406 1992 1458 vel

489 1491 696 1558 aliquod
726 1492 911 1543 animal
961 1492 1307 1545 aliud~onierf
1348 1496 1412 1545 rit
1458 1494 1610 1557 illud,
1656 1493 1994 1561 quadraginta

491 1580 599 1632 dies
620 1579 883 1647 poeniteat.
910 1578 1005 1644 Qui
1034 1589 1204 1633 autem
1225 1582 1507 1648 perdiderit
1528 1582 1650 1633 illud
1676 1582 1726 1633 in
1754 1581 1991 1643 ecclesia,

492 1675 579 1719 aut
599 1682 719 1735 pars
742 1667 853 1733 ejus
878 1668 1140 1731 ceciderit,
1165 1676 1215 1720 et
1241 1684 1341 1721 non
1372 1670 1577 1721 inventa
1612 1668 1789 1731 fuerit,
1813 1668 1993 1735 viginti

463 1756 600 1827 Idies
633 1756 897 1821 pmniteat.
948 1754 1269 1808 Profundens
1305 1757 1495 1823 aliquid
1540 1772 1693 1823 super
1728 1756 1891 1808 altare
1935 1757 1997 1807 de

446 1826 681 1903 Vcaliee,
726 1840 930 1907 quando
974 1843 1205 1904 offertur,
1247 1858 1334 1894 sex
1371 1844 1479 1895 dies
1522 1842 1799 1908 paeniteat;
1830 1849 1920 1893 aut
1952 1844 1995 1893 si

489 1926 851 1990 abundantius,
889 1935 1017 1993 septi
1037 1943 1083 1978 ιιι
1115 1928 1223 1980 dies
1252 1929 1516 1994 prniteat.
1546 1927 1643 1991 Qui
1672 1938 1851 1980 autem.
1880 1943 1996 1995 per-

491 2012 656 2065 fundit
690 2014 932 2077 calicem,
971 2015 1091 2066 dum
1124 2015 1425 2067 solemnitas
1469 2016 1638 2067 missa:
1684 2015 1993 2075 celebratur,

489 2105 827 2171 quadraginta
850 2105 959 2158 dies
981 2107 1245 2173 pmniteat.
1276 2106 1338 2157 Et
1380 2104 1467 2173 qui
1492 2105 1749 2171 acceperit
1792 2102 1995 2156 sacriﬁ-

490 2192 627 2243 cium
671 2191 894 2259 pollutus
921 2203 1175 2247 nocturno
1208 2205 1459 2260 tempore,
1487 2202 1682 2258 septem
1732 2192 1994 2257 paeniteat.

494 2278 747 2330 Diaconus
759 2278 1066 2333 obliviscens
1086 2280 1394 2332 oblationem
1413 2279 1621 2342 offerre,
1636 2280 1796 2331 donec
1815 2278 1999 2330 offera-

496 2375 584 2421 tur
603 2367 898 2431 linteamen,
912 2368 1115 2433 quando
1128 2366 1409 2419 recitantur
1426 2365 1632 2418 nomina
1649 2364 1995 2431 pausantium,

494 2454 731 2509 similiter
748 2454 1013 2522 pomiteat.
1034 2454 1129 2517 Qui
1151 2454 1514 2522 negligentiam
1539 2466 1659 2518 erga
1689 2450 1999 2503 sacriﬁcium

495 2543 693 2605 fecerit,
719 2550 777 2595 ut
809 2542 1070 2595 vermibus
1108 2548 1464 2607 consumptum
1494 2540 1558 2593 ad
1594 2538 1810 2592 nihilum
1845 2540 1997 2592 deve-

496 2632 646 2696 nerit,
678 2640 699 2668 °
733 2638 839 2683 tres
877 2628 1293 2698 quadragesimas
1337 2630 1387 2681 in
1434 2642 1565 2696 pane
1593 2638 1645 2682 et
1677 2642 1806 2695 aqua
1838 2628 2001 2693 poeni-

497 2724 619 2771 teat.
644 2715 696 2770 Si
720 2715 973 2785 integrum
1001 2716 1263 2768 inventum
1293 2715 1467 2777 fuerit,
1495 2716 1546 2766 in
1567 2729 1627 2767 eo
1652 2715 1843 2767 vermis
1862 2730 2001 2767 com-

2165 2299 2188 2335 ε
2227 2296 2406 2357 Mater,
2434 2295 2476 2346 si
2502 2293 2649 2362 juxta
2685 2292 2855 2346 focum
2888 2294 3133 2348 infantem
3171 2311 3322 2348 suum
3351 2298 3608 2364 posuerit.

2166 2384 2320 2458 homo
2340 2396 2526 2447 aquam
2552 2381 2604 2433 in
2629 2380 2910 2434 caldarium
2933 2383 3152 2445 miserit,
3171 2392 3223 2435 et
3241 2384 3454 2436 ebullita
3479 2399 3632 2449 aqua.

2098 2470 2264 2525 infans
2307 2470 2609 2537 superfusus
2645 2480 2881 2523 mortuus
2928 2470 3115 2533 fuerit,
3162 2486 3257 2538 pro
3304 2473 3618 2541 negligentia

2097 2565 2262 2609 mater
2286 2556 2572 2623 pmuiteat:
2599 2563 2653 2607 et
2676 2555 2761 2607 ille
2780 2551 2936 2608 homo
2956 2570 3173 2609 securus
3197 2557 3284 2609 sit.

2594 2662 2976 2717 CAPITULUM
3015 2664 3122 2715 LX.

2188 2754 2258 2805 De
2286 2755 2401 2805 viris
2423 2753 2691 2812 ordinatis,
2714 2768 2925 2820 quorum
2951 2762 3153 2817 peccata
3178 2752 3372 2804 occulta
3394 2763 3530 2803 sum.

498 2807 730 2866 buratur,
754 2811 806 2856 et
830 2803 959 2856 cinis
985 2804 1081 2855 sub
1101 2802 1249 2854 altari
1276 2803 1542 2855 condatur.

980 2909 1356 2964 CAPITULUM
1392 2909 1516 2962 LVI.

1068 2997 1138 3049 De
1166 2997 1338 3049 eadem
1369 3014 1436 3050 re.

2170 2843 2192 2879 δ
2222 2842 2293 2894 De
2324 2841 2452 2894 viris
2494 2840 2763 2903 ordinatis,
2790 2855 3009 2907 quorum
3037 2848 3249 2907 peccata
3290 2839 3491 2892 occulta
3524 2855 3626 2892 nec

2104 2926 2375 2981 manifeste
2424 2929 2489 2981 ab
2538 2928 2710 2994 aliquo
2757 2929 2902 2995 argui
2952 2935 3198 2996 possunt,
3250 2926 3292 2979 si
3343 2926 3627 2980 salubriter

2036 3001 2077 3060 ε
2106 3016 2398 3083 compuncti
2438 3030 2531 3083 pro
2559 3017 2787 3082 peccatis
2822 3016 3201 3068 confessionem
3232 3015 3475 3082 episcopo
3515 3017 3629 3068 sive

565 3105 592 3143 ἀ
619 3104 673 3159 Si
720 3105 964 3159 ceciderit
1007 3106 1314 3159 sacriﬁcium
1360 3108 1420 3160 de
1465 3108 1699 3160 manibus
1744 3105 2006 3161 offerentis
2106 3104 2409 3170 presbytero
2450 3103 2653 3155 occulte
2698 3102 2911 3165 faciunt,
2941 3103 3132 3155 bonum
3169 3104 3295 3155 mihi
3340 3104 3546 3155 videtur
3572 3113 3631 3154 ut

503 3203 637 3248 terra
656 3201 822 3255 tenus,
849 3203 1014 3246 etnon
1039 3195 1351 3257 inveniatur,
1379 3210 1531 3248 omne
1561 3196 1902 3263 quodcunque
1932 3199 2009 3247 in-
2108 3193 2390 3244 secundum
2424 3192 2474 3243 id
2512 3193 2648 3257 quod
2689 3192 2952 3245 decretum
2981 3191 3136 3245 fuerit
3164 3194 3229 3245 ab
3262 3193 3507 3259 episcopo
3548 3193 3630 3244 vel

500 3288 706 3335 ventum
736 3279 892 3332 fuerit
927 3281 977 3331 in
1017 3281 1127 3333 loco
1154 3281 1205 3332 in
1231 3296 1331 3347 quo
1354 3282 1619 3342 ceciderit,
1643 3285 2005 3343 eomburatur;
2109 3282 2430 3349 presbytero,
2453 3281 2807 3358 pcenilentiam
2830 3288 2984 3347 agant
3006 3295 3107 3332 non
3131 3280 3322 3346 tepide,
3347 3295 3441 3331 nec
3462 3281 3631 3341 tarde,

498 3376 554 3421 et
574 3369 719 3429 cinis,
745 3376 802 3419 ut
826 3382 998 3435 supra,
1028 3368 1394 3431 abseondatur;
1429 3376 1478 3419 et
1505 3368 1584 3418 cui
1613 3368 1891 3431 acciderat,
1925 3368 2009 3420 ille
2110 3368 2197 3420 sed
2218 3368 2477 3421 ferventer
2489 3377 2540 3419 et
2560 3368 2805 3429 sollicite;
2824 3382 2886 3419 ac
2900 3368 2973 3419 sic
2989 3382 3043 3420 se.
3064 3368 3267 3420 veniam
3294 3376 3629 3433 peccatorum

500 3454 725 3508 medium
752 3469 941 3507 annum
966 3456 1228 3521 poeniteat.
1262 3453 1315 3505 Si
1346 3467 1467 3505 vero
1492 3454 1801 3505 sacriﬁcium
1833 3458 2009 3505 inven-
2110 3472 2139 3507 a
2165 3456 2382 3510 Domino
2409 3464 2761 3525 percepturos,
2788 3466 2839 3509 et
2858 3457 3070 3525 gradum
3102 3471 3157 3510 se
3189 3465 3479 3509 retenturos
3505 3469 3635 3508 con-

506 3553 612 3595 tum
646 3541 821 3605 fuerit,
852 3542 995 3595 locus
1024 3541 1191 3607 scopis
1228 3541 1522 3603 mundctur,
1556 3550 1607 3590 ut
1647 3556 1818 3607 supra,
1865 3556 1978 3593 com
2119 3544 2288 3595 'iilant.

575 3668 742 3737 IVVJvo,
792 3685 844 3737 p.
893 3686 1036 3733 n,c.
1079 3668 1178 3729 59;
1221 3683 1284 3721 ex
1333 3669 1549 3722 concilio
1594 3669 1877 3722 Arelatensi
1928 3686 2005 3729 ιιι,

588 3672 742 3735 I,lvo,
792 3685 844 3737 p.
893 3686 963 3733 ιι,
990 3686 1036 3723 c.
1079 3672 1178 3729 59;
1221 3683 1284 3721 ex
1333 3672 1549 3722 concilio
1594 3672 1877 3722 Arelatensi
1928 3686 2005 3729 ιιι,
2186 3672 2203 3709 τ
2246 3672 2539 3739 Capitularc
2568 3672 3006 3742 Aquisgranense,
3038 3690 3083 3726 c.
3130 3672 3224 3731 τις
3254 3687 3401 3726 conc.
3435 3672 3637 3725 Arciat.

588 3736 636 3786 5.
2119 3756 2157 3786 γι
2214 3760 2257 3786 ι’.
2296 3741 2380 3786 H1
2414 3756 2559 3786 anno.
2589 3741 2782 3786 Tnmn-
2816 3757 2891 3786 ιιι-
2923 3757 2967 3786 ρ-
2998 3741 3080 3786 ιίΐὶ-

510 3755 556 3789 C.
588 3755 636 3786 ἱ).

2119 3756 2157 3791 γι
2214 3760 2257 3789 ι’.
2296 3741 2380 3799 li;
2414 3756 2559 3792 conv.
2589 3741 2783 3795 Turon.
2816 3757 2892 3801 ut,
2923 3757 2967 3793 c.
2998 3741 3080 3791 45.

511 3872 537 3920 ὁ
579 3806 603 3842 ιι
638 3802 722 3857 lvo
750 3820 802 3872 p.
836 3820 901 3869 ιι,
930 3820 977 3859 c.
1020 3804 1113 3867 60;
1145 3804 1208 3857 de
1252 3803 1547 3859 Consecrat.
1589 3807 1707 3857 dist.
1744 3806 1807 3866 2,
1840 3820 1884 3855 c.
1914 3804 2011 3867 Qui
2198 3809 2397 3920 ilione.
2464 3806 2798 3861 'fiiburiense
2859 3817 3087 3877 tempore
3148 3810 3385 3862 Formosi
3456 3823 3640 3876 papm,

541 3887 627 3920 ene
656 3888 771 3920 non.
2116 3890 2162 3920 ιι-
2202 3896 2231 3920 ;ι
2273 3914 2284 3920 -

541 3887 627 3922 ene
656 3888 771 3924 non.

581 3949 605 4011 οξ
635 3937 866 4011 Gregorii
896 3940 955 3991 ιιι
978 3940 1199 4011 ludicia,
1225 3956 1270 3994 c.
1297 3941 1384 3996 28.

2116 3892 2162 4011 ﬁ
2202 3876 2614 4005 “ianua-.11).,
2652 3958 2697 3996 c.
2740 3945 2788 3995 ι.
2832 3945 2945 3996 Vid.
2978 3944 3157 3997 Isidor.
3187 3943 3407 4011 llispal.,
3453 3957 3537 4009 ep.
3573 3945 3653 3997 ad,

584 4003 607 4039 ά
642 4003 1102 4075 Ιχοξρμιιενςκϐο.
1310 4074 1322 4075 γ
1345 4073 1361 4075 _
2118 4009 2219 4059 Mas
2242 4024 2405 4060 ,onenw
2434 4014 2591 4075 opisr.

586 4080 607 4105 ε
644 4070 876 4139 Gregorii
900 4073 961 4126 Ill
986 4072 1205 4137 Iudicia,
1231 4089 1277 4127 c.
1300 4073 1387 4128 28.

2074 4211 2221 4220 —_

697 4285 1189 4363 CAPITULA
1241 4288 1724 4363 PATRIBUS
1777 4288 2215 4362 CONCILII
2273 4288 2999 4369 HERUDFORDIJE
3052 4296 3433 4369 OBLATA

1390 4411 1439 4482 A
1486 4408 2020 4485 THEODORO
2080 4410 2740 4503 PRAESIDENTE,

970 4516 1203 4574 Collum
1233 4536 1363 4576 cum
1395 4520 1587 4577 tribus
1620 4517 1926 4577 codicibus
1956 4535 2091 4575 mss.
2124 4518 2413 4578 Historia:
2446 4520 2775 4597 Anglorum
2809 4524 2943 4583 Ven.
2990 4526 3179 4587 Bedes.

594 4739 809 4804 Quibus,
835 4737 1000 4805 inquit
1026 4736 1345 4801 Theodorus,
1381 4740 1554 4792 statim
1580 4740 1766 4806 protuli
1792 4737 2028 4790 eumdem
2052 4737 2102 4795 D
2129 4752 2394 4793 servemus
2432 4743 2695 4797 Dominiea
2734 4754 2849 4811 post
2892 4746 3143 4799 decimam
3188 4756 3427 4812 quartam
3463 4750 3661 4807 lunam

528 4826 717 4880 librum
742 4839 1015 4885 canonum,
1041 4833 1093 4877 et
1120 4838 1182 4876 ex
1207 4824 1384 4877 eodem
1413 4824 1545 4878 libro
1568 4826 1741 4878 decem
1782 4823 2025 4891 capitula,
2132 4824 2281 4889 primi
2313 4830 2525 4880 mensis.

502 4927 647 4983 'qua:
680 4925 774 4979 per
816 4910 925 4963 loca
966 4919 1301 4964 notaveram:
1340 4913 1459 4979 quia
1500 4913 1718 4964 maxime
1752 4912 1899 4965 nobis
1935 4925 2026 4962 ne-

535 5004 758 5057 cessaria
783 5001 1028 5065 sciebam,
1076 5002 1175 5054 illis
1219 5016 1393 5054 coram
1417 5004 1639 5065 ostendi,
1667 5012 1719 5055 et
1742 5012 1799 5055 ut
1826 5004 1936 5055 haec
1959 5002 2029 5053 di-

537 5090 779 5159 ligentius
801 5090 866 5141 ab
890 5089 1127 5143 omnibus
1154 5090 1553 5157 susciperentur,
1582 5092 1778 5160 rogavi.
2206 5087 2230 5123 b
2262 5086 2327 5138 Ut
2352 5087 2521 5137 nullus
2554 5091 2907 5156 episcoporum
2936 5071 3234 5158 parochiam
3259 5094 3475 5148 alterius
3501 5100 3657 5150 iuva-

1090 5175 1127 5227 1.
1164 5176 1237 5229 De
1264 5176 1486 5229 Pascha.
2137 5177 2248 5237 dat,
2294 5177 2380 5230 sed
2430 5188 2702 5232 contentus
2749 5181 2815 5232 sit
2862 5182 3233 5248 gubernatione
3283 5184 3499 5236 creditas
3553 5185 3662 5240 sibi

611 5275 635 5301 ι
666 5262 734 5316 Ut
765 5271 994 5316 sanctum
1040 5263 1175 5316 diem
1214 5264 1427 5319 Pascha:
1454 5267 1505 5319 in
1546 5278 1819 5321 commune
1863 5284 2040 5323 omnes
2136 5263 2314 5329 plebis.

2665 4970 2722 5021 ll.
2754 4971 2825 5021 De
2851 4972 3104 5040 episcopis-

614 5397 637 5423 ι
665 5384 1108 5461 (ξοηῇΑι-ριμιρ.
1130 5387 1151 5438 l
1173 5386 1635 5461 Ldecretutnconc.
1662 5393 1869 5445 Niczcni.
1895 5396 2039 5461 Apud

614 5397 637 5423 ι
665 5395 819 5463 υοιιο..
842 5395 977 5436 Aret.
1002 5401 1039 5447 l,
1062 5401 1108 5439 c.
1130 5395 1151 5438 t
1173 5403 1185 5448 ;
1210 5395 1469 5441 decretum
1492 5406 1635 5445 conc.
1662 5395 1869 5445 Niczcni.
1895 5396 2039 5461 Apud
2140 5398 2199 5447 de
2217 5395 2459 5462 Synodis;
2488 5397 2863 5457 Theodoret.,l.
2894 5414 2903 5447 I
2937 5398 3149 5460 llist.,c.
3177 5400 3235 5459 8;
3268 5399 3375 5455 Vici.
3406 5416 3528 5455 can.
3558 5405 3665 5455 sub

550 5452 757 5518 Euseb,
780 5453 865 5505 lib.
891 5454 1144 5506 mdeVita
1169 5454 1633 5527 Constantini,cap.
1664 5462 2040 5523 18;Atlianas.,
2140 5465 2345 5514 nomine
2375 5474 2536 5527 apost.
2566 5465 2616 5513 7.

723 5492 757 5518 ι,
781 5488 865 5505 un.
892 5488 945 5503 III
963 5488 1022 5505 ιιι..
1050 5488 1063 5504 v
1082 5488 1144 5506 ua
1170 5488 1633 5523 uvuawuuul,cap’.
1665 5488 2040 5523 ιο,ηιιιξιιιίιδ-,

2140 5465 2345 5514 nomine
2375 5474 2536 5528 apust.
2566 5465 2616 5513 7.

2216 5532 2239 5566 ι’
2279 5529 2426 5583 Cone.
2462 5531 2719 5594 Antioch,
2745 5548 2787 5581 ι’.
2817 5533 2848 5585 5
