3922 6222
191 368 301 424 953

676 476 758 529 III.
799 474 872 526 Ds
899 474 1228 526 monasteriis.

260 584 286 609 ιι
316 569 387 623 Ut
407 581 626 637 quaeque
652 563 966 618 monasteria
992 561 1098 614 Deo
1121 568 1418 614 consecrata
1454 559 1577 611 nulli
1602 560 1709 626 epi-

187 669 476 723 scoporum
513 654 666 706 liccat
689 665 749 704 ea
781 651 832 702 in
872 647 1043 714 aliquo
1079 646 1384 713 inquietare,
1424 660 1520 698 nec
1559 643 1711 710 quid-

187 759 357 814 quam
380 743 443 796 de
467 756 648 795 eorum
675 741 831 792 rebus
851 737 1102 791 violenter
1125 735 1441 788 abstrahere.
1493 759 1516 782 Ι

705 827 790 881 IV.
824 827 898 879 De
925 825 1201 878 monachis.

260 921 293 960 ι
317 919 390 974 Ut
413 917 651 972 monachi
677 927 698 955 ε
724 931 824 969 non
852 916 1072 981 migrent
1096 901 1158 966 de
1181 913 1292 966 loco
1313 912 1376 964 ad
1400 912 1590 972 locum,
1617 911 1715 962 hoc

187 1016 295 1072 est,
324 1008 393 1062 de
421 1006 734 1060 monasterio
759 1005 822 1057 ad
849 1003 1243 1062 monasterium.
1277 1001 1375 1054 nisi
1412 1017 1504 1068 per
1539 999 1715 1053 dimis-

187 1096 400 1149 sionem
432 1094 630 1162 proprii
669 1092 893 1154 abbatis,
917 1091 1008 1144 sed
1041 1091 1092 1142 in
1122 1103 1181 1142 ea
1215 1098 1553 1162 permaneant
1588 1090 1712 1141 obe-

1248 353 1788 408 PCENITENTIALE.
1827 383 1893 394 —-
1931 355 2278 410 CAPI'IL'LA‘.

3225 354 3324 407 951.

1737 473 1781 529 Α
1808 471 2090 526 hitioncm:
2122 487 2301 524 omnes
2332 477 2611 539 agnoscant
2642 478 2843 535 tempus
2869 475 2920 520 et
2941 467 3173 521 ordinem
3202 484 3322 520 con-

1809 556 2114 610 secrationis
2143 571 2266 609 suae.

2155 643 2242 696 IX.
2288 644 2357 695 De
2383 646 2727 712 episcoporum
2751 659 2972 696 numero.

1876 730 1904 767 ιι
1942 729 1998 781 In
2038 744 2312 784 commune
2358 738 2637 783 tractatum
2680 740 2762 784 est
2795 739 2852 782 ut
2893 731 3066 799 plures
3101 731 3329 799 ρνὶερονῑ

1809 823 2076 869 crescente
2096 830 2313 870 numero
2338 816 2564 869 ﬁdelium
2587 825 2924 884 augerentur;
2951 816 3042 870 sed
3063 817 3123 869 de
3150 817 3245 868 hac
3277 832 3328 868 re

1809 901 1873 953 ad
1897 918 2125 969 praesens
2146 903 2374 957 silcmus.

2324 1011 2388 1064 Χ.
2423 1010 2498 1063 De
2525 1011 2779 1079 conjugio.

1886 1103 1897 1138 i
1937 1100 2036 1152 Pro
2061 1097 2331 1167 coniugiis,
2355 1105 2413 1150 ut
2436 1098 2561 1150 nulli
2591 1099 2744 1151 liceat
2776 1099 2876 1151 nisi
2901 1097 3190 1168 legitimum
3233 1101 3327 1150 ha-

185 1183 428 1245 dientia,
461 1196 616 1250 quam
660 1189 890 1246 tempore
930 1193 1037 1231 sua:
1076 1177 1427 1231 conversionis
1445 1159 1713 1243 'promise-

1810 1185 1933 1238 bere
1955 1159 2288 1238 connnb'iuin.
2305 1159 2486 1236 Nullus
2513 1188 2770 1236 incestum
2798 1159 3184 1237 faciatj'Nullus
3205 1200 3302 1237 con
3317 1213 3330 1220 -

186 1278 346 1325 ηιηι.

749 1355 806 1408 ν.
849 1353 924 1406 De
950 1353 1165 1406 clericis.

255 1462 284 1502 «ι
315 1462 388 1517 Ut
431 1462 600 1514 nullus
638 1459 944 1514 clericorum
980 1457 1278 1523 relinquens
1309 1454 1574 1522 proprium
1603 1452 1714 1518 cpi-

184 1562 446 1616 mpnm,
489 1548 682 1616 passim
720 1545 952 1613 quolibet
989 1545 1284 1597 discurrat:
1321 1554 1496 1606 neque
1529 1536 1715 1590 alicubi

187 1639 412 1693 veniens
454 1637 646 1704 absque
689 1632 1127 1688 commendatitiis
1154 1630 1341 1683 litteris
1367 1629 1446 1682 sui
1477 1627 1716 1706 praesulis

185 1723 528 1790 suscipiatur.
567 1721 712 1785 Quod
753 1721 795 1773 si
837 1718 995 1773 semel
1038 1724 1308 1783 susceptus
1331 1722 1439 1777 est,
1469 1723 1521 1767 et
1552 1713 1714 1791 noluit

187 1808 450 1861 invitatus
485 1809 677 1870 redire,
704 1815 758 1861 et
807 1814 1097 1874 susceptor,
1124 1812 1178 1858 et
1221 1804 1266 1857 is
1308 1803 1397 1871 qui
1443 1811 1714 1869 susceptus

187 1904 272 1952 est
292 1897 822 1952 excommunicationi
849 1895 1155 1963 subjacebit.
1473 1888 1475 1890 ’

430 2006 509 2058 VI.
538 2006 611 2058 De
636 2005 878 2073 episcopis
905 2013 951 2056 et
977 2000 1170 2055 clericis
1196 2000 1487 2070 peregrinis.

261 2127 287 2154 ο
320 2115 394 2168 Ut
429 2113 654 2181 episcopi
685 2119 838 2178 atque
861 2111 1036 2164 clerici
1073 2109 1330 2176 peregrini
1358 2105 1584 2160 contenti
1613 2106 1717 2157 sint

190 2201 564 2271 hospitalitatis
605 2213 820 2252 munere
855 2199 1049 2259 oblato,
1087 2197 1314 2264 nullique
1339 2209 1520 2248 corum
1565 2194 1716 2245 liceat

190 2293 355 2345 ullum
382 2289 606 2344 oﬁicium
643 2287 962 2342 sacerdotale
993 2287 1188 2353 absque
1210 2283 1466 2351 permissu
1487 2281 1712 2347 episcopi

190 2381 244 2432 in
269 2377 424 2446 cujus
448 2375 692 2445 parocbia
715 2387 831 2429 esse
857 2374 1208 2441 cognoscitur,
1236 2381 1407 2441 agere.

714 2479 818 2534 VII.
859 2479 935 2532 De
958 2479 1183 2546 synodis.

260 2572 282 2610 ί
325 2571 400 2627 Ut
421 2571 502 2626 bis
542 2571 596 2624 in
625 2585 764 2623 anno
801 2569 1030 2637 synodus
1065 2575 1442 2637 congregetur:
1474 2569 1565 2621 sed
1594 2569 1714 2634 quia

191 2660 416 2714 diverse
441 2672 611 2712 causae
645 2658 952 2725 impediunt,
981 2656 1174 2725 placuit
1209 2655 1449 2708 omnibus
1478 2655 1530 2707 in
1570 2669 1713 2708 com-

191 2760 371 2811 mune,
395 2755 454 2800 ut
475 2747 717 2816 Kalendis
735 2745 951 2814 Augusti
972 2745 1025 2798 in
1048 2744 1162 2798 loco
1181 2745 1270 2811 qui
1299 2743 1586 2812 appellatur
1605 2741 1725 2794 Clo-

193 2834 438 2890 Ioslsootb
463 2835 623 2890 semel
645 2837 695 2889 in
722 2850 858 2889 anno
879 2841 1238 2925 congregetur.

528 2923 648 2978 VIII.
677 2923 754 2976 De
779 2923 1123 2991 episcoporum
1146 2924 1382 2988 primum.

1805 1270 1978 1340 iugem
2002 1272 2288 1339 propriam,
2310 1269 2433 1332 nisi,
2458 1278 2517 1323 ut
2538 1279 2773 1322 sanctum
2796 1269 3130 1338 Evangelium
3158 1271 3327 1335 docet,

1810 1359 2168 1413 fornicationis
2191 1375 2346 1413 causa
2376 1360 2652 1426 relinquat.
2676 1357 2821 1422 Quod
2850 1358 2892 1410 si
2917 1357 3186 1425 quisquam
3215 1373 3330 1426 pro-

1807 1450 1976 1518 priam
2021 1449 2280 1517 expulerit
2320 1447 2589 1514 coniugem
2618 1447 2852 1514 legitimo
2879 1446 2976 1499 sibi
3005 1447 3334 1500 matrimonio

1809 1538 2170 1603 conjunctam,
2196 1536 2240 1589 si
2267 1534 2594 1604 Christianus
2620 1549 2735 1587 esse
2766 1543 2908 1587 recte
2936 1534 3179 1597 voluerit,
3207 1535 3334 1587 nulli

1810 1623 1961 1675 alteri
2004 1622 2303 1688 ecpuletur;
2337 1623 2426 1676 sed
2449 1623 2519 1675 ita
2544 1629 2868 1689 permaneat,
2897 1631 2985 1674 aut
3012 1623 3232 1690 propria:
3257 1638 3338 1675 re~

1813 1709 2120 1770 concilietur
2142 1709 2312 1762 uxori.

1825 1809 1828 1813 ‘
1878 1797 1970 1851 His
1999 1798 2174 1864 itaque
2217 1796 2477 1863 capitulis,
2498 1804 2558 1849 ut
2583 1797 2912 1864 persequitur
2932 1780 3334 1858 Theodorus,lin

1812 1899 2086 1939 commune
2126 1884 2363 1937 tractatis
2392 1899 2453 1936 ac
2493 1882 2746 1948 diilinitis,
2774 1890 2832 1937 ut
2859 1883 3054 1936 nullum
3095 1881 3337 1950 deinceps

1815 1974 1881 2024 ab
1927 1971 2100 2038 aliquo
2128 1977 2364 2023 nostrum
2405 1971 2604 2023 oriatur
2633 1970 2980 2024 contentionis
3015 1967 3334 2027 scandalum,

1815 2067 1906 2111 aut
1929 2058 2028 2110 alia
2069 2073 2176 2125 pra:
2214 2057 2329 2109 aliis
2355 2057 2764 2125 divulgarentur,
2793 2057 2987 2124 placuit
3022 2065 3080 2109 ut
3119 2070 3336 2123 quaeque

1811 2142 2030 2198 diﬂinita
2073 2152 2214 2206 sunt,
2244 2137 2600 2209 unusquisque
2628 2150 2862 2196 nostrum
2900 2157 3083 2196 manus
3115 2143 3335 2209 pmprize

1809 2229 2190 2296 subscriptione
2234 2228 2583 2281 conﬁrmaret.
2611 2227 2777 2293 Quam
2805 2227 3115 2281 sententiam
3143 2224 3334 2280 diﬁini-

1809 2320 1964 2372 tionis
1989 2317 2164 2371 Titillo
2207 2319 2408 2370 notario
2451 2317 2779 2371 scribendam
2821 2318 3030 2372 dictavi.
3058 2319 3246 2371 Actum
3286 2317 3336 2370 in

1809 2419 1988 2459 mense
2033 2412 2085 2458 et
2130 2403 2413 2458 indictione
2460 2405 2845 2472 suprascriptis.
2873 2403 3121 2471 Quisquis
3172 2402 3333 2472 igitur

1813 2501 1996 2545 contra
2042 2493 2176 2544 hanc
2230 2490 2539 2543 sententiam
2567 2489 2738 2558 \juxta
2782 2490 2990 2543 decreta
3042 2503 3330 2552 canonum,

1813 2584 1992 2630 nostra
2032 2577 2192 2628 etiam
2243 2575 2584 2629 consensione
2627 2589 2686 2628 ac
2728 2575 3109 2645 subscriptione
3153 2589 3340 2630 manus

1811 2673 2007 2720 nostra:
2052 2663 2415 2717 conﬁrmatam
2464 2678 2672 2732 quoquo
2717 2661 2868 2718 modo
2907 2665 3087 2717 venire
3119 2677 3338 2730 eamque

1812 2754 2092 2822 infringere
2121 2753 2419 2815 tentaverit,
2455 2752 2659 2804 noverit
2684 2765 2740 2805 se
2768 2753 2836 2805 ab
2862 2753 3002 2804 omni
3049 2751 3216 2806 oﬁicio
3257 2767 3340 2805 sa-

1812 2842 2056 2896 cerdotali
2084 2849 2136 2893 et
2162 2848 2342 2893 nostra
2371 2841 2618 2893 societate
2644 2839 3004 2906 separandum.
3031 2837 3213 2892 [urina
3241 2855 3334 2893 vos

1811 2930 1977 2998 gratia
2003 2928 2054 2979 in
2078 2927 2276 2979 unitate
2299 2936 2491 2980 sanctae
2513 2925 2759 2980 Ecclesia!
2783 2939 2890 2978 suae
2913 2925 3146 2979 viventes
3162 2932 3337 2979 custo-

263 3017 288 3055 ¹
310 3013 383 3070 Ut
409 3014 580 3068 nullus
601 3013 960 3082 episcoporum
981 3026 1036 3065 se
1059 3008 1300 3078 praeferat
1324 3008 1471 3062 alteri
1492 3023 1585 3075 per
1605 3023 1713 3061 am-
1739 3049 1783 3109 Ε.
1815 3015 1925 3068 diat
1953 2999 2258 3066 inculumes.

261 3151 288 3179 ι
324 3139 488 3193 Co'nc.
518 3139 694 3203 Ilerd.,
720 3154 764 3192 c.
794 3140 846 3192 5.

265 3207 292 3244 δ
319 3206 521 3261 Concil.
545 3206 813 3268 Cbalced.,
841 3221 888 3259 c.
911 3204 970 3266 4;
993 3218 1140 3256 conc.
1164 3203 1554 3272 Andegavense,
1579 3219 1624 3258 c.
1646 3207 1709 3266 8;

157 3275 166 3280 ’
196 3282 344 3328 eone.
377 3274 701 3336 Veneticum,
729 3289 774 3327 c.
806 3273 864 3336 6;
904 3279 1050 3339 conc.
1078 3272 1390 3339 Agathense,
1423 3287 1468 3322 c.
1494 3273 1578 3334 27,
1615 3274 1709 3335 58;

196 3342 548 3409 οοιιςηΑιιιει.
572 3357 611 3404 ι,
636 3358 684 3395 c.
712 3338 1197 3409 19;,conc.ﬂ'l‘_uron.
1230 3355 1289 3400 ιι,
1314 3355 1359 3393 c.
1391 3340 1471 3390 lli.

267 3419 290 3447 α
324 3408 419 3462 Hic
443 3410 595 3477 vulgo
626 3405 831 3477 legitur
853 3409 903 3460 iu
934 3407 1087 3477 editis
1120 3405 1425 3477 Utepiswpi
1463 3407 1712 3477 monac/ii.

196 3473 346 3540 Quod
392 3473 584 3530 rectius
629 3473 777 3528 abest
803 3491 831 3527 a
861 3473 1058 3528 duobus
1107 3473 1372 3526 codicibus
1395 3475 1604 3540 optimis
1639 3475 1717 3526 bi-

200 3543 470 3596 bliothecae
499 3544 743 3600 Thuanae,
775 3551 828 3594 et
873 3541 936 3592 ab
963 3540 1125 3606 altero
1158 3542 1519 3606 antiquissimo
1563 3554 1715 3605 quem

200 3611 280 3662 vir
306 3611 636 3663 doctissimus
663 3609 946 3662 Chiﬁletius
973 3606 1027 3662 S.
1057 3605 1105 3657 .I.
1137 3621 1339 3658 mecum
1370 3608 1721 3659 communica-

200 3679 294 3756 vit,
317 3686 474 3756 atque
492 3677 647 3756 etialu
671 3675 1235 3756 ab‘excerptis‘ligbcrti
1256 3675 1410 3756 Elior.
1436 3675 1576 3751 arch2
1603 3688 1716 3738 cap.

201 3742 291 3805 66,
314 3740 544 3797 ιώἶτείεε
581 3744 870 3795 Theodorus
915 3740 1034 3793 dicit
1059 3740 1342 3791 {Monac/ii
1373 3757 1468 3791 non
1509 3742 1720 3807 migrent

182 3810 264 3862 ,de
305 3809 438 3872 loco,
464 3819 562 3863 etc.
606 3811 806 3862 Etenim
856 3809 1110 3876 alioquin,
1151 3809 1247 3859 hoc
1275 3807 1556 3876 capitulum
1602 3821 1718 3858 cum

202 3876 342 3929 nullo
366 3892 564 3931 canone
590 3881 892 3942 cujusquam
922 3875 1100 3942 synodi
1134 3875 1472 3940 prta-cedentis
1497 3889 1716 3926 consen-

204 3943 347 3996 tiret.

271 4011 294 4049 δ
333 4012 492 4065 Cone.
523 4011 716 4064 Arelat.
765 4027 802 4071 ι,
831 4025 876 4062 c.
905 4010 1003 4073 21;
1034 4023 1181 4061 conc.
1228 4008 1490 4060 Niczenum
1510 4047 1526 4072 ,
1552 4023 1598 4060 c.
1631 4009 1714 4070 i5,

207 4077 298 4139 16;
327 4093 476 4131 conc.
503 4079 901 4136 Antiochenum,
936 4092 984 4129 c.
1016 4079 1073 4138 5;
1113 4091 1260 4129 conc.
1287 4077 1521 4136 Laodic.,
1549 4090 1595 4127 c.
1627 4076 1715 4136 Μ,

209 4143 304 4206 ﬂ;
332 4160 450 4198 can.
492 4147 587 4198 sub
621 4146 827 4197 nomine
864 4151 1028 4209 apost.
1074 4143 1164 4204 M;
1208 4157 1356 4195 conc.
1415 4143 1594 4194 Carth.
1650 4157 1722 4204 IV,
1754 4151 1800 4208 ι)

1815 3159 1863 3197 c.
1888 3143 2082 3206 5;cod.
2105 3141 2302 3195 Eccles.
2327 3139 2576 3204 Afric.,c.
2607 3141 2697 3203 7i;
2723 3154 2870 3193 conc.
2899 3141 3256 3204 Toletanumi,
3282 3158 3332 3195 c.

1818 3211 1910 3272 ης
1953 3225 2115 3278 conc.
2145 3209 2532 3278 Andegavensc,
2565 3209 2704 3278 c..I_;
2739 3222 2884 3278 conc.
2930 3207 3254 3278 Epaonense,
3283 3225 3330 3262 c.

1817 3279 1880 3340 6;
1905 3292 2052 3330 conc.
2079 3275 2377 3337 Valent.,'c.
2401 3277 2463 3337 εἰς
2489 3291 2637 3328 conc.
2665 3275 2831 3327 Tolct.
2855 3290 2915 3336 ιι,
2941 3289 2987 3327 c.
3014 3275 3064 3326 2.

1891 3345 2191 3464 QGSynodus
2223 3345 2277 3397 S.
2306 3343 2536 3404 Patricii,
2567 3358 2614 3395 c.
2647 3344 2732 3395 50.
2762 3342 2919 3394 Citat.
2943 3341 3163 3410 Capitul.
3195 3341 3229 3394 l.
3259 3357 3332 3402 vl,

1821 3429 1868 3466 C.
1891 3429 1974 3464 δυ.

1896 3480 1912 3517 ί
1955 3479 2113 3532 Cone.
2155 3477 2441 3540 Nicaenum,
2464 3492 2509 3530 c.
2538 3477 2592 3540 5,
2621 3482 2673 3528 et
2701 3476 2878 3543 plures
2904 3474 2991 3527 alii
3020 3489 3247 3527 canones
3272 3491 3335 3528 ex

1815 3562 1962 3600 conc.
1995 3546 2222 3598 Nicaeno.

1887 3618 1909 3652 Β
1948 3613 2142 3664 Concil.
2174 3611 2382 3664 Milevit.
2408 3626 2479 3671 ιι,
2509 3625 2554 3662 c.
2595 3610 2673 3671 I3,
2702 3610 2791 3671 id;
2826 3610 2877 3661 in
2918 3609 3119 3675 integro
3160 3610 3336 3662 codice

1815 3680 2060 3733 Ecclesiae
2112 3678 2389 3740 Africanae,
2428 3693 2473 3730 c.
2514 3676 2606 3739 86;
2644 3692 2705 3729 ex
2744 3692 2890 3729 conc.
2922 3675 3193 3736 Afric...c.
3235 3676 3329 3734 55;

1814 3763 1960 3800 conc.
1984 3747 2185 3805 Carth.,
2210 3761 2262 3796 n.
2284 3746 2370 3808 19,
2391 3747 2486 3798 sub
2501 3744 2712 3810 Aurelio
2733 3745 3007 3812 episcopo;
3031 3757 3177 3795 conc.
3201 3743 3337 3810 Aga-

1816 3816 2021 3866 thcnse.
2048 3827 2095 3864 c.
2123 3812 2209 3864 23.

1816 3823 2021 3874 thense,
2048 3827 2095 3864 c.
2123 3823 2209 3864 ‘23.

1887 3882 1912 3919 ιι
1951 3879 2109 3932 Cone.
2137 3877 2316 3931 Carth.
2348 3892 2406 3939 ιι,
2433 3893 2480 3930 c.
2512 3877 2563 3930 5.

1894 3950 1908 3986 ί
1953 3947 2108 3999 Cone.
2140 3945 2374 4007 Milevit.,
2420 3961 2464 3998 c.
2507 3944 2602 4007 i7;
2633 3943 3049 4012 Innocent.Iep.
3091 3944 3154 4012 ad
3199 3943 3335 4012 Exu-

1819 4015 2022 4081 perium
2049 4013 2380 4078 episcopum,
2415 4027 2462 4062 c.
2501 4012 2548 4062 6.
2575 4040 2643 4050 —
2671 4013 2826 4065 Citat.
2868 4012 2957 4066 lib.
2994 4011 3045 4063 vi
3088 4011 3333 4078 Capitul.,

1820 4097 1867 4134 c.
1892 4081 1976 4134 87.

223 4274 3336 4300 Μ

893 4381 1074 4440 ALIA
1119 4378 1497 4438 CAPITULA
1541 4374 1941 4435 COLLECTA
1983 4375 2091 4434 EX
2132 4372 2646 4434 FRAGMENTIS.

461 4517 820 4588 Fragmenta
855 4530 928 4572 ex
964 4511 1245 4588 capitulis
1280 4528 1312 4569 a
1348 4528 1473 4570 rev.
1510 4513 1583 4571 D.
1617 4510 1776 4569 Luca
1812 4507 2073 4568 Acherio
2117 4507 2299 4566 editis
2341 4507 2401 4565 in
2434 4507 2745 4583 Spicilegii
2774 4517 2940 4574 tomo
2969 4515 3076 4574 IX.

554 4704 667 4763 Hic
716 4701 1265 4777 prwtermittuntur
1306 4721 1431 4778 qum
1471 4717 1659 4775 supra
1701 4703 1910 4766 notata
1947 4705 2083 4755 sunt
2118 4695 2194 4753 ad
2227 4697 2634 4756 Panitentiale
2677 4700 2992 4764 Theodori.

868 4885 980 4923 CAP.
1009 4883 1079 4922 νι.

286 4973 309 4998 ι
337 4959 435 5024 Qui
464 4959 546 5012 bis
570 4958 816 5025 baptizati
854 4963 973 5009 sunt
1014 4955 1334 5022 ignorantes,
1365 4966 1466 5004 non
1495 4952 1724 5018 indigent

219 5047 539 5112 poenitentia,
570 5045 668 5098 nisi
715 5045 850 5110 quod
881 5042 1161 5095 secundum
1203 5054 1430 5093 canones
1456 5053 1557 5090 non
1600 5052 1719 5104 pos-

223 5143 339 5187 sunt
361 5136 608 5197 ordinari,
645 5132 741 5184 nisi
768 5146 862 5199 pro
889 5145 1072 5197 magna
1110 5129 1434 5182 necessitate.
1474 5127 1571 5190 Qui
1600 5140 1722 5177 vero

225 5238 322 5276 non
362 5224 616 5292 ignorant,
648 5221 793 5288 quasi
821 5220 1006 5271 iterum
1042 5217 1302 5269 Christum
1331 5214 1716 5272 cruciﬁxerunt,

226 5309 503 5371 pmoiteant
528 5315 722 5374 septem
747 5304 916 5364 annis,
947 5311 1128 5368 quarta
1157 5301 1304 5362 feria,
1327 5307 1376 5352 et
1402 5307 1545 5351 sexta
1570 5298 1714 5359 feria,

227 5401 277 5444 et
300 5397 465 5448 tribus
491 5392 914 5464 quadragesimis.

294 5512 315 5538 κ
346 5502 555 5562 Burch.,
583 5503 613 5552 l.
658 5517 727 5559 ιν.
771 5517 816 5553 c.
844 5500 936 5555 5|;
970 5500 1074 5558 Im,
1115 5515 1160 5565 ῃ.
1196 5514 1231 5559 ι,
1270 5512 1313 5548 c.
1368 5495 1487 5556 IIS;
1524 5494 1611 5547 Gr.
1656 5495 1716 5547 dc

235 5565 406 5634 Cons,
425 5571 536 5622 dist.
567 5571 614 5634 ὦ,
635 5586 678 5618 c.
700 5568 906 5632 Quibus.

1747 4824 1812 4833 _

2411 4881 2475 4916 EX
2509 4880 2620 4918 CAP.
2652 4883 2742 4919 νιι.

1895 4950 1921 4987 b
1951 4949 2046 5011 Qui
2084 4959 2364 5015 operantur
2408 4953 2457 5003 in
2497 4951 2579 5002 die
2619 4951 2919 5021 Dominico,
2960 4959 3126 5014 Graeci
3167 4964 3332 5029 prima

1825 5037 1936 5088 vice
1973 5044 2216 5103 arguunt,
2260 5040 2482 5092 secunda
2522 5041 2705 5094 tollunt
2758 5043 2979 5110 aliquid,
3025 5048 3175 5099 tertia
3223 5049 3334 5100 vice

1825 5124 2027 5175 tertiam
2072 5127 2273 5189 partem
2312 5124 2374 5176 de
2416 5128 2596 5190 rebus,
2624 5136 2676 5179 et
2719 5130 2992 5197 vapulant,
3022 5131 3102 5185 vel
3136 5143 3332 5201 septem

1825 5210 2002 5262 diebus
2027 5213 2328 5276 pceniteant.
2373 5241 2386 5256 -

2421 5318 2486 5354 EX
2520 5317 2630 5356 CAP.
2666 5321 2734 5357 IX.

1893 5383 2174 5438 Ecclesium
2201 5386 2320 5438 licet
2355 5403 2545 5453 ponere
2578 5392 2626 5442 in
2658 5391 2759 5443 alio
2795 5392 2907 5447 loco
2932 5395 2972 5445 si
3001 5408 3210 5448 necesse
3235 5399 3307 5451 sit

1823 5491 2068 5608 ήίςιέιιγιὲὰ
2102 5500 2247 5546 "oms
2275 5495 2338 5545 ad
2371 5495 2550 5549 rem“
2586 5497 2704 5560 Th"
2733 5501 2791 5552 "*3
2813 5514 2966 5566 θρίδΓο
2998 5500 3132 5566 quod
3162 5502 3296 5558 inter
