3922 6222
595 398 694 452 935

589 602 725 656 aqua
749 591 971 657 aspergi.

1211 697 1325 741 CAP.
1352 699 1445 737 XII.

654 759 820 814 Graeci
841 763 979 815 omni
1007 764 1273 821 Dominica
1303 769 1383 823 die
1422 773 1819 835 communicant,
1848 774 1957 826 sive
1989 764 2090 828 cle-

590 843 687 898 Iici
716 849 822 900 sive
850 849 996 910 laici,
1039 862 1089 904 et
1116 855 1202 921 qui
1231 856 1393 909 tribus
1419 857 1699 917 Dominicis
1731 877 1833 913 non
1860 876 2091 915 commu-

589 930 891 997 nicaverint,
916 941 1443 994 excominunicentur.
1463 943 1681 997 Romani
1703 946 1938 1001 similiter
1957 965 2093 1002 com-

590 1019 852 1072 municant
893 1025 977 1088 qui
1021 1026 1217 1091 volunt,
1246 1031 1333 1095 qui
1361 1040 1532 1084 autem
1562 1033 1839 1098 noluerint,
1878 1051 1978 1088 non
2006 1052 2091 1090 ex-

590 1103 1049 1167 cOmmunicentur.
1083 1127 1105 1153 ει
1135 1116 1448 1173 Pienitcntcs
1477 1134 1598 1187 vero
1628 1125 1905 1176 secundum
1934 1140 2092 1181 cano-

588 1204 681 1245 nes
706 1208 807 1250 non
839 1195 1023 1257 debent
1047 1205 1425 1259 communicare
1446 1216 1567 1259 ante
1597 1214 2091 1267 consummationem

590 1284 922 1348 pcrnitentim.
953 1286 1254 1343 Theodorus
1297 1291 1458 1344 dicit:
1489 1293 1593 1346 Nos
1618 1310 1743 1348 vero
1776 1311 1868 1363 per
1895 1300 2095 1353 miscri—

590 1371 817 1422 cordinm
850 1380 965 1438 post
1006 1388 1197 1433 annum
1225 1376 1305 1427 vel
1347 1390 1438 1428 sex
1473 1392 1675 1432 menses
1715 1380 1970 1434 licentiam
2004 1384 2096 1437 da-

590 1471 723 1508 mus.
755 1456 1207 1523 Una'pmnitentia
1237 1470 1317 1521 est
1343 1463 1506 1517 viduae
1529 1472 1580 1516 et
1604 1466 1815 1532 puellm;
1846 1470 2092 1537 majorem

589 1544 808 1605 meruit,
837 1558 948 1609 qua:
983 1545 1153 1600 virum
1196 1548 1379 1613 habet,
1418 1550 1462 1603 si
1505 1549 1856 1607 fornicationis
1895 1554 2094 1607 crimen

591 1631 925 1685 commiserit.

1226 1737 1339 1776 CAP.
1369 1740 1457 1777 XIV

659 1804 686 1841 δ
716 1805 956 1881 Bigamus
990 1807 1239 1874 paeniteat
1272 1812 1439 1879 primo
1472 1827 1626 1875 anno,
1656 1821 1835 1881 quarta
1873 1813 2003 1869 feria
2039 1824 2093 1871 et
2120 1796 2164 1855 Β

592 1899 741 1943 sexta
767 1878 916 1955 i‘eria;
945 1902 995 1945 et
1022 1896 1072 1947 in
1100 1878 1505 1967 quadragesimis
1532 1878 1697 1956 tribus
1717 1900 1972 1955 abstineat
1990 1916 2044 1956 se
2064 1918 2093 1957 a

594 1980 857 2045 carnibus,
881 1989 933 2033 et
961 1991 1247 2050 separetur.

1226 2086 1337 2123 CAP.
1363 2087 1469 2125 XVI.

659 2156 715 2211 In
737 2162 904 2227 primo
940 2164 1176 2231 conjugio
1202 2162 1355 2217 debet
1378 2165 1652 2233 presbyter
1677 2167 1889 2221 missam
1923 2183 2095 2236 agere,

592 2252 643 2297 et
670 2246 973 2300 benedicere
1002 2249 1179 2301 ambos
1203 2267 1215 2301 :
1246 2258 1297 2302 ct
1325 2258 1503 2316 postea
1529 2254 1815 2313 abstineant
1842 2269 1896 2308 se
1922 2256 1987 2309 ab
2013 2271 2098 2310 ec-

594 2331 750 2384 clesia
786 2335 994 2400 triginta
1023 2337 1227 2397 diebus;
1259 2338 1444 2403 quibus
1477 2341 1699 2405 peractis
1725 2343 2009 2409 pmniteant
2038 2343 2100 2395 15

596 2417 791 2477 diebus,
820 2426 870 2469 et
906 2429 1089 2475 vacent
1129 2422 1383 2488 orationi,
1413 2431 1465 2475 et
1499 2433 1678 2493 ιον-διεδ
1718 2429 2102 2482 communicent

600 2516 716 2555 cum
739 2499 1017 2559 oblatione.

712 2660 715 2663 η
1158 2648 1165 2649 ,
1215 2610 1329 2649 car.
1359 2611 1487 2650 xvu.

660 2672 918 2744 Ingenuus
944 2693 1060 2731 cum
1089 2681 1306 2749 ingenua
1335 2682 1574 2751 conjungi
1599 2683 1767 2739 debet.

1204 2781 1314 2820 CAP.
1343 2782 1473 2821 XVIII

671 2858 693 2883 ε
723 2846 777 2900 Si
805 2852 920 2916 quis
944 2853 1157 2907 maritus
1180 2862 1355 2908 votum
1380 2856 1597 2911 Domino
1619 2858 1773 2915 habet
1798 2858 2106 2925 virginitatis

603 2936 893 3007 adjungitur
919 2942 1095 3005 uxori,
1130 2953 1307 3010 postea
1334 2960 1438 2998 non
1475 2946 1701 3006 dimittat
1742 2962 1952 3002 uxorem
1972 2987 1986 3012 ,
2015 2949 2109 3021 sed

602 3027 847 3090 pamiteat
884 3024 1045 3079 tribus
1068 3031 1234 3082 annis.
1259 3031 1387 3084 Vota
1412 3033 1570 3084 stulta
1594 3032 1874 3102 frangenda
1902 3044 2022 3088 sunt
2054 3044 2105 3089 et

604 3112 964 3179 importabilia.
998 3115 1177 3169 Mulier
1213 3133 1314 3170 non
1345 3120 1498 3172 debet
1530 3135 1718 3175 vovere
1750 3124 1863 3175 sine
1900 3123 2107 3176 licentia

603 3200 700 3252 viri
726 3200 834 3264 sui;
864 3203 957 3255 sed
977 3196 1021 3256 Si
1046 3206 1261 3269 voverit,
1284 3207 1475 3260 dimitti
1500 3216 1685 3276 potest.

1204 3328 1331 3367 ω’,
1358 3330 1503 3367 XXXI.

668 3415 695 3454 (ι
723 3417 979 3471 Animalia
1002 3420 1137 3472 coitu
1160 3422 1458 3476 hominibus
1482 3424 1759 3478 commixta
1784 3425 2106 3492 occidantur,

604 3514 657 3559 et
690 3520 876 3559 carnes
904 3508 1116 3562 canibus
1155 3510 1523 3580 projiciantur;
1566 3522 1619 3571 et
1645 3516 1731 3570 ubi
1761 3517 1974 3573 dubium
2009 3524 2106 3579 est,

608 3606 711 3644 non
734 3595 1063 3647 comedenda.

1210 3701 1323 3741 CAP.
1362 3705 1526 3743 XXXII.

683 3798 706 3826 ε
734 3787 789 3842 In
818 3804 921 3843 uno
955 3790 1105 3849 altari
1151 3793 1279 3847 duas
1328 3793 1497 3849 facere
1538 3797 1723 3851 missas
1766 3801 2107 3854 conceditur:

613 3881 666 3925 et
694 3874 777 3926 ille
819 3877 907 3942 qui
952 3878 1095 3943 prius
1137 3881 1447 3935 manducare
1482 3884 1758 3951 probatur,
1790 3886 1853 3940 ad
1878 3887 2111 3941 osculum

614 3974 717 4014 non
736 3964 1069 4028 permittitur.

1201 4067 1313 4111 CAP.
1355 4071 1528 4110 ηιιν.

680 4153 903 4209 Infantes
952 4161 1250 4212 monasterii
1294 4163 1680 4227 quatuordecim
1718 4166 1867 4218 annis
1904 4180 2114 4220 carnem

614 4242 944 4295 manducant.
1666 4250 1669 4251 ⁷

1207 4347 1319 4385 CAP.
1348 4348 1503 4386 XXXV.
1533 4366 1537 4377 τ

686 4410 705 4448 ί
734 4408 996 4466 Confessio
1018 4414 1123 4467 Deo
1147 4416 1259 4479 soli,
1285 4418 1331 4472 si
1357 4427 1568 4473 necesse
1596 4428 1696 4484 est,
1724 4424 1806 4491 agi
1834 4424 1973 4477 licet.

1248 4536 1360 4575 CAP.
1402 4539 1485 4576 XL.

683 4622 710 4661 ε
733 4621 829 4685 Qui
858 4635 973 4674 cum
1007 4637 1185 4678 sorore
1213 4626 1512 4693 fornicatur,
1542 4634 1932 4697 quatuordecim
1962 4636 2115 4689 annis

617 4708 882 4774 poeniteat.

686 4883 713 4950 ς
896 4877 1135 4950 Excerpt.
1162 4882 1367 4950 Egberti
1397 4886 1572 4949 Ebor.,
1597 4901 1644 4939 c.
1669 4888 1751 4940 59.

686 4895 713 4911 «ι
759 4895 865 4927 vin.
896 4895 1031 4931 mce
1100 4895 1135 4931 t.
1164 4895 1367 4950 ngnerti
1397 4895 1572 4949 isnon,
1597 4901 1644 4939 c.
1669 4895 1751 4940 59.

685 4938 861 5022 bnYid.
892 4895 1377 5022 conc.l:i)\'_eoca:sar.,
1407 4953 1543 5022 c._7;
1574 4968 1719 5013 conc.
1748 4955 1933 5021 Laod.,
1977 4972 2025 5017 c.
2058 4959 2114 5022 l;

624 5006 680 5059 S.
709 5005 973 5079 BasiLep.
1000 5013 1062 5063 ad
1091 5005 1421 5079 Amphih.,'c.
1452 5019 1502 5069 4.

627 5073 938 5192 signauit:
959 5078 1128 5144 Rem,
1154 5073 1232 5133 tit.
1262 5082 1311 5143 8,
1343 5073 1451 5150 cap.
1484 5086 1575 5149 ll;
1607 5084 1751 5140 Grat.
1781 5087 1898 5140 dist.
1928 5088 2014 5155 27,
2045 5105 2118 5157 c.,

668 5160 683 5191 ι
783 5181 796 5192 .

668 5160 683 5191 ι
705 5155 796 5194 ιιιν.

692 5214 718 5248 α
745 5206 967 5273 μθρίῑιιὶ.
997 5210 1087 5264 lib.
1112 5227 1185 5273 vi,
1208 5229 1253 5266 c.
1283 5214 1400 5267 206.

698 5284 720 5347 ξ
744 5272 892 5347 Prior
918 5291 1039 5342 pars
1064 5294 1127 5331 ex
1154 5280 1337 5332 Pmnit.
1369 5284 1585 5347 Theod.,
1614 5288 1726 5339 cod.
1756 5288 1809 5339 S.
1838 5287 2013 5342 Germ.

699 5338 722 5418 ξ
748 5333 854 5418 I'vo,
880 5333 935 5418 p:
960 5359 1073 5418 ἱιιι,
1096 5361 1141 5397 c.
1176 5348 1305 5418 1555

699 5406 723 5478 ἕ
751 5406 1136 5478 ξωηίιιῐὶοηι..
1162 5414 1243 5466 tit.
1271 5406 1322 5478 ὅ,
1348 5430 1393 5469 c.
1422 5418 1505 5471 30.

697 5470 721 5537 β
748 5471 869 5537 Cap.
898 5474 964 5526 22
993 5485 1045 5528 et
1071 5470 1153 5529 27.

706 5536 721 5575 ί
749 5536 845 5607 lvo,
878 5555 926 5609 p.
956 5557 1013 5605 ιι,
1046 5559 1090 5598 c.
1116 5545 1200 5607 45,
1226 5564 1289 5601 ex
1316 5551 1654 5621 Eutychiano.

1504 404 1835 460 THEODOIU
1870 405 2171 460 ARCHIEP.
2210 405 2733 460 CANTUARIENSIS

588 512 641 555 et
670 512 792 556 tunc
818 503 967 556 debet
994 504 1178 559 iterum
1216 509 1520 575 sacriﬁcari,
1546 528 1639 566 nec
1681 522 1881 566 tantum
1910 520 2086 567 sancta
2116 516 2159 569 Α

3590 407 3694 458 956

2808 527 2919 563 CAP.
2948 527 3055 563 XLI.

2254 600 2278 636 ιι
2308 598 2561 651 Sacerdos
2584 596 2836 663 tangendo
2882 597 3147 649 mulierem
3190 598 3574 665 coinquinatus,
3627 600 3695 651 40

2186 684 2366 737 diebus
2391 686 2654 752 pceniteat.

2729 770 2793 806 EX
2825 768 2936 806 CAP.
2968 768 3106 805 XLIV.

2256 836 2468 889 Maritus
2488 853 2585 890 non
2608 838 2757 891 debet
2780 853 2991 890 uxorem
3020 852 3167 891 suam
3194 841 3385 891 nudam
3410 840 3609 893 videre.

2828 940 2939 977 CAP.
2980 942 3028 977 L.

2262 1011 2277 1048 ί
2311 1008 2407 1074 Qui
2436 1012 2693 1077 acceperit
2740 1011 3051 1064 sacrificium
3090 1021 3206 1078 post
3252 1011 3441 1073 cibum,
3490 1021 3693 1079 septem

2188 1093 2367 1146 diebus
2402 1094 2450 1144 in
2472 1094 2664 1161 judicio
2691 1096 3070 1163 episcoporum.

2826 1196 2937 1232 CAP.
2979 1196 3049 1232 LI.

2259 1264 2271 1311 1'
2307 1263 2402 1327 Qui
2430 1265 2677 1317 occiderit
2702 1267 3008 1318 monachum
3031 1266 3112 1318 vel
3146 1266 3388 1318 clericum
3428 1280 3574 1319 arma
3608 1282 3697 1319 re-

2188 1350 2404 1418 linquat,
2434 1359 2486 1405 et
2518 1351 2734 1405 Domino
2760 1355 2972 1415 serviat,
3022 1353 3104 1405 vel
3147 1362 3341 1419 septem
3390 1354 3535 1406 annis
3574 1371 3697 1423 pce-

2188 1436 2365 1489 niteat.

2817 1518 2930 1557 CAP.
2971 1519 3062 1557 ιιι.

2258 1590 2284 1628 ι
2314 1589 2410 1654 Qui
2441 1591 2739 1659 episcopum
2763 1591 2845 1643 vel
2884 1592 3241 1660 presbyterum
3267 1593 3516 1647 accnderit
3542 1631 3558 1654 ,
3586 1594 3700 1659 regi

2190 1677 2527 1730 dimittendus
2553 1685 2635 1729 est
2660 1677 2726 1730 ad
2746 1677 3014 1745 judicium.

2817 1778 2928 1815 CAP.
2966 1778 3079 1827 1.7m.

2265 1846 2281 1884 1
2314 1846 2367 1900 Si
2396 1847 2557 1901 laicus
2603 1849 2821 1902 alterum
2848 1850 3311 1902 odiimeditatione
3352 1850 3626 1909 occiderit,
3657 1848 3704 1902 si

2191 1948 2293 1984 non
2348 1934 2455 1985 vult
2498 1947 2642 1985 arma
2695 1935 2984 2000 relinquere
3009 1973 3025 1995 ,
3048 1936 3297 2001 paeniteat
3322 1945 3520 2001 septem
3551 1935 3708 1987 annis

2190 2020 2301 2073 sine
2325 2034 2510 2081 carne;
2564 2022 2604 2072 si
2639 2035 2733 2086 per
2771 2021 2902 2072 iram
2941 2021 3199 2083 subitam,
3232 2021 3397 2087 tribus
3435 2022 3626 2073 annis:
3660 2022 3707 2072 si

2192 2114 2362 2158 autem
2388 2120 2511 2158 casu
2540 2106 2620 2157 vel
2650 2115 2855 2168 eventu,
2884 2122 2989 2159 uno
3012 2121 3165 2160 anno.

2811 2209 2923 2245 CAP.
2964 2209 3065 2246 LIV.

2258 2287 2296 2313 ιι
2332 2276 2553 2329 Pecunia
2597 2278 2827 2331 ecclesiae
2866 2279 3058 2340 furata,
3109 2280 3217 2332 sive
3246 2288 3425 2345 rapta,
3455 2279 3713 2333 reddatur

2194 2365 2562 2431 quadruplum;
2602 2366 2854 2433 populari,
2885 2365 3158 2433 dupliciter

2840 2468 2951 2504 CAP.
2997 2467 3077 2504 LV.

2266 2537 2318 2589 Si
2350 2538 2465 2605 quis
2506 2538 2839 2592 fornicaverit
2886 2556 3001 2592 cum
3043 2542 3264 2611 virgine,
3301 2556 3405 2593 uno
3432 2554 3569 2593 anno
3593 2556 3712 2611 po:—

2196 2629 2361 2697 niteat
2388 2644 2401 2680 :
2430 2629 2485 2682 Si
2515 2645 2633 2682 cum
2668 2631 2911 2682 maritata
2935 2670 2947 2694 ,
2978 2631 3146 2683 tribus
3176 2631 3358 2691 annis;
3388 2645 3548 2682 unum
3579 2631 3717 2681 inte-

2198 2731 2367 2783 grum,
2399 2718 2529 2770 duos
2555 2718 2683 2769 alios
2708 2717 2775 2769 40
2802 2719 2911 2770 dies
2938 2719 3202 2785 poeniteat.

2820 2822 2931 2858 CAP.
2963 2820 3085 2857 LVII.

2269 2897 2296 2926 ιι
2325 2889 2504 2942 Mulier
2529 2906 2642 2958 quae
2678 2906 2733 2945 se
2774 2891 3129 2944 fornicationis
3169 2906 3345 2944 amore
3390 2893 3453 2943 ad
3492 2892 3715 2945 alteram

2202 2973 2544 3040 conjunxerit,
2572 2986 2765 3044 septem
2796 2979 2945 3030 anuis
2970 2978 3236 3045 poeniteat.
3269 2977 3355 3029 Sic
3380 2986 3431 3028 et
3458 2978 3557 3028 alia
3598 2994 3720 3043 quae

2132 3078 2178 3138 ρ
2207 3067 2231 3095 ο
2261 3076 2436 3114 semen
2465 3065 2561 3116 viri
2591 3066 2671 3116 sui
2699 3066 2922 3116 miscens
2972 3066 3107 3125 cibo,
3160 3072 3218 3114 ut
3268 3064 3387 3114 inde
3437 3064 3552 3130 plus
3600 3064 3720 3129 ejus

2207 3166 2437 3205 amorem
2466 3154 2732 3221 suscipiat.

2796 3236 2909 3274 CAP.
2948 3236 3094 3273 LVIII.

2274 3304 2489 3360 Sacrata
2515 3308 2658 3376 virgo
2683 3307 2947 3361 fornicans
2964 3347 2978 3371 ,
3009 3316 3205 3375 septem
3236 3308 3384 3360 annis
3410 3309 3684 3376 poeniteat.

2831 3411 2945 3449 CAP.
2983 3412 3089 3448 LIX.

2273 3492 2301 3530 ι³
2328 3482 2426 3547 Qui
2450 3482 2785 3535 homicidium
2816 3483 2896 3535 vel
2925 3482 3118 3537 furtum
3144 3487 3462 3540 commiserit
3488 3525 3502 3549 ,
3534 3495 3586 3538 et
3613 3499 3723 3538 non

2206 3570 2495 3635 composuit
2545 3569 2646 3621 illis
2698 3570 2885 3635 quibus
2934 3572 3145 3633 nocuit,
3198 3574 3408 3639 quando
3445 3572 3727 3625 confessus

2205 3651 2363 3705 fuerit
2387 3656 2643 3721 episcopis
2668 3656 2748 3706 vel
2793 3656 3095 3724 presbytero
3142 3669 3354 3725 peccata
3404 3673 3497 3710 sua
3522 3696 3537 3718 ,
3566 3658 3727 3709 debet

2206 3738 2307 3791 illis
2353 3747 2443 3790 aut
2482 3740 2690 3807 pr0pria
2737 3742 2952 3794 reddere
2982 3781 2995 3805 ,
3026 3744 3107 3795 vel
3138 3758 3485 3810 componere;
3516 3745 3559 3797 si
3596 3759 3727 3811 vero

2206 3839 2309 3879 non
2345 3824 2587 3878 habuerit
2632 3824 2970 3878 substantiam
2996 3828 3131 3880 unde
3156 3842 3463 3896 componere
3500 3838 3679 3897 potest
3708 3867 3723 3889 .

2207 3909 2291 3963 vel
2312 3911 2556 3964 nescierit
2582 3901 2769 3977 quibus
2798 3913 2987 3975 nocuit,
3010 3915 3311 3981 paenitentia
3335 3916 3450 3983 plus
3479 3925 3721 3983 augetur.

2848 4015 2960 4051 CAP.
2997 4016 3078 4053 LX.

2275 4093 2299 4131 «ι
2329 4084 2428 4148 Qui
2457 4084 2626 4136 cibum
2653 4084 2973 4137 immolatum
3009 4086 3295 4141 comederit
3322 4126 3336 4151 ,
3367 4087 3555 4142 deinde
3591 4104 3725 4143 con-

2209 4171 2377 4229 fessus
2402 4173 2558 4225 fuerit
2583 4213 2597 4235 ,
2629 4173 2869 4226 sacerdos
2892 4175 3187 4228 consideret
3221 4190 3518 4243 personam,
3540 4176 3593 4229 in
3617 4191 3725 4240 qua

2211 4267 2361 4309 aetate
2391 4260 2633 4325 contigit;
2678 4269 2730 4311 et
2777 4261 2847 4312 ita
2898 4262 3181 4314 auctoritas
3209 4262 3546 4315 sacerdotalis
3580 4264 3726 4316 circa

2137 4360 2189 4418 Ι)
2214 4343 2476 4397 inﬁrmum
2507 4346 2821 4397 moderetur.

2840 4428 2953 4466 CAP.
2985 4429 3090 4466 LXI.

2287 4504 2306 4529 τ
2339 4494 2519 4549 Mulier
2563 4512 2675 4564 qum
2724 4498 2952 4553 sobolem
2996 4500 3297 4565 necaverit,
3328 4510 3527 4571 septem
3573 4504 3729 4558 annis

2212 4581 2481 4647 paeniteat.

2825 4664 2938 4702 CAP.
2979 4666 3104 4704 ιιιι.

2282 4731 2468 4787 Laicus
2504 4735 2544 4786 si
2572 4735 2636 4787 de
2663 4737 2977 4789 monasterio
3012 4738 3380 4791 monachorum
3414 4738 3596 4791 furtim
3623 4740 3732 4794 dis.

2289 4898 2301 4946 i
2338 4900 2495 4963 Beda,
2516 4904 2586 4976 de
2610 4903 3072 4976 Bemchpeccatq
3095 4920 3166 4976 (ξ.Δ
3186 4904 3278 4976 15ς
3310 4905 3367 4959 C.
3399 4906 3729 4976 M.Capitul.

2216 4965 2307 5035 lib.
2334 4982 2408 5027 vr,
2439 4983 2483 5020 c.
2503 4970 2572 5035 _9;
2604 4969 2746 5021 Grat.
2780 4965 2943 5035 17ξει.
2971 4970 3023 5032 ι,
3055 4965 3101 5023 c.
3131 4970 3249 5032 Qui.

2289 5034 2314 5070 ι
2346 5034 2460 5086 Vid.
2488 5033 2643 5098 Greg.
2675 5034 2735 5086 lll
2773 5033 2994 5098 Indicia,
3027 5052 3073 5089 c.
3111 5037 3159 5087 1.

2291 5050 2314 5070 ι
2355 5050 2460 5086 nu.
2488 5050 2592 5086 ure
2632 5072 2643 5085 .
2676 5050 2735 5086 ιιι
2773 5050 2994 5098 διιαιειε,
3027 5052 3073 5089 c.
3111 5050 3159 5087 ι.

2291 5099 2309 5136 ι
2344 5100 2491 5167 Sed,
2519 5050 2823 5155 degiicmed.
2850 5111 3071 5167 peccat.,
3094 5119 3141 5156 c.
3170 5104 3250 5155 15.

2284 5176 2325 5206 ιι
2354 5166 2512 5233 Beda,
2539 5168 2601 5218 de
2625 5167 2770 5218 item.
2802 5166 3032 5233 pecc.,c.
3059 5171 3110 5221 2.

2290 5241 2316 5267 ιι
2347 5231 2535 5285 Pmnit.
2570 5234 2718 5286 Rom.
2765 5231 2845 5285 tit.
2890 5237 2953 5297 5,
2989 5252 3035 5289 c.
3078 5236 3180 5297 {5;
3221 5235 3356 5290 ‘Bed.
3402 5238 3469 5293 de
3508 5239 3733 5293 named.

2220 5312 2386 5363 pecc.;
2412 5300 2599 5352 Burch.
2632 5301 2719 5353 lib.
2750 5316 2877 5363 xvii,
2908 5317 2954 5354 c.
2977 5302 3072 5364 27;
3101 5303 3205 5364 lvo,
3232 5317 3284 5370 p.
3306 5304 3360 5367 9,
3386 5319 3437 5361 c.
3468 5304 3583 5361 85..

2293 5372 2316 5398 ο
2349 5365 2535 5417 Burch.
2564 5366 2650 5417 lib.
2683 5382 2791 5421 nx.
2820 5382 2865 5419 c.
2897 5369 2981 5421 91.

2391 5381 2535 5417 urcn.
2567 5381 2650 5417 un.
2683 5382 2791 5429 nx,
2820 5382 2865 5419 c.
2897 5381 2981 5421 91.

2291 5441 2317 5478 P
2341 5431 2399 5482 C.
2429 5432 2493 5481 M.
2531 5431 2747 5495 Capitul.
2777 5433 2867 5484 lib.
2897 5449 2977 5495 ιιι,
3009 5446 3056 5485 c.
3085 5433 3173 5487 20.

2291 5507 2314 5544 τι
2345 5498 2562 5563 Capituli.
2586 5498 2675 5560 68,
2704 5500 2789 5551 lib.
2821 5514 2870 5549 v.

2299 5573 2316 5597 τ
2345 5562 2528 5616 mnu.
2563 5565 2732 5629 Rom,
2760 5566 2837 5616 tit.
2870 5565 3102 5628 1,0.26.
