3922 6222
210 359 313 411 95⁸7

210 564 309 607 aut
335 556 625 608 humanum
656 553 837 607 subeat
863 566 907 605 ε.

542 629 547 634 .
840 656 953 692 CAP.
995 656 1110 692 LXV.

286 730 314 768 δ
345 729 450 794 Qui
490 743 588 797 per
625 730 910 795 jussionem
952 727 1146 780 domini
1175 728 1253 780 sui
1281 727 1529 781 occiderit
1574 724 1739 779 homi-

212 833 367 883 nem,
398 819 513 872 dies
538 818 606 870 40
626 817 846 885 jejunet.
1114 874 1127 887 .

832 920 944 958 CAP.
981 920 1120 958 LXVI.

281 996 427 1049 Ante
478 993 701 1048 natalem
730 994 930 1046 Domini
960 994 1123 1047 nostri
1150 990 1273 1048 Iesu
1309 993 1534 1057 Christi,
1571 992 1735 1047 Gnaei

210 1098 339 1139 sera
370 1094 429 1138 et
453 1083 625 1137 Latini
653 1098 788 1137 nona
814 1084 941 1136 hora
964 1084 1150 1136 missas
1174 1082 1455 1138 celebrant.

846 1187 960 1225 CAP.
996 1186 1115 1229 LXX.
1572 1224 1575 1225 ,

280 1256 385 1321 Qui
416 1258 689 1323 pecuniam
712 1256 761 1307 in
787 1256 1014 1322 praedam
1041 1257 1266 1319 duxerit,
1294 1256 1499 1309 tertiam
1532 1264 1735 1323 partem

210 1352 404 1411 eroget
424 1381 439 1406 ,
468 1351 519 1395 et
546 1342 613 1394 40
640 1342 750 1396 dies
769 1341 983 1410 jejunet.

815 1443 929 1482 car.
968 1443 1149 1490 LXXIII.
1417 1490 1423 1497 η

282 1528 307 1554 ε
339 1516 445 1581 Qui
474 1516 726 1570 dimiserit
761 1529 977 1568 uxorem
1008 1530 1155 1569 suam
1209 1515 1361 1569 alteri
1402 1513 1736 1586 conjungens,

215 1612 430 1674 septem
454 1605 605 1658 annis
629 1604 895 1672 pusuiteat.

829 1705 943 1743 CAP.
979 1705 1112 1743 LXXV

206 1820 207 1823 η
279 1798 431 1851 Patri
459 1807 515 1853 et
535 1800 639 1853 ﬁlio
662 1808 881 1853 matrem
907 1808 960 1853 et
985 1799 1143 1852 ﬁliam
1171 1799 1291 1854 licet
1321 1800 1373 1852 in
1402 1801 1731 1855 matrimonio

213 1886 435 1940 habere.

814 1988 925 2027 CAP.
962 1989 1154 2027 LXXVII.

279 2058 308 2097 ει
333 2059 523 2113 Mulier
549 2050 729 2129 sponte
766 2062 989 2131 perdens
1010 2072 1217 2130 partum
1239 2078 1387 2116 suum
1411 2102 1424 2126 ,
1459 2068 1502 2117 si
1525 2071 1645 2117 ante
1669 2065 1734 2120 40

211 2148 326 2202 dies
348 2150 916 2217 conceptionis,annum
929 2167 1086 2204 unum
1115 2154 1384 2220 pmniteat,
1398 2155 1441 2207 si
1462 2168 1584 2209 vero
1596 2163 1730 2224 post,

215 2244 324 2291 tres
348 2251 517 2291 annos
541 2239 808 2306 poeniteat.
858 2279 865 2285 .

770 2343 836 2381 EX
874 2343 987 2389 CAP.
1028 2345 1185 2383 LXXX.

222 2473 241 2503 ’
283 2414 541 2473 Similiter
571 2402 788 2490 qum'ab
832 2416 960 2485 ipsis
1005 2418 1316 2486 supradictis
1352 2426 1687 2473 consecratur
1716 2456 1732 2483 ,

215 2518 350 2571 aqua
381 2504 679 2563 exercitata
708 2513 1050 2573 aspergantur
1071 2544 1086 2570 ,
1130 2513 1185 2559 et
1221 2505 1393 2573 aliqua
1430 2506 1735 2563 collectione

215 2591 614 2645 conﬁrmentur.

778 2676 890 2716 CAP.
927 2676 1178 2719 LXXXVIII.

282 2770 571 2840 Presbyter
594 2774 638 2826 si
663 2775 799 2826 viam
828 2773 1189 2835 ambulaverit,
1212 2780 1267 2826 et
1291 2787 1572 2828 occurrens
1618 2789 1734 2827 mu-

215 2858 312 2911 lier
338 2874 531 2928 rogans
551 2874 670 2913 eum
691 2860 851 2919 ﬁlium
877 2876 1025 2919 suum
1049 2861 1311 2916 inﬁrmum
1330 2863 1601 2932 baptizari,
1625 2862 1735 2930 ipse

214 2960 310 3013 pro
339 2946 546 3000 itineris
587 2948 668 3001 sui
708 2947 1036 3003 festinatione
1082 2949 1396 3017 neglexerit;
1444 2951 1736 3020 quicunque

902 356 1431 411 PGSNITENTIALE.
1473 390 1539 399 —
1574 356 1898 413 CAPITULA
1936 354 2403 411 COLLECTA'EX
2440 357 2689 411 FRAGM.
3246 365 3348 421 958

209 467 446 520 cesserit
472 505 486 527 ,
530 475 618 519 aut
653 467 809 518 intret
844 467 1218 520 monasterium
1246 466 1465 519 Domino
1492 465 1689 519 servire
1719 502 1734 527 ,
1762 466 1812 521 A

2449 475 2561 512 CAP.
2593 474 2728 513 XCIV.

1909 549 1933 587 ⁸
1965 546 2019 601 Si
2050 548 2166 615 quis
2192 548 2467 616 episcopus
2499 547 2578 599 vel
2606 549 2877 615 presbyter
2903 548 3064 602 fracta
3090 550 3351 607 oblatione

1835 648 1937 686 non
1984 634 2481 698 communicaverit,
2529 634 2665 688 dicat
2703 635 3061 689 rationabilem
3102 651 3349 703 causam,

1836 721 1915 774 sin
1950 720 2109 786 aliud,
2142 722 2449 788 deponatur.

2450 823 2561 861 CAP.
2603 825 2719 861 XCV.

1900 896 1928 935 h
1957 893 2149 949 Omnes
2188 896 2367 949 ﬁdeles
2417 898 2502 962 qui
2552 896 2912 964 ingrediuntur
2967 898 3240 951 ecclesiam
3288 916 3351 955 ac

1835 988 2064 1035 sanctam
2087 980 2400 1034 oblationem
2429 995 2529 1032 non
2556 991 2894 1047 praesumunt,
2934 997 3029 1035 nec
3063 985 3354 1055 percipiunt

1833 1068 2145 1121 sacriﬁcium
2173 1108 2186 1132 ,
2215 1084 2333 1121 cum
2359 1069 2601 1122 convenit
2624 1069 2819 1137 privari
2845 1071 3226 1124 communione.

2448 1173 2561 1208 CAP.
2604 1172 2741 1208 XCVI.

1901 1244 2186 1311 Episcopus
2211 1258 2311 1296 non
2336 1252 2487 1297 exeat
2513 1243 2575 1294 ad
2603 1243 2757 1294 aliam
2788 1244 3106 1310 parochiam,
3134 1255 3185 1298 et
3208 1262 3353 1299 suam

1834 1332 2107 1399 relinquat;
2129 1334 2226 1385 nisi
2247 1333 2519 1399 cpiscopus
2536 1333 2815 1387 multorum
2828 1332 3027 1399 judicio
3044 1342 3098 1387 et
3132 1338 3356 1390 maxime

1832 1419 2209 1487 supplicatione
2241 1420 2479 1487 perﬁciat
2510 1423 2552 1473 ί.
3234 1414 3239 1417 ’

2430 1522 2543 1560 CAP.
2588 1524 2747 1562 XCVII.

1902 1590 1916 1640 i
1954 1591 2233 1646 Eunuchus
2276 1593 2319 1646 si
2352 1607 2445 1661 per
2472 1594 2689 1651 insidias
2731 1597 2997 1650 hominum
3027 1596 3195 1651 factus
3222 1607 3342 1664 est,
3384 1614 3388 1618 ‘

1833 1681 1915 1734 vel
1938 1682 1979 1735 si
2006 1683 2057 1734 in
2084 1684 2443 1751 persecutione
2469 1683 2581 1750 ejus
2618 1692 2880 1751 amputata
2904 1694 3025 1739 sunt
3052 1686 3243 1751 virilia,
3270 1687 3351 1741 vel

1761 1761 1807 1822 Β
1832 1773 1875 1825 si
1899 1773 1972 1829 ita
1993 1772 2159 1826 factus
2180 1783 2257 1827 est
2274 1782 2442 1836 natus,
2466 1782 2519 1826 et
2546 1782 2627 1826 est
2650 1774 2853 1841 dignus,
2881 1773 3131 1826 efﬁciatur
3150 1776 3351 1841 episco-

1832 1879 1949 1931 pus.
1984 1862 2039 1915 Si
2059 1863 2176 1930 quis
2200 1863 2546 1932 amputaverit
2567 1863 2901 1932 sibimetipsis
2923 1863 3108 1925 virilia,
3138 1864 3349 1916 omnino

1831 1965 1933 2003 non
1960 1958 2130 2016 potest
2162 1964 2277 2003 esse
2302 1950 2543 2004 clericus.
2576 1951 2629 2003 Si
2654 1952 2771 2019 quis
2796 1958 2914 2018 post
2939 1951 3154 2020 gradum
3176 1966 3355 2019 ampu-

1832 2036 2024 2087 taverit
2042 2035 2229 2099 virilia,
2249 2037 2460 2088 omnino
2484 2036 2775 2089 damnetur.
2801 2035 2855 2089 Si
2884 2039 3000 2103 quis
3021 2037 3351 2106 semetipsum

1833 2123 2130 2188 absciderit,
2160 2124 2326 2177 tribus
2353 2124 2503 2177 annis
2527 2123 2889 2177 communione
2908 2123 3153 2194 privetur.

2443 2226 2556 2263 CAP.
2599 2226 2735 2263 XCIX.

1902 2294 1929 2333 ιι
1956 2293 2138 2347 Nullus
2160 2309 2256 2363 per
2281 2296 2552 2363 pecuniam
2574 2295 2806 2361 obtineat
2830 2295 3076 2364 gradum:
3102 2295 3180 2348 sin
3203 2309 3345 2359 vero,

1831 2388 1886 2432 et
1910 2380 2040 2448 ipse,
2076 2388 2129 2432 et
2173 2369 2441 2433 ordinator
2463 2380 2843 2447 ejus/omnibus
2872 2382 3039 2437 modis
3066 2397 3094 2435 a
3123 2397 3353 2437 commu-

1830 2466 1986 2521 nione
2012 2466 2371 2543 projicientur.

2479 2549 2590 2588 CAP.
2630 2550 2700 2588 CI.

1902 2621 2000 2686 Qui
2038 2637 2224 2675 carnes
2273 2623 2569 2677 immundae
2620 2621 3079 2685 manducavertnt,
3128 2630 3182 2675 et
3210 2621 3350 2677 olera

1835 2723 1953 2777 quae
1980 2724 2098 2764 cum
2134 2724 2292 2763 carne
2324 2716 2618 2778 coquuntur
2639 2747 2654 2773 ,
2685 2723 2891 2763 cessare
2928 2716 3134 2778 oportet
3170 2724 3202 2762 a
3248 2710 3351 2764 mi~

1832 2797 2078 2860 nisterio._

2479 2880 2592 2919 CAP.
2622 2879 2723 2920 CVI.

1905 2948 1923 2987 ι
1954 2950 2242 3018 Episcopus
2265 2990 2280 3015 ,
2309 2953 2582 3020 presbyter
2605 2992 2619 3016 ,
2657 2954 2904 3007 diaconus
2932 2950 3173 3007 conﬁteri
3198 2950 3348 3003 debet

215 3033 373 3087 etiam
425 3037 809 3105 praesumpserit
845 3036 896 3090 in
930 3037 1193 3105 provincia
1237 3051 1330 3089 sua
1358 3038 1602 3111 propria,
1645 3045 1737 3092 aut
1760 3054 1807 3118 ο
1832 3046 2105 3104 peccatum
2130 3052 2300 3089 suum.
2332 3038 2600 3093 Confessio
2627 3037 2734 3093 Deo
2760 3038 2855 3092 soli
2882 3079 2897 3101 ,
2952 3038 2998 3092 si
3035 3051 3245 3091 necesse
3273 3044 3349 3088 est

216 3119 409 3184 aliena,
437 3122 518 3174 vel
546 3125 836 3191 ubicunque
860 3124 1068 3177 inventa
1094 3123 1253 3175 fuerit
1295 3124 1383 3192 qui
1403 3127 1737 3189 commenda-
1835 3124 1919 3193 agi
1949 3124 2089 3177 licet.

216 3212 326 3259 tum
356 3207 457 3259 sibi
483 3208 743 3261 inﬁrmum
784 3223 887 3262 non
926 3208 1032 3260 vult
1072 3210 1340 3276 baptizare
1365 3250 1378 3272 ,
1422 3219 1475 3264 et
1510 3211 1586 3264 sic
1624 3213 1736 3266 sine

217 3293 479 3364 baptismo
504 3298 756 3355 morietur
778 3337 794 3363 ,
830 3299 1131 3366 deponatur.
1184 3296 1436 3352 Similiter
1480 3306 1653 3353 autem
1684 3276 1735 3354 \si

220 3385 485 3440 hominem
510 3386 778 3449 occiderit,
807 3395 901 3444 aut
922 3385 1314 3441 fornicationem
1353 3386 1552 3453 fecerit,
1578 3389 1736 3460 depo-

220 3480 394 3523 natur.

845 3555 959 3594 CAP.
982 3556 1093 3594 XCI.

289 3636 312 3662 υ
344 3624 444 3689 Qui
472 3625 677 3679 duxerit
698 3626 909 3680 viduam
934 3627 985 3679 in
1012 3641 1227 3680 uxorem
1256 3628 1352 3681 sibi
1380 3628 1462 3682 vel
1481 3634 1599 3696 post
1637 3629 1731 3681 ba-

220 3711 467 3777 ptismum
491 3750 508 3776 ,
553 3713 662 3766 sive
702 3722 822 3767 ante
863 3714 1217 3801 baptismum,
1266 3730 1371 3777 non
1414 3721 1588 3783 potest
1617 3729 1733 3770 esse

131 3864 136 3875 _
221 3796 513 3866 presbyter.

839 3883 950 3920 CAP.
989 3884 1112 3921 XCII.

293 3952 311 3989 ί
345 3951 455 4005 Non
482 3953 828 4006 communicet
860 3954 937 4005 vir
964 3968 1081 4006 cum
1123 3968 1285 4006 uxore
1322 3970 1411 4007 sua
1459 3955 1688 4009 adultera
1714 3995 1729 4019 ,

221 4038 462 4092 similiter
483 4048 533 4091 et
555 4054 686 4092 uxor
711 4055 827 4093 cum
858 4040 1088 4095 adultero
1128 4043 1240 4095 viro
1264 4058 1365 4095 non
1389 4044 1528 4098 ineat
1551 4024 1732 4113 pacein

223 4123 721 4180 communicationis.

224 4260 315 4367 “bs
343 4248 503 4367 llz'eest
523 4251 609 4304 hic
632 4250 855 4319 aliquid;
880 4251 1103 4321 suppleri
1128 4262 1298 4321 potest
1315 4269 1381 4311 ex
1406 4257 1726 4325 Capitul.61,

243 4330 308 4367 ID.
343 4330 412 4367 IV.

289 4384 314 4421 δ
335 4382 524 4437 Pucnit.
551 4385 727 4448 Rom.,
749 4386 831 4439 tit.
858 4387 906 4449 Ι,
931 4402 976 4439 c.
1010 4388 1091 4439 l7.

289 4461 309 4487 ε
343 4450 619 4507 Ptenitcnt.
650 4453 821 4516 Rom,
847 4455 925 4507 tit.
948 4455 1000 4516 5,
1023 4469 1070 4507 c.
1096 4455 1180 4507 20.

288 4516 313 4554 ιι
343 4516 499 4587 Beda,
528 4520 590 4574 de
619 4520 828 4573 Remed.
852 4535 1021 4587 pecc.,
1054 4537 1101 4575 e.
1120 4523 1171 4576 3.

294 4594 315 4654 ξ
349 4584 475 4654 Egb.
505 4587 723 4654 Excerp.
751 4589 837 4640 51.

293 4650 315 4722 ξ
352 4650 707 4722 ξὼτηηιαίεειᾱ,
731 4655 775 4706 si
796 4655 911 4720 quis
934 4656 1020 4715 5‘2,
1043 4671 1095 4722 q.
1129 4656 1177 4721 l,
1207 4670 1272 4711 ex
1297 4654 1499 4711 Theod.
1532 4662 1720 4715 Ptnnit.

276 4719 316 4787 ξ
343 4717 469 4787 Can.
501 4721 597 4773 sub
621 4717 830 4774 nomine
863 4736 946 4787 ap.
977 4723 1029 4776 9.

289 4783 470 4863 l:‘Can.
498 4787 757 4863 s_u_b_nom_.
789 4783 977 4855 apost.,
1026 4790 1211 4863 cali;
1239 4794 1423 4853 concil.
1458 4793 1725 4863 Antioch,

228 4864 273 4903 ς.
300 4850 334 4910 2
354 4868 368 4913 ;
392 4856 579 4908 concil.
602 4850 1042 4920 Bracharenseu,
1070 4855 1117 4910 (ἑ.
1141 4850 1225 4913 83.

266 4966 1762 4996 .____________________________

2459 3208 2571 3245 CAP.
2611 3208 2735 3245 CVII.

1898 3288 1936 3315 ιιι
1953 3276 2274 3331 Dmmonium
2303 3278 2575 3332 sustinenti
2598 3278 2719 3332 licet
2732 3286 2906 3347 petras
2930 3284 2981 3331 et
2996 3277 3136 3331 olera
3158 3276 3353 3332 habere

1830 3366 1943 3419 sine
1970 3366 2339 3421 iucantatioue.

2438 3450 2552 3487 CAP.
2590 3450 2735 3487 CVIII.

1900 3535 1926 3562 ιι
1954 3523 2197 3591 Perjures
2222 3524 2393 3578 tribus
2418 3528 2567 3579 annis
2603 3526 2907 3594 pmniteant.
2940 3522 3223 3578 Sodomita!
3259 3538 3350 3580 se-

1828 3618 1969 3677 ptem
1993 3611 2174 3674 annis;
2206 3610 2387 3665 molles
2415 3626 2517 3664 uno
2546 3627 2701 3665 anno.

2319 3684 2323 3688 .
2440 3712 2553 3752 CAP.
2591 3713 2731 3751 CXIV.

1900 3793 1924 3821 °
1954 3786 2148 3843 Stamlo
2177 3787 2428 3841 orandum
2457 3804 2551 3857 pro
2583 3790 2873 3845 reverentia
2898 3790 3011 3859 Dei.

2356 3889 2423 3926 EX
2455 3891 2567 3928 CAP.
2604 3891 2819 3928 ULTIIIO.

1900 3972 1926 4010 ρ
1954 3961 2173 4015 Basilius
2197 3962 2449 4029 judicavit
2473 3964 2648 4032 pueris
2688 3964 2951 4018 licentiam
2980 3965 3179 4019 nubere
3227 3972 3347 4018 ante

1831 4051 2089 4105 sexdecim
2122 4066 2314 4112 annos,
2345 4053 2390 4103 si
2428 4054 2692 4106 abstinere
2719 4068 2821 4106 non
2853 4054 3133 4121 potuerint,
3160 4068 3345 4122 quam-

1748 4204 1754 4211 ι
1828 4135 1907 4188 vis
1933 4136 2173 4188 monachi
2201 4134 2439 4191 fuissent.

1902 4264 1918 4330 ἱ
1960 4264 2219 4330 Praﬁciat.
2254 4265 2368 4317 Vid.
2402 4267 2586 4320 concil.
2614 4269 2880 4329 Antioch.,
2911 4284 2957 4321 c.
2987 4271 3039 4321 5.

1829 4329 1923 4451 Ni:
1952 4331 2150 4451 Cinga.
2182 4334 2277 4387 sub
2297 4334 2505 4391 nomine
2530 4350 2638 4411 ap.,
2662 4351 2709 4389 c.
2733 4336 2819 4401 ﬁt,
2841 4336 2927 4399 22,
2953 4335 3040 4399 23,
3059 4334 3128 4388 24
3153 4351 3165 4400 ;
3190 4350 3340 4392 conc.

1878 4413 1968 4459 ιο..
1997 4413 2045 4451 c.
2078 4413 2128 4449 1.

1897 4466 1924 4534 ξι
1947 4466 2072 4534 (Jan.
2106 4468 2201 4521 sub
2229 4469 2436 4521 nomine
2464 4484 2546 4534 ap.
2572 4470 2659 4525 50.

1899 4531 1918 4571 Ι
1954 4533 2190 4603 Gregorii
2224 4536 2283 4589 Ill
2326 4531 2543 4599 Iudicia,
2567 4552 2614 4589 c.
2643 4537 2729 4591 50.

1897 4601 2152 4673 ωξνοίρ.
2173 4619 2253 4673 δι,
2285 4618 2331 4655 c.
2361 4603 2444 4673 75,
2473 4619 2537 4673 ex
2566 4605 2719 4658 dictis
2748 4603 3069 4673 Hieronymi.

1846 4698 1849 4701 -
1897 4677 1923 4704 ι’
1950 4667 2140 4720 Posuit.
2173 4669 2348 4732 Rom.,
2377 4672 2457 4722 tit.
2484 4672 2539 4734 2,
2562 4687 2607 4724 c.
2637 4673 2686 4723 4.

1897 4740 1920 4767 °
1946 4734 2060 4786 Vid.
2091 4736 2257 4799 Tert.,
2286 4737 2347 4789 de
2374 4738 2573 4790 Corona
2601 4740 2729 4799 mil.,
2757 4739 2884 4801 c.'9,
2908 4748 2960 4791 et
2984 4739 3072 4791 lib.
3103 4739 3167 4791 de
3190 4736 3339 4792 Orat.

1894 4803 2075 4875 p_Vid_._
2098 4803 2519 4875 Reg.,_interrog.
2549 4806 2600 4870 7,
2624 4815 2678 4859 et
2703 4808 2768 4860 ad
2782 4809 2938 4859 inter.
2962 4806 3041 4875 l5,
3075 4806 3125 4858 in
3154 4808 3343 4875 regulis

1836 4867 2000 4922 fusius
2029 4867 2322 4937 disputatis.
2472 4867 2497 4873 ⁷
2587 4867 2596 4870 ⁷
2989 4871 2993 4876 ’

1208 5042 1682 5117 FRAGMENTA
1728 5049 1841 5108 EX
1888 5049 2337 5111 CANONIBUS.

237 5261 310 5315 Ila:
350 5261 694 5331 canonibus_a
727 5260 909 5331 Grauia
958 5263 1139 5331 Leana
1188 5267 1407 5331 collectis
1448 5270 1538 5327 sub
1580 5273 1724 5327 titulo

604 5326 938 5387 Conciliorum
964 5330 1335 5387 Toletannrum.

293 5418 413 5471 CAP.
436 5435 557 5472 xvii.
585 5447 652 5458 —
675 5431 697 5457 ιι
722 5420 795 5471 De
822 5422 903 5476 his
932 5423 1087 5477 etiam
1111 5439 1264 5491 super
1289 5428 1475 5493 quibus
1502 5428 1725 5482 interro-

296 5533 316 5559 ι
347 5524 559 5591 Regini),
591 5524 622 5577 l.
652 5542 719 5590 ll,
751 5541 793 5580 c.
825 5526 953 5591 562;
983 5530 1194 5595 Burch.,
1222 5532 1305 5588 lib.
1335 5550 1439 5597 ius,
1465 5550 1508 5587 ο.
1542 5536 1653 5588 159..

1827 5166 1979 5235 gasti,
2008 5166 2107 5219 hoc
2129 5175 2230 5228 est,
2261 5168 2324 5221 de
2348 5167 2432 5221 illa
2456 5169 2647 5222 femina
2672 5209 2686 5233 ,
2728 5186 2843 5238 qua:
2867 5184 3189 5225 menstruum
3214 5188 3335 5226 san-

1824 5254 2032 5323 guinem
2065 5270 2217 5309 suum
2257 5256 2537 5311 immiscuit
2570 5259 2687 5312 cibo
2733 5260 2814 5312 vel
2870 5261 3053 5325 potui,
3105 5269 3157 5314 et
3198 5262 3340 5313 dedit

1825 5340 1937 5392 viro
1964 5354 2057 5393 suo
2084 5352 2140 5392 ut
2165 5344 2480 5404 comederet,
2504 5352 2557 5397 et
2586 5345 2650 5397 de
2676 5345 2761 5396 illa
2789 5360 2904 5411 qua:
2932 5360 3105 5398 semen
3136 5347 3233 5398 viri
3257 5348 3338 5398 sui

1830 5426 1881 5479 in
1909 5436 2032 5495 potu
2061 5429 2209 5492 bibit,
2237 5442 2287 5484 et
2315 5430 2375 5483 de
2398 5446 2458 5486 ea
2490 5447 2603 5501 quae
2634 5441 2818 5487 testam
2845 5433 3071 5490 hominis
3097 5433 3343 5495 canibus.
