3922 6222
538 297 637 351 959

1465 286 1797 342 THEODORI
1836 280 2137 337 ARCIIIEP.
2180 278 2708 333 CANTUARIENSIS

3566 269 3677 323 960

536 404 607 458 sit
646 400 770 470 igni,
813 408 865 452 et
910 400 1021 451 viro
1049 414 1142 451 suo
1171 398 1312 451 dedit
1340 412 1431 464 pro
1462 396 1759 448 inﬁrmitate
1786 392 1992 445 vitanda
2025 429 2039 452 ,
2072 393 2111 446 A
2140 396 2289 454 grcnt
2323 387 2386 439 de
2412 388 2524 439 loco
2552 387 2615 439 ad
2646 386 2809 437 locum
2836 402 2848 447 ;
2888 386 2977 439 sed
3002 401 3052 437 ιιι
3082 399 3141 438 ca
3168 392 3510 452 permaneant
3538 384 3673 437 obeo

537 488 677 558 quali
708 485 1012 555 paenitentia
1042 486 1146 537 sint
1174 483 1455 552 plectendas
1489 500 1501 532 :
1540 489 1598 533 ut
1624 481 1773 533 nobis
1799 480 2004 558 [videtur
2027 516 2041 539 ,

536 554 629 630 tali
655 554 907 629 sententia
934 580 1053 626 sunt
1074 572 1335 632 feriendus,
1362 570 1493 622 sicut
1517 569 1651 637 magi
1674 576 1727 621 et
1746 554 2044 632 arioli,quia

541 663 792 733 magicam
826 670 991 715 artem
1019 659 1313 713 exercuisse
1352 664 1651 710 noscuntur.
1703 655 1831 707 Nam
1858 653 1932 707 de
1964 653 2047 719 his

537 752 625 821 qui
651 751 903 821 magicam
930 758 1095 803 artem
1123 747 1420 801 exercuisse
1451 750 1752 805 noscuntur,
1803 750 1855 794 et
1889 754 2047 807 augu-

537 841 615 895 ria
642 839 946 899 attendunt,
973 845 1025 889 et
1051 833 1396 888 divinationes
1442 831 1719 883 observant
1748 867 1761 890 ,
1789 825 2045 881 Theodori

537 924 910 993 archiepiscopi
942 922 1111 990 gentis
1157 919 1439 986 Anglorum
1466 916 1862 970 constitutiones
1885 913 2047 965 habe-

538 1027 673 1074 mus,
702 1013 753 1064 in
779 1011 966 1078 quibus
993 1007 1242 1075 scriptum
1266 1012 1363 1061 est.
1395 1017 1418 1043 ι
1446 1004 1542 1068 Qui
1593 1002 1825 1055 immolat
1856 1000 2049 1053 daemo-

541 1099 641 1151 niis
665 1098 715 1150 in
738 1098 986 1158 minimis,
1017 1109 1175 1147 unum
1204 1108 1394 1146 annum
1425 1092 1690 1164 pceniteat.
1720 1089 1817 1153 Qui
1850 1102 1973 1141 vero
1997 1087 2049 1139 in

539 1186 760 1254 magnis,
782 1186 957 1237 decem
988 1185 1136 1236 annis
1156 1183 1427 1250 paeniteat.
1465 1178 1702 1231 Rabanus
1728 1177 1903 1229 eadem
1930 1177 2050 1227 citat

539 1289 600 1325 ex
629 1270 1067 1325 constitutionibus
1099 1269 1365 1331 Theodori,
1389 1267 1474 1319 scd
1511 1282 1622 1335 qua:
1653 1266 1845 1333 integra
1874 1265 1946 1316 sic
1977 1279 2051 1315 rc-

537 1370 804 1431 prwsentat
834 1362 887 1412 in
912 1359 1120 1429 epistola
1148 1357 1214 1410 ad
1242 1356 1589 1421 Heribaldum.

613 1447 869 1500 Theodori
903 1444 1276 1513 archiepiscOpi
1317 1445 1485 1512 gentis
1534 1442 1816 1509 Anglorum
1859 1441 2053 1494 consti—

540 1538 765 1591 tutiones
792 1538 1063 1599 habemus,
1087 1536 1139 1586 in
1163 1536 1350 1603 quibus
1378 1533 1626 1601 scriptum
1662 1538 1743 1583 est
1780 1549 1789 1582 :
1829 1530 1927 1599 Qui
1958 1529 2053 1582 im-

540 1622 699 1678 molat
729 1622 998 1676 dmmoniis
1030 1622 1082 1673 in
1126 1620 1356 1673 minimis
1382 1634 1539 1671 unum
1569 1632 1759 1697 almum
1782 1616 2049 1684 paniteat.

479 1764 485 1773 ,
541 1708 641 1775 Qui
668 1723 794 1763 vero,
818 1709 869 1759 in
897 1707 1119 1775 magnis,
1143 1705 1318 1760 decem
1342 1720 1502 1757 annos
1525 1703 1791 1771 pteniteat.
1816 1704 1842 1742 ι)
1870 1702 2052 1755 Mulier

540 1797 588 1850 si
615 1810 714 1862 qua
743 1796 888 1867 ponit
915 1794 1070 1847 filiam
1098 1808 1243 1846 suam
1270 1806 1423 1860 supra
1451 1799 1642 1844 tectum
1682 1789 1762 1859 vel
1793 1790 1844 1842 in
1874 1788 2051 1842 fama-

542 1899 655 1938 cem
701 1898 796 1952 pro
849 1882 1071 1946 sanitate
1116 1881 1312 1943 febris,
1347 1889 1542 1947 septem
1578 1894 1740 1932 annos
1782 1878 2050 1947 paeniteat.

544 1982 565 2009 ε
597 1970 695 2036 Qui
720 1972 903 2024 ardere
927 1970 1049 2023 fecit
1075 1984 1236 2036 grana
1268 1970 1356 2022 ubi
1398 1975 1635 2021 mortuus
1668 1974 1750 2020 est
1776 1968 1933 2019 homo
1957 1980 2054 2031 pro

544 2058 764 2110 sanitate
789 2058 1069 2110 viventium
1092 2064 1148 2109 et
1169 2044 1388 2118 domus,
1418 2055 1651 2121 quinque
1695 2066 1857 2104 annos
1891 2050 2057 2117 potni-

541 2153 667 2199 teat.
695 2144 751 2197 Si
772 2146 958 2198 mulier
982 2145 1361 2198 incantationes
1381 2143 1463 2194 vel
1486 2141 1829 2194 divinationes
1852 2136 2054 2201 fecerit,

540 2247 703 2285 unum
729 2247 919 2284 annum
943 2231 1022 2288 vel
1040 2241 1146 2285 tres
1165 2229 1590 2299 quadragesimae
1610 2231 1689 2282 vel
1712 2230 2055 2297 quadraginta

540 2316 655 2372 dies
676 2317 826 2385 juxta
854 2320 1154 2385 qualitatem
1200 2320 1364 2387 culpa!
1396 2318 1664 2386 pmniteat.
1712 2317 1837 2368 Vide
1864 2332 2058 2384 quoque

544 2404 673 2459 Rab.
706 2405 791 2459 lib.
823 2422 882 2459 ιιι
909 2411 970 2458 de
1000 2408 1341 2473 penitentiam
1367 2405 1733 2472 satisfactione,
1766 2419 1876 2471 cap.
1902 2402 1989 2456 48.

1269 2490 1331 2546 11.

544 2578 628 2635 Ex
648 2581 1044 2649 escerptionibus
1089 2579 1293 2648 Egberti
1323 2579 1653 2633 Eboracensis
1679 2577 2055 2647 archiepiscopi.

2142 474 2355 535 dientia,
2401 488 2555 541 quam
2589 481 2820 539 tempore
2863 486 2970 525 suae
3011 471 3365 524 conversionis
3406 469 3675 539 promise-

2146 568 2287 610 runt.

2848 644 2929 696 ΠΙ.

2189 732 2268 785 Ex
2312 716 2429 786 Ven.
2454 732 2605 785 Beda:
2632 731 2906 804 canqnibus
2931 732 2996 783 ad
3027 731 3246 784 remedia
3270 737 3616 799 peccatum.

2208 819 2283 871 Ex
2329 835 2441 872 (ιλιι.
2501 834 2617 870 vui.
2676 817 2964 870 Theodorus
3025 818 3173 869 dixit.
3240 815 3519 869 Monachus
3584 813 3671 867 fa-

2144 908 2285 961 ciens
2330 907 2357 945 ι
2400 905 2823 969 fornicationem,
2878 915 2932 960 et
2977 920 3079 959 non
3128 905 3417 966 inveniens,
3468 918 3673 956 annum

2145 1009 2304 1046 unum
2330 995 2581 1063 pmniteat
2603 1003 2655 1048 et
2678 992 2969 1047 dimidium.
3000 993 3129 1047 Item
3154 994 3437 1046 monachus
3466 992 3678 1044 faciens

2146 1096 2262 1134 cum
2288 1080 2481 1149 puella,
2510 1097 2599 1135 sex
2624 1096 2790 1136 annos
2814 1083 3086 1150 paeniteat.

2444 1178 2447 1181 λ
2858 1188 2944 1242 tv.

2147 1276 2229 1328 Es;
2274 1274 2506 1343 capitulis
2549 1275 2741 1327 selectis
2780 1260 3035 1343 canonum
3080 1272 3497 1343 ιζὶὸιιήιιεπιίιιηι,
3531 1288 3680 1343 _q_u¢

2200 1293 2229 1328 ι
2274 1290 2506 1343 capitum
2549 1290 2751 1354 selectis.
2780 1291 3036 1352 canonum.
3080 1290 3465 1353 "incruequ
3483 1311 3497 1331 ,
3553 1290 3632 1390 fi

2200 1343 2264 1395 Β.
2292 1342 2357 1395 D.
2384 1342 2547 1396 Lucas
2572 1343 2812 1394 Acherras
2838 1341 2995 1393 edidit
3019 1358 3071 1393 in
3098 1340 3334 1409 Spmleg.
3374 1348 3494 1391 tom.
3520 1339 3547 1390 1
3616 1377 3632 1389 .

2215 1450 2327 1503 ιιι.
2368 1432 2465 1512 'm,
2505 1465 2619 1503 cn.
2651 1449 2734 1501 N.
2763 1477 2832 1487 --
2856 1448 2931 1501 De
2956 1447 3234 1499 morticinis
3278 1446 3472 1509 suibus,
3520 1454 3572 1497 et
3617 1445 3683 1497 ds

2149 1535 2451 1589 animalibus
2499 1537 2791 1603 sanguinem
2832 1536 3106 1586 humanum
3145 1533 3477 1596 sumentibus,
3520 1542 3569 1585 et
3612 1531 3680 1585 de

2151 1622 2385 1674 carnibus
2415 1622 2645 1673 comestis
2667 1638 2699 1673 a
2728 1620 2859 1689 lupis
2882 1637 2899 1683 ;
2929 1621 2989 1672 de
3015 1619 3233 1687 piscibus
3270 1628 3315 1671 et
3336 1618 3680 1686 strangulatis

2150 1709 2451 1762 animalibus
2473 1726 2491 1772 ;
2513 1710 2575 1762 de
2605 1711 2833 1761 comestis
2858 1709 2920 1761 ab
2945 1709 3201 1775 accipitre,
3244 1717 3288 1760 et
3330 1707 3393 1759 de
3428 1723 3576 1775 equo.
3602 1734 3674 1744 —

2152 1796 2439 1849 Theodorus
2462 1798 2718 1865 episcopus
2738 1797 2859 1863 dicit
2873 1812 2892 1847 :
2919 1795 3088 1848 (irasci
3110 1807 3319 1847 carnem
3341 1793 3676 1846 morticimm

2149 1899 2251 1965 non
2281 1885 2406 1937 dant
2423 1885 2604 1952 porcis
2631 1884 2757 1937 suis.
2793 1895 2815 1923 ο
2844 1884 3015 1938 Pelles
3042 1896 3167 1935 vero
3189 1882 3585 1935 morticinorum
3610 1883 3679 1934 ad

2151 1964 2502 2026 calceamenta
2530 1980 2583 2026 et
2610 1964 2782 2025 lanam
2820 1981 2875 2025 et
2908 1987 3103 2026 cornua
3137 1972 3293 2025 licent
3325 1970 3531 2038 accipi;
3583 1971 3683 2023 sed

2153 2077 2254 2114 non
2284 2062 2335 2114 in
2370 2068 2604 2114 sanctum
2630 2060 2843 2127 aliquid.
2881 2060 3074 2113 Tamen
3102 2060 3145 2111 si
3172 2073 3297 2112 casu
3330 2058 3475 2126 porci
3503 2072 3682 2110 corne-

2152 2148 2277 2201 dant
2298 2164 2508 2201 carnem
2532 2148 2951 2209 morticinorum,
2982 2153 3073 2199 aut
3097 2131 3400 2213 sanguinem
3426 2142 3683 2198 hominis.

2154 2250 2255 2288 non
2317 2234 2635 2301 abjiciendos
2690 2233 2988 2296 credimus;
3052 2245 3152 2285 nec
3213 2230 3432 2299 gallinas
3493 2229 3685 2297 aequali

2154 2322 2326 2373 modo.
2370 2319 2627 2374 Animalia
2672 2334 2787 2387 qua:
2818 2335 2848 2373 a
2883 2320 3039 2388 lupis,
3084 2320 3193 2373 sive
3235 2320 3452 2372 canibus
3487 2332 3683 2371 consu-

2156 2417 2386 2473 muntur,
2427 2423 2528 2462 non
2552 2390 2888 2474 comedenda,
2920 2410 3019 2463 nisi
3046 2411 3221 2477 porcis
3257 2410 3611 2477 proiiciantur
3633 2416 3691 2461 et

2156 2487 2413 2560 canibus;
2458 2512 2555 2550 nec
2600 2510 2808 2561 cervus,
2856 2511 2953 2551 nec
2980 2512 3125 2565 aper,
3167 2499 3211 2550 si
3256 2496 3449 2549 mortui
3482 2497 3687 2549 inventi

2157 2582 2383 2646 fuerint;
2428 2584 2598 2651 pisces
2638 2591 2812 2637 autem
2859 2584 3053 2647 licent,
3096 2584 3183 2650 qui
3224 2582 3442 2635 alterius
3485 2590 3691 2635 natura:

611 2668 735 2722 Car.
781 2684 883 2721 ωσι.
921 2698 988 2707 -—
1033 2668 1322 2721 Theodorus
1352 2668 1518 2725 dicit:
1550 2669 1813 2721 Statutum
1854 2675 1913 2720 ut
1950 2668 2063 2722 sine
2158 2677 2297 2725 sunt.
2346 2670 2482 2724 Aves
2503 2680 2554 2724 et
2582 2672 2824 2724 animalia
2862 2680 3069 2734 etetera,
3117 2672 3161 2725 si
3191 2671 3241 2723 in
3272 2670 3472 2723 retibus
3515 2679 3691 2722 stran-

520 2756 853 2809 auctoritate
878 2755 959 2806 vel
999 2770 1252 2810 consensu
1289 2758 1647 2822 episcoporum
1688 2755 1979 2824 presbyteri
2010 2756 2061 2809 in
2160 2759 2419 2829 gulentur,
2472 2775 2574 2813 non
2622 2768 2745 2813 sunt
2788 2760 3123 2814 comedenda.
3170 2757 3362 2812 Paulus
3394 2759 3535 2811 enim
3576 2758 3689 2809 ait:

544 2841 857 2909 quibuslibet
880 2842 1114 2895 ccclesiis
1135 2857 1236 2895 non
1265 2843 1667 2905 constituantur,
1706 2858 1801 2897 nec
1828 2842 1946 2898 inde
1973 2860 2065 2899 ex-
2161 2848 2413 2902 Abstinetc
2435 2865 2518 2901 uos
2559 2866 2590 2900 a
2625 2850 2871 2915 suﬂ'ocato
2900 2850 3172 2917 sanguine,
3215 2858 3259 2901 et
3300 2847 3363 2898 ab
3392 2846 3692 2898 idololatria

476 2979 480 2984 .
545 2929 820 3022 pellantur,
845 2930 975 3022 etsi
1008 2930 1124 2997 quis
1151 2931 1249 2983 hoc
1274 2928 1446 2984 facere
1488 2932 1782 2995 tentaverit,
1830 2933 2061 3001 synodali
2087 2962 2134 3022 ρ
2165 2936 2298 3005 (Act.
2322 2951 2431 2998 ut,
2453 2934 2562 3005 25).
2590 2936 2840 2989 Similiter
2863 2936 2929 2987 ab
2952 2936 3203 3004 accipitre
3230 2943 3455 2987 mortua.
3489 2933 3694 2999 Equum

549 3019 802 3071 sententia
838 3016 1070 3071 feriatur.
2097 3016 2133 3022 ’
2164 3040 2267 3078 non
2313 3024 2623 3093 prohibent:
2674 3032 2843 3077 tamen
2896 3023 3215 3078 consuetudo
3254 3038 3357 3076 non
3404 3030 3487 3075 est
3515 3037 3695 3074 come-

614 3105 736 3158 Cn.
790 3120 927 3159 uvr.
988 3105 1277 3159 Theodorus
1335 3106 1475 3158 dicit.
1538 3105 1776 3160 Monachi
1821 3124 1923 3162 non
1969 3110 2066 3162 mi-

619 3247 641 3273 α
670 3235 887 3299 Regina,
908 3236 998 3287 lib.
1017 3251 1075 3297 ιι,
1098 3251 1142 3288 c.
1176 3236 1294 3297 560,
1322 3231 1412 3287 56l
1436 3252 1448 3298 ;
1472 3235 1689 3299 Burcli.,
1710 3236 1799 3289 lib.
1828 3252 1877 3297 χ,
1900 3253 1947 3291 c.
1980 3237 2058 3290 15.

620 3304 644 3339 δ
668 3303 815 3355 Beda:
837 3317 951 3355 can.
984 3303 1050 3354 ad
1084 3303 1300 3355 remedia
1328 3312 1659 3362 peccatorum,
1690 3320 1736 3356 c.
1774 3304 1853 3356 li.

620 3380 641 3407 ε
666 3368 883 3440 Regino,
906 3370 993 3423 lib.
1015 3386 1071 3433 ιι,
1099 3386 1212 3437 cap.
1233 3368 1363 3432 357;
1392 3371 1604 3434 Burch.,
1639 3372 1725 3424 lib.
1753 3389 1802 3433 χ,
1828 3387 1940 3440 cap.
1970 3372 2056 3425 24.

2165 3114 2307 3167 dere.

2230 3242 2255 3281 ἀ
2290 3242 2551 3305 Quwrens,
2601 3244 2651 3294 in
2680 3241 2869 3293 Pwnit.
2895 3240 3111 3308 antiquo
3147 3239 3368 3308 Andcg.,
3404 3248 3460 3293 et
3488 3240 3541 3292 in
3575 3238 3693 3293 cod.

2169 3326 2265 3364 ms.
2296 3311 2391 3362 viri
2415 3310 2480 3363 cl.
2509 3310 2630 3361 Ant.
2662 3308 2855 3361 domini
2878 3306 3205 3361 d'ﬂérouval.

2249 3390 2270 3415 ε
2293 3378 2398 3439 lvo,
2425 3393 2474 3443 p.
2502 3392 2604 3441 xrv,
2632 3392 2677 3428 c.
2702 3376 2786 3439 97,
2817 3390 2877 3428 es
2905 3375 3093 3428 Posuit.
3126 3375 3224 3429 Th.

1255 3603 1726 3662 FRAGMENTA
1772 3603 1874 3659 EX
1935 3603 2180 3661 LIBRIS
2241 3602 2989 3661 POENITENTIALIBUS.

1288 3832 1325 3881 l.

839 3939 927 3993 EX
953 3938 1452 3993 POENITENTIALI
1485 3936 1776 3994 ROMANO.

562 4069 678 4123 Τιτ.
707 4084 745 4131 ι,
782 4084 893 4121 car.
1003 4068 1076 4120 De
1100 4068 1201 4119 illis
1226 4070 1311 4135 qui
1339 4085 1429 4135 pro
1454 4069 1671 4121 vindicta
1691 4079 1956 4136 parentum
1983 4070 2072 4119 lto-

1004 4136 1261 4187 micidium
1283 4138 1617 4189 committunt.

948 4246 1043 4345 (Εξ
1073 4246 1352 4300 Ptenitent.
1383 4246 1686 4316 Theodori.)

632 4364 655 4390 ι
680 4351 777 4416 Qui
799 4366 893 4419 pro
925 4353 1151 4404 vindicta
1179 4351 1356 4406 fratris
1377 4392 1391 4415 ,
1432 4362 1520 4406 aut
1546 4352 1761 4406 aliorum
1802 4360 2074 4420 parentum

566 4440 824 4493 hominem
854 4441 1118 4502 occiderit,
1147 4441 1217 4494 ita
1236 4443 1486 4509 pmniteat
1506 4451 1561 4495 ut
1590 4443 1867 4495 homicidia
1893 4451 2077 4509 sponte

568 4526 840 4579 commissa
864 4543 876 4577 :
910 4541 1023 4580 cum
1053 4529 1162 4596 ipsa
1189 4530 1393 4582 Veritas
1416 4530 1555 4582 dicat
1578 4548 1589 4581 :
1620 4528 1747 4582 Mihi
1774 4529 2076 4591 vindictam,

570 4622 614 4663 et
635 4627 722 4679 ego
742 4614 1031 4666 "tribuant.

573 4714 692 4770 Τιτ.
720 4733 782 4783 ιι,
818 4734 931 4772 cu.
958 4736 1028 4771 Iv.
1059 4719 1132 4773 De
1158 4720 1255 4773 illis
1275 4723 1359 4789 qui
1385 4738 1435 4773 se
1462 4723 1669 4773 scienter
1693 4719 2075 4788 pcrjuraverint.

932 4822 1029 4891 (Ex
1054 4824 1397 4879 Pmnitcntiali
1428 4826 1723 4895 Theodori.)

646 4927 675 4964 ι’
704 4925 758 4979 Si
801 4928 915 4994 quis
940 4929 1230 4996 suspicatur
1260 4933 1395 4997 quod
1429 4934 1492 4983 ad
1535 4932 1814 4999 perjurium
1844 4934 2077 4993 ducatur,

581 5024 634 5067 et
657 5024 825 5069 tamen
850 5032 913 5069 ex
942 5032 1191 5071 consensu
1213 5018 1372 5083 juvat,
1420 5021 1759 5089 quadraginta
1785 5021 1895 5072 dies
1922 5020 2084 5086 poeni-

584 5113 706 5167 teat,
753 5114 805 5158 et
849 5116 1040 5173 septem
1086 5118 1357 5174 sequentes
1393 5125 1587 5169 annos,
1637 5119 1690 5162 et
1725 5124 1983 5177 nunquam
2019 5108 2085 5159 sit

586 5192 699 5245 sine
724 5193 865 5259 gravi
898 5194 1215 5258 pamitentia.
1638 5184 1653 5196 ’

658 5353 683 5379 ι
716 5342 927 5462 Regna,
959 5345 992 5395 1.
1022 5361 1081 5407 ιι,
1116 5362 1160 5399 c.
1186 5347 1281 5407 25',
1318 5347 1527 5405 Burrh.,
1558 5346 1645 5397 lib.
1668 5361 1750 5411 ιι,
1783 5361 1827 5393 r.
1866 5344 1949 5407 52,
1980 5345 2083 5404 lvo,

674 5426 721 5462 χ.
748 5426 793 5461 c.
894 5451 905 5462 .

634 5444 643 5453 .
674 5426 721 5467 χ.
748 5426 793 5461 c.
826 5422 905 5463 tu.

548 5506 553 5513 ν
593 5422 625 5473 Γ
664 5477 687 5513 δ
721 5477 871 5532 Rab..
894 5480 944 5531 in
968 5497 1044 5543 cp.
1075 5482 1135 5533 all
1164 5479 1444 5542 Heribalth
1469 5498 1510 5529 ‹·.
1552 5482 1605 5531 l8
1630 5498 1640 5541 ;
1670 5480 1882 5546 licgilm,
1909 5480 1992 5530 ιγ».
2027 5494 2085 5539 ιι,

2173 3834 2289 3885 Τιτ.
2327 3849 2379 3886 ιιι
2444 3829 2555 3885 ειν.
2606 3846 2744 3884 xxiv.
2781 3829 2988 3949 ἕιάιιὲε⁸
3014 3827 3098 3895 qui
3126 3825 3362 3892 fornicati
3401 3835 3518 3875 sunt
3560 3826 3690 3876 sicut

2822 3913 2850 3946 ο
2891 3905 3075 3946 omum.

2822 3905 3075 3946 OdOﬂlilll'.

2436 4064 2437 4067 η
2528 3986 2625 4055 (Ex
2656 3983 3001 4039 Paenitentiali
3023 3979 3325 4048 Theodori.)
3496 3990 3507 4017 ι

2244 4088 2263 4113 ε
2297 4075 2351 4129 Si
2377 4074 2495 4142 quis
2520 4072 2805 4127 fornicatus
2853 4069 3007 4125 fuerit
3029 4110 3042 4131 ,
3078 4071 3213 4123 sicut
3241 4066 3526 4122 Sodomita:
3554 4068 3695 4121 fece-

2174 4172 2317 4228 runt,
2355 4164 2399 4218 si
2422 4164 2713 4231 episcopus,
2744 4160 2927 4229 viginti
2954 4158 3185 4227 quinque
3213 4170 3377 4209 annos
3402 4157 3693 4223 pteniteat:

2103 4251 2152 4310 D
2176 4254 2403 4321 quinque
2426 4265 2490 4305 ex
2515 4251 2597 4304 his
2628 4250 2678 4303 in
2714 4263 2847 4316 pane
2876 4256 2929 4302 et
2953 4262 3110 4315 aqua,
3152 4262 3215 4299 ex
3243 4246 3385 4299 omni
3412 4244 3584 4297 cilicio
3606 4245 3698 4299 de-

2172 4348 2409 4409 ponatur,
2440 4338 2817 4407 peregrinando
2844 4336 2989 4388 finiat
3020 4336 3132 4387 dies
3155 4334 3270 4385 vitae
3305 4346 3428 4385 suae.
3468 4330 3693 4401 Presby-

2174 4439 2254 4481 ter
2280 4426 2573 4495 quindecim
2617 4440 2780 4477 annos
2821 4424 3092 4490 paeniteat,
3141 4420 3371 4488 quinque
3412 4433 3478 4472 ex
3523 4420 3606 4473 his
3638 4421 3691 4472 in

2174 4531 2305 4584 pane
2332 4523 2383 4569 et
2410 4529 2563 4581 aqua,
2593 4511 2843 4579 superiori
2877 4508 3132 4562 sententia
3170 4507 3476 4574 deponatur.
3510 4505 3691 4559 Diaco-

2174 4620 2270 4657 nus
2299 4612 2353 4657 et
2383 4601 2666 4655 monachus
2694 4599 2963 4651 duodecim
3007 4609 3190 4657 annos,
3238 4604 3346 4647 tres
3375 4594 3427 4645 in
3466 4606 3601 4660 pane
3638 4602 3690 4644 et

2175 4704 2325 4756 aqua,
2353 4697 2407 4739 et
2430 4689 2734 4754 deponatur.
2776 4683 2947 4734 Addit.
2975 4680 3142 4732 Ansel.
3172 4697 3182 4730 :
3223 4678 3277 4731 Si
3306 4685 3479 4730 autem
3508 4690 3687 4738 senes,

2176 4781 2263 4825 aut
2290 4787 2426 4841 mger
2449 4771 2634 4833 fuerit,
2676 4768 2974 4821 carceribus
3002 4765 3291 4819 tenebrosis
3320 4762 3555 4818 reclusus
3577 4776 3688 4829 νω-

2176 4861 2338 4912 niteat
2362 4859 2603 4912 omnibus
2629 4857 2809 4909 diebus
2834 4856 2952 4907 vita:
2987 4868 3111 4906 suae.
3148 4850 3155 4857 ’

2246 4950 2362 5002 Τιτ.
2396 4964 2489 5010 ιιι,
2533 4962 2645 4999 cn.
2687 4960 2807 4996 xxv.
2866 4943 2938 4994 De
2973 4960 3030 4996 co
3074 4944 3159 5012 qui
3203 4940 3449 5010 fornicari
3479 4939 3615 5007 vult,
3641 4951 3685 4993 rt

2781 5028 2878 5062 non
2903 5021 3080 5078 potest.

2245 5104 2267 5140 ἀ
2306 5104 2358 5155 Si
2392 5104 2505 5169 quis
2546 5100 2911 5167 concupiscens
2938 5098 3205 5160 fornicari,
3230 5105 3282 5151 et
3310 5111 3410 5150 non
3439 5095 3685 5165 potuerit,

2183 5202 2266 5243 aut
2297 5190 2480 5243 mulier
2507 5204 2607 5243 non
2631 5188 2913 5256 susceperit
2934 5202 3070 5250 eum,
3100 5186 3143 5239 si
3168 5187 3461 5253 episcopus,
3492 5191 3685 5253 septem

2184 5358 2226 5392 (ι.
2257 5341 2355 5393 326
2380 5356 2392 5400 ;
2416 5339 2625 5401 Burch.,
2653 5337 2687 5387 l1
2712 5353 2806 5399 ιιι,
2830 5352 2875 5389 c.
2913 5336 3003 5398 li;
3047 5337 3151 5397 lvo,
3181 5350 3230 5402 p.
3263 5349 3390 5394 LXII,
3427 5350 3472 5384 r.
3515 5331 3598 5388 68.

2251 5420 2269 5443 α
2307 5407 2499 5467 .«\nsel.,
2527 5406 2612 5457 lib.
2649 5420 2720 5463 ιιι,
2756 5420 2800 5455 c.
2826 5405 2909 5455 97.

2251 5477 2272 5513 ί¹¹
2304 5474 2656 5536 Ansel.,l.x1,
2689 5487 2731 5521 ς.
2767 5470 2875 5524 129.
