3922 6222
191 349 291 403 96]

855 338 1386 395 [’(ENlTE-NHALE.
1431 364 1493 373 -ςο
1532 328 1855 387 CAPITULA
1896 312 2233 383 COLLECTA
2276 329 2363 381 EX
2402 328 2646 382 FRAGM.

3215 328 3340 384 962'“

190 471 368 510 atinas
390 453 673 522 paeniteat;
719 452 1006 518 presbyter,
1047 450 1313 516 quinque;
1360 447 1603 501 diaconus
1631 443 1709 494 vel
1740 442 1779 495 Α
1810 438 1957 489 nistri
1993 438 2141 503 juxta
2189 440 2419 493 ordinem
2461 441 2654 508 judicio
2703 440 2984 494 sacerdotis
3019 444 3318 509 pmniteant.
3384 508 3387 512 Α

187 540 507 601 monachus,
533 546 639 589 tres
663 553 672 586 :
718 551 778 588 ex
806 536 885 586 his
915 551 1071 587 unum
1102 537 1153 587 in
1182 549 1314 602 pane
1336 544 1388 589 et
1414 547 1543 600 aqua
1572 546 1584 595 ;
1615 532 1711 583 ele-

184 628 290 681 rici
333 628 411 679 vel
437 626 571 684 laici,
606 625 734 677 duos
762 638 923 676 annos
949 620 1254 690 pmniteant.

179 733 319 790 CAP.
364 749 506 788 xxix.
536 732 764 797 Qualiter
802 733 1039 800 paenitere
1062 732 1233 784 debeat
1262 745 1373 799 qua:
1409 728 1710 781 lenocinium

824 810 1079 867 operatur.

797 901 1113 939 THEODOBUS.

254 986 280 1013 ι
312 975 605 1029 Exercuisti
633 973 964 1035 lenocinium,
988 973 1149 1026 autin
1173 974 1353 1039 teipsa,
1386 979 1475 1024 aut
1502 973 1552 1024 in
1575 969 1707 1032 aliis,

178 1062 255 1114 ita
301 1062 441 1125 dico,
489 1069 545 1119 ut
583 1071 673 1114 tuo
715 1058 1010 1114 meretricio
1047 1076 1191 1114 more
1240 1061 1345 1113 tuis
1393 1060 1712 1113 amatoribus

176 1164 383 1215 corpus
422 1158 565 1202 tuum
608 1150 673 1202 ad
715 1150 1064 1213 tractandum,
1115 1158 1167 1204 et
1204 1150 1268 1202 ad
1315 1147 1707 1209 sordidandum,

176 1254 281 1306 pro
326 1239 498 1305 pretio
525 1238 778 1292 tradidisti
804 1258 814 1289 :
840 1255 953 1302 seu,
986 1240 1123 1307 quod
1151 1238 1409 1293 crudelius
1457 1247 1546 1292 aut
1572 1238 1711 1305 peri-

174 1325 437 1387 culosius,
484 1326 709 1379 alienum
751 1341 962 1394 corpus,
1007 1326 1125 1380 filiae
1154 1325 1271 1379 dico
1298 1326 1377 1379 vel
1422 1324 1611 1391 neptis,
1656 1331 1709 1375 et

174 1411 409 1478 alicujus
445 1412 750 1467 Christiana:
778 1414 1096 1468 amatoribus
1119 1413 1416 1476 vendidisti,
1455 1412 1538 1464 vel
1580 1426 1709 1465 con-

173 1498 426 1560 cessisti,
476 1499 555 1551 vel
595 1500 911 1552 internuntia
935 1499 1075 1552 fuisti
1097 1499 1177 1552 vel
1220 1500 1493 1553 consiliata
1523 1513 1611 1559 es,
1654 1505 1709 1550 ut

172 1594 423 1653 stuprum
447 1586 654 1654 aliquod
674 1587 773 1639 tali
800 1588 952 1639 modo
971 1594 1377 1654 perpetraretur,
1395 1588 1525 1639 duos
1546 1602 1709 1639 annos
1750 1614 1751 1617 η

171 1675 443 1743 paenitens
465 1689 556 1742 per
583 1675 835 1741 legitimas
859 1673 1035 1727 ferias.
1063 1675 1257 1728 Tamen
1283 1675 1336 1727 in
1361 1674 1581 1728 concilio
1610 1675 1709 1727 Eli-

1814 526 1952 578 Laici
1997 527 2134 578 velut
2170 536 2287 579 vota
2330 542 2430 579 non
2466 529 2729 590 habentes,
2776 529 2816 581 si
2849 530 3191 596 inebriantur,
3235 550 3323 588 ar—

1812 622 2035 682 guantur
2070 631 2103 667 a
2145 617 2431 678 sacerdote,
2479 618 2615 684 quod
2641 619 2829 671 ebriosi
2857 633 3067 689 regnum
3095 622 3185 677 Dei
3220 640 3324 678 non

1810 703 2171 769 possidebunt,
2215 711 2262 756 et
2293 706 2532 758 interitus
2576 706 2923 781 sit‘ebrielas,
2959 718 3011 761 et
3051 713 3326 779 compellat

1811 804 1900 843 eos
1924 791 2197 857 ptenitere.
2231 791 2328 855 Qui
2356 792 2490 859 cogit
2518 793 2779 845 hominem
2808 804 2862 846 ut
2893 796 3195 859 inebrietur,
3229 800 3326 851 hu-

1813 877 2076 930 manitatis
2120 878 2285 943 gratia
2332 879 2586 930 acerrime
2622 880 2971 946 corripiatur,
3027 890 3080 935 et
3128 892 3323 952 septem

1811 962 1919 1014 dies
1959 964 2228 1029 pmniteat.
2286 963 2338 1016 Si
2382 973 2858 1033 percontemptum
2886 1007 2899 1030 ,
2947 970 3157 1036 triginta
3192 971 3322 1025 dies.

1812 1047 1991 1100 Nullus
2035 1049 2359 1104 Christianus
2396 1052 2551 1103 alium
2595 1053 2711 1121 plus
2750 1054 2927 1107 bibere
2959 1064 3127 1123 cogat,
3172 1073 3325 1126 quam

1811 1144 2009 1189 naturae
2044 1135 2281 1189 sufﬁciat.
2333 1139 2479 1202 Quod
2524 1140 2566 1193 si
2609 1140 2807 1205 fecerit,
2835 1142 2985 1209 juxta
3012 1144 3061 1196 id
3106 1147 3242 1212 quod
3274 1148 3325 1199 in

1810 1222 2157 1278 Pmnitentiali
2182 1227 2415 1286 habetur,
2447 1228 2715 1293 pmniteat.

1810 1299 1928 1363 'ru'.
1973 1328 2065 1364 vn.
2092 1328 2204 1366 CAP.
2252 1330 2373 1367 xxx.
2411 1314 2487 1366 De
2523 1315 2621 1367 illis
2648 1318 2733 1384 qui
2757 1317 3042 1371 Christiana
3079 1322 3327 1387 mancipia

2382 1404 2753 1469 captivarerint.

2160 1488 2253 1555 (Ex
2284 1487 2632 1541 Pmnitentiali
2666 1489 2969 1560 TbeodOri.)

1876 1574 1902 1613 δ
1932 1572 1986 1627 Si
2013 1575 2128 1642 quis
2156 1590 2514 1643 quemcunque
2543 1578 2807 1631 hominem
2852 1580 3083 1647 quolibet
3120 1576 3327 1652 ingenio

1809 1663 2186 1729 captivaverit,
2240 1673 2328 1716 aut
2376 1665 2760 1721 transmiserit.
2812 1674 2918 1719 tres
2958 1682 3123 1722 annos
3158 1670 3327 1737 paeni-

172 1735 402 1814 bertano
430 1735 811 1830 bpraecipitur,
840 1771 899 1814 ut
924 1761 1009 1814 illa
1034 1776 1148 1829 qum
1174 1762 1283 1814 haec
1307 1760 1705 1829 perpetraverit,
1745 1735 1785 1790 Β
1811 1754 1938 1800 ἰείη.

172 1850 277 1901 nisi
309 1850 366 1901 in
392 1850 516 1911 fine,
547 1850 772 1918 accipiat
796 1849 1239 1903 communionem.

171 1935 298 1988 Τιτ.
330 1950 415 1997 tv,
448 1950 560 1988 car.
607 1950 678 1988 iv.
728 1936 801 1986 De
841 1935 977 2002 furto
1018 1951 1108 2002 per
1150 1935 1492 1989 necessitatem
1537 1950 1709 2003 perpe-

864 2012 1014 2055 trato.

784 2106 1019 2145 THEODOB
1026 2106 1103 2144 US.

244 2192 267 2249 9
302 2178 359 2232 Si
400 2180 518 2245 quis
543 2194 635 2246 per
670 2180 1035 2250 nipessitatem
1056 2179 1257 2241 furatus
1297 2180 1456 2233 fuerit
1486 2181 1705 2243 cibaria,

171 2242 252 2323 ve/l
278 2242 503 2330 vestem,
522 2242 613 2319 aut
629 2242 787 2334 pecus
806 2282 902 2334 per
927 2267 1140 2333 famem,
1170 2275 1260 2319 aut
1285 2281 1378 2335 per
1399 2268 1702 2339 nuditatem,

170 2356 430 2421 pmniteat
458 2356 808 2408 hebdomadas
846 2363 968 2416 tres.
1018 2355 1072 2408 Si
1100 2357 1401 2420 reddiderit,
1425 2372 1525 2409 non
1555 2371 1709 2425 coga-

171 2451 260 2497 tur
280 2439 543 2508 ieiunare.

567 2529 691 2582 Car.
728 2544 779 2579 v.
818 2528 894 2583 De
919 2529 1053 2596 fur.'o
1088 2529 1316 2597 capitali.

239 2618 264 2657 ἀ
297 2620 354 2672 Si
408 2620 523 2686 quis
572 2617 767 2675 furtum
825 2620 1045 2687 capitale
1089 2621 1447 2685 commiserit,
1499 2623 1550 2675 id
1606 2630 1703 2684 est,

170 2707 535 2774 quadrupedia
567 2707 743 2759 tulerit
764 2706 844 2759 vel
880 2721 1030 2760 casas
1062 2706 1343 2775 effregerit,
1392 2718 1588 2776 septem
1616 2725 1708 2762 an-

173 2811 269 2848 uos
298 2797 573 2863 pteniteat,
619 2803 671 2848 et
703 2798 839 2862 quod
870 2796 1096 2849 furatum
1123 2806 1221 2859 est,
1250 2799 1450 2851 reddat.
1497 2799 1553 2851 Si
1589 2800 1708 2865 quis

172 2890 351 2936 autem
394 2883 457 2935 de
486 2882 771 2936 minoribus
800 2882 976 2944 semel,
1011 2891 1101 2936 aut
1144 2884 1222 2936 bis
1266 2884 1460 2937 furtum
1500 2884 1701 2949 fecerit,

172 2972 361 3026 reddat
389 2973 525 3039 quod
547 2973 683 3047 tulit,
707 2981 759 3025 et
783 2986 919 3026 anno
949 2989 1050 3026 uno
1073 2974 1343 3040 pmriiteat.
1375 2975 1581 3026 Addunt
1606 2973 1707 3027 Re-

171 3060 289 3126 gina
333 3068 382 3110 et
428 3057 617 3110 Burch.
643 3073 660 3108 :
706 3059 787 3112 vel
832 3061 875 3113 si
915 3061 1033 3127 quis
1072 3060 1365 3127 sepulcrum
1411 3061 1701 3127 violaverit,

172 3153 377 3214 septem
425 3159 588 3198 annos
632 3147 921 3214 pmniteat,
975 3154 1082 3199 tres
1133 3161 1198 3200 ex
1247 3148 1329 3200 his
1377 3148 1428 3200 in
1473 3163 1610 3215 pane
1653 3158 1707 3202 et

175 3246 335 3301 aqua.

172 3320 297 3373 Car.
325 3336 400 3373 xi.
433 3320 579 3388 Quod
600 3331 653 3373 ut
680 3321 1279 3392 saerilegusjudicandus
1301 3334 1371 3382 est
1397 3324 1484 3392 qui
1509 3334 1700 3392 patrem

637 3389 709 3443 vel
737 3400 946 3442 matrem
967 3389 1239 3459 expulerit.

779 3494 1095 3533 THEODORUS.

246 3575 270 3623 β
293 3565 350 3619 Si
379 3566 496 3634 quis
522 3573 722 3633 patrem
750 3565 831 3618 vel
854 3572 1073 3618 matrem
1114 3566 1393 3635 expulerit,
1424 3568 1614 3637 impius
1650 3577 1703 3621 et

172 3654 463 3722 sacrilegus
501 3652 812 3721 judicandus
853 3662 951 3707 est.
1002 3652 1260 3708 Pmniteat
1300 3664 1470 3710 autem
1514 3658 1702 3726 aequali

175 3749 427 3810 tempore,
456 3740 683 3808 quandiu
720 3740 775 3796 in
802 3740 1068 3809 impietate
1092 3742 1180 3795 illa
1206 3743 1479 3799 exstiterit.

612 3828 734 3881 Car.
765 3844 858 3883 xu.
888 3829 962 3883 De
984 3830 1156 3883 eadem
1188 3848 1257 3889 re.

512 3986 515 3987 ν
785 3932 1101 3976 rneononus.

212 4008 215 4009 ⁷
250 4007 268 4045 ι
296 3996 608 4059 Maledixisti
632 4006 769 4073 patri
794 4005 872 4059 vel
896 4007 1049 4059 matri
1068 4008 1566 4075 tute,velflagellasti
1589 4026 1697 4077 eos,

175 4095 254 4149 vel
287 4096 343 4149 in
365 4094 540 4163 aliquo
572 4095 947 4158 dehonestasti,
977 4097 1321 4165 quadraginta
1351 4100 1460 4152 dies
1495 4101 1547 4152 in
1569 4114 1702 4168 pane

177 4193 231 4236 et
269 4197 406 4250 aqua
451 4197 570 4237 cum
616 4190 810 4250 septem
851 4185 1186 4250 sequentibus
1233 4187 1384 4240 annis
1425 4192 1697 4255 paenitens,

178 4270 299 4338 quia
328 4269 579 4323 Dominus
604 4269 770 4322 dixit:
816 4267 914 4333 Qui
944 4269 1263 4323 maledixerit
1298 4275 1435 4341 patri
1471 4291 1582 4339 suo,
1626 4276 1701 4329 vel

180 4360 349 4421 matri,
385 4365 544 4410 morte
565 4357 831 4411 moriatur.

194 4442 199 4447 ”
364 4445 482 4497 Τιτ.
513 4459 565 4508 v,
592 4458 705 4497 car.
734 4459 811 4501 tu.
840 4444 917 4499 De
938 4447 1149 4515 crapula
1183 4458 1231 4502 et
1256 4451 1512 4507 ebrietate.

785 4546 1105 4589 τηεουοιιυε.

251 4621 540 4679 llSacerdos
564 4619 822 4689 quislibet,
842 4622 883 4674 si
906 4622 1193 4678 inebriatur
1214 4640 1309 4694 per
1334 4629 1699 4695 ignorantiam,

181 4719 374 4778 septem
402 4707 514 4762 dies
544 4709 796 4776 poeniteat
829 4711 880 4765 in
904 4723 1037 4778 pane
1061 4723 1113 4767 et
1138 4728 1290 4782 aqua.
1329 4715 1382 4770 Si
1408 4732 1501 4785 per
1539 4720 1702 4785 negli-

180 4795 426 4863 gentiam,
450 4794 743 4862 quindecim
769 4793 881 4849 dies
907 4813 921 4859 ;
972 4798 1015 4850 si
1044 4814 1136 4867 per
1156 4801 1529 4872 contemptum,
1574 4820 1704 4873 qun-

182 4882 416 4951 draginta
434 4881 565 4934 dies.
590 4880 865 4946 Diaconos,
892 4883 973 4935 vel
1000 4888 1283 4941 monachus
1310 4891 1591 4947 secundum
1616 4908 1704 4946 or-

183 4968 379 5033 dinem,
409 4977 467 5022 ut
491 4969 742 5036 scriptum
766 4978 873 5031 est,
905 4985 995 5024 seu
1022 4980 1073 5024 et
1103 4974 1287 5043 reliqui
1308 4978 1487 5032 clerici
1515 4986 1573 5031 ut
1602 4982 1699 5033 mi-

247 5111 273 5139 ι
301 5099 514 5161 Durch.,
538 5097 573 5149 l.
602 5112 708 5157 xix,
736 5110 781 5148 c.
811 5096 928 5151 278.

250 5166 275 5205 δ
302 5169 459 5221 Cone.
486 5166 742 5227 Eliberit.,
780 5180 824 5217 c.
858 5167 939 5218 η.

249 5245 271 5271 ε
301 5232 579 5307 Burch._,l1
608 5250 681 5296 xi,
720 5248 765 5285 e.
794 5232 896 5297 58;
927 5234 1035 5300 lvo,
1070 5252 1123 5305 p.
1161 5254 1275 5305 xm,
1306 5256 1351 5294 c.
1386 5242 1453 5305 4;
1493 5242 1693 5307 Ansel.,

189 5300 272 5353 lib.
304 5319 376 5364 xl,
407 5317 453 5355 c.
490 5300 602 5353 l09.

252 5367 275 5404 ἀ
302 5370 488 5441 Posuit.
514 5368 661 5441 Bern.
690 5372 755 5441 ab
784 5373 970 5441 Halitg.
996 5375 1310 5441 cxscriptum
1336 5391 1364 5429 e
1384 5377 1575 5431 scrinio
1603 5394 1694 5434 ec-

192 5443 351 5558 :tegge
377 5437 547 5497 llom.;
576 5438 789 5505 llegino,
813 5442 846 5493 l.
877 5437 1071 5509 n,'eap.
1105 5437 1233 5508 26:8;
1258 5446 1471 5511 Bureh.,
1497 5446 1584 5501 lib.
1619 5464 1693 5511 xi,

192 5511 236 5551 c.

306 5572 504 5641 Ansel.,
521 5573 608 5629 lib.
636 5589 704 5641 xl,
730 5590 774 5628 c.
804 5575 916 5628 112.

1950 1833 2076 1888 Car.
2117 1852 2261 1888 xxxx.
2292 1837 2366 1891 De
2400 1839 2838 1895 administratione
2861 1846 3178 1899 xenodochii.

2166 1922 2261 1990 (Ex
2290 1924 2639 1978 Pmnitentiali
2669 1930 2967 1997 Theodori.)

1879 2003 1894 2040 ί
1928 2000 1982 2054 Si
2009 2002 2125 2069 quis
2163 2007 2484 2058 xenodochia
2528 2023 2812 2076 pauperum
2840 2014 3201 2079 administrat,
3249 2018 3332 2071 vel

1804 2086 2033 2140 decimas
2068 2090 2247 2156 populi
2281 2096 2595 2160 susceperit,
2642 2106 2695 2149 et
2721 2100 2908 2153 exinde
2933 2101 3013 2154 vel
3038 2103 3147 2157 suis
3170 2119 3333 2158 saecu-

1804 2173 1999 2228 laribus
2030 2176 2190 2231 lueris
2233 2183 2538 2236 sectandum
2574 2186 2767 2252 aliquid
2794 2190 3131 2255 subtraxerit,
3181 2196 3332 2260 quasi

1804 2280 1978 2319 rerum
2007 2269 2219 2322 invasor
2248 2287 2368 2325 reus
2398 2276 2643 2329 damnum
2674 2279 2935 2343 restituat,
2971 2290 3022 2333 et
3051 2284 3146 2336 sub
3174 2300 3335 2338 cano-

1802 2356 1922 2409 nico
1960 2356 2158 2423 judicio
2200 2359 2530 2424 reformctur,
2573 2374 2625 2415 et
2654 2377 2774 2433 agat
2820 2371 3179 2434 paenitentiam
3227 2382 3334 2427 tres

1803 2457 1985 2496 annos.
2020 2442 2281 2513 Scriptum
2317 2458 2399 2501 est
2427 2451 2601 2502 enim:
2634 2452 2808 2506 Talem
2840 2444 3089 2510 Dominus
3116 2460 3328 2528 dispen-

1802 2538 2031 2582 satorem
2058 2533 2264 2598 quaerit,
2292 2537 2377 2603 qui
2411 2538 2508 2589 sibi
2537 2540 2598 2591 de
2626 2541 2735 2594 suis
2765 2542 2893 2595 nihil
2926 2554 3159 2612 usurpet.

1804 2616 1922 2670 Τιτ.
1955 2632 2067 2681 vni,
2094 2633 2208 2672 car.
2236 2637 2315 2695 x1.
2360 2623 2613 2695 Habentes
2654 2640 2764 2695 post
2797 2641 2964 2683 votum
3004 2648 3103 2687 non
3126 2646 3242 2689 sunt
3268 2639 3330 2690 ab

2201 2696 2206 2700 '
2298 2691 2506 2743 invicem
2534 2691 2822 2761 separandi.

2405 2796 2723 2837 THEODOBUS.

1872 2859 1926 2912 Si
1970 2862 2065 2914 vir
2113 2872 2291 2917 votum
2345 2866 2359 2914 ἱ
2420 2869 2736 2936 virginitatis
2786 2875 2985 2930 habens
3037 2879 3334 2950 adjungitur

1800 2947 1968 3009 uxori,
2001 2956 2182 3014 postea
2208 2966 2312 3004 non
2339 2953 2567 3009 dimittat
2593 2974 2829 3017 uxorem.
2862 2963 2950 3016 sed
2992 2965 3159 3020 tribus
3182 2947 3334 3023 annis

1729 3021 1774 3084 C
1805 3034 2071 3101 paeniteat.

2534 3134 2594 3189 Il.

1999 3214 2101 3266 me
2112 3215 2601 3276 PCENITENTIALI
2633 3225 2875 3284 RABANI
2902 3232 3133 3289 MAUR].

2155 3321 2534 3373 ARClllEPISCOI’I
2569 3329 2989 3375 MOCUNTINENSIS.

1974 3387 2081 3441 Lm.
2114 3406 2192 3453 ιιι,
2220 3408 2333 3446 (ιλιι.
2366 3411 2435 3448 vi.
2467 3398 2540 3449 De
2563 3403 2864 3465 paenitentiis
2886 3408 3151 3467 laicorum.

1869 3473 1995 3573 Item
2024 3479 2074 3529 in
2099 3483 2402 3545 pmnitcntia
2424 3524 2438 3547 ,
2469 3502 2623 3552 quam
2654 3492 2955 3551 Theodorus
2984 3504 3330 3573 archiepisco-

1799 3576 1898 3628 pus
1923 3562 2203 3651 Britannim
2239 3584 2357 3622 cum
2388 3577 2593 3629 caeteris
2633 3581 2890 3651 episcopis
2916 3562 3204 3657 constituit,
3255 3562 3327 3651 ita

1800 3651 2131 3741 continetur:
2160 3653 2213 3707 Si
2242 3656 2395 3726 homo
2433 3674 2649 3719 vexatus
2674 3677 2753 3735 est
2778 3685 2806 3723 a
2834 3673 3063 3741 diabolo,
3088 3688 3139 3733 et
3165 3651 3332 3738 nescit

1799 3737 1992 3805 aliquid
2022 3741 2122 3794 nisi
2151 3744 2343 3813 ubique
2360 3748 2672 3818 discurrere,
2701 3766 2755 3810 et
2774 3762 2964 3817 occidit
2991 3737 3328 3840 semetipsum

1800 3839 2110 3918 quacunque
2138 3844 2317 3918 causa,
2352 3837 2565 3901 prodest
2604 3849 2661 3891 ut
2700 3836 2879 3898 oretur
2901 3864 2995 3915 pro
3022 3867 3107 3918 eo,
3142 3836 3190 3909 si
3208 3870 3329 3915 ante

1802 3912 2075 4006 religiosus
2099 3925 2210 3970 erat
2234 3910 2253 3982 ;’
2294 3920 2338 3973 si
2363 3936 2458 3989 pro
2490 3924 2871 3996 desperatione,
2901 3910 3003 3990 aut
3026 3910 3120 4006 pro
3142 3910 3327 4002 timore

1800 4001 1995 4069 aliquo,
2038 4014 2128 4057 aut
2155 4021 2257 4081 pro
2294 4012 2467 4097 causis
2505 4015 2802 4086 incognitis,
2851 4023 2957 4079 Deo
2984 4001 3326 4098 relinquimus

1799 4095 1898 4150 hoc
1918 4095 2193 4164 judicium,
2222 4109 2274 4154 et
2305 4096 2407 4156 non
2442 4108 2553 4159 ausi
2599 4124 2779 4166 sumus
2820 4129 2916 4182 pro
2953 4132 3015 4171 eo
3039 4095 3205 4186 orare,
3235 4112 3326 4193 qui

1799 4184 2139 4250 semetipsum
2176 4189 2427 4243 occiderit
2469 4198 2677 4262 propria
2706 4214 2799 4253 sua
2828 4203 3108 4260 voluntate.
3142 4184 3326 4267 Missas

1799 4282 1894 4335 pro
1918 4283 1981 4322 eo
2019 4269 2192 4325 facere
2236 4288 2338 4337 non
2363 4275 2506 4342 licet,
2550 4281 2640 4333 sed
2672 4290 2870 4339 tantum
2898 4303 3071 4354 orare,
3113 4302 3167 4346 et
3188 4296 3327 4350 elee-

1728 4337 1777 4397 Ῑ)
1803 4372 2045 4427 mosynas
2076 4361 2275 4431 largiri,
2322 4366 2365 4419 si
2406 4368 2522 4435 quis
2564 4370 2891 4430 Christianus
2935 4337 3105 4437 subila
3149 4394 3321 4441 tenta-

1804 4446 1944 4507 lione
1970 4459 2146 4505 mente
2184 4468 2277 4507 sua
2311 4457 2582 4522 exciderit,
2622 4462 2707 4515 vel
2730 4478 2824 4532 per
2848 4468 3103 4531 insaniam
3130 4482 3323 4531 semet-

1802 4533 1970 4600 ipsum
2016 4538 2299 4602 occiderit,
2345 4544 2556 4610 quidam
2601 4563 2695 4615 pro
2761 4567 2825 4606 eo
2868 4557 3057 4613 missas
3100 4561 3315 4617 faciunt.

1800 4620 1939 4722 item.
1965 4624 2016 4677 in
2044 4627 2223 4722 eodem
2252 4630 2386 4722 libro
2412 4651 2425 4685 :
2474 4634 2526 4687 Si
2553 4639 2669 4702 quis
2692 4655 2785 4706 pro
2810 4644 3005 4700 ultione
3041 4654 3317 4722 propinqui

1800 4710 2061 4809 hominem
2082 4716 2353 4783 occiderit,
2394 4724 2644 4786 pceniteat
2671 4728 2805 4782 sicut
2832 4710 3087 4789 homicida
3117 4710 3316 4809 septem

1796 4796 1880 4851 vel
1908 4799 2086 4897 decem
2110 4816 2272 4897 annos
2296 4821 2308 4867 ;
2340 4807 2393 4897 ‘si
2437 4816 2607 4875 tamen
2640 4813 2854 4871 reddere
2881 4821 2987 4873 vult
3014 4796 3317 4897 propinquis

1796 4888 2073 4982 pecuniam
2110 4891 2470 4949 mstimationis
2515 4898 2679 4954 levior
2712 4904 2815 4957 erit
2849 4888 3153 4975 paenitentia
3180 4888 3312 4982 ej-us,

1795 4972 1849 5025 id
1880 4981 1983 5039 est,
2025 4974 2239 5033 dimidio
2266 4983 2452 5048 spatio.
2500 4986 2597 5051 Qui
2640 4972 2889 5049 occiderit
2933 4972 3313 5071 hominem'pro'

1870 5108 1890 5144 τ
1918 5106 2134 5177 Bureh.,
2162 5111 2197 5162 l.
2228 5129 2335 5177 xix,
2366 5130 2411 5167 c.
2435 5117 2553 5171 270.

1867 5176 2183 5259 f§urqh.,l.
2216 5196 2323 5243 xw,
2354 5200 2466 5259 cap.
2498 5189 2529 5259 ἕξ
2554 5204 2566 5250 ;
2596 5189 2701 5253 lvo,
2725 5207 2775 5259 p.
2801 5209 2914 5259 xm,
2946 5212 2993 5251 c.
3022 5198 3087 5252 76

1862 5244 2124 5325 §§urch.,
2212 5264 2260 5311 ν,
2286 5266 2331 5303 e.
2513 5244 2619 5325 lvo,
2646 5244 2699 5325 βξ

1762 5333 1783 5348 ο
1870 5312 2129 5373 iBureh.,
2157 5316 2191 5367 Ι.
2219 5332 2267 5379 v,
2294 5335 2339 5371 c.
2370 5312 2466 5373 159
2488 5338 2501 5384 ;
2525 5312 2661 5388 lvo,.
2693 5368 2705 5380 .
2732 5312 2815 5381 xv,

1868 5379 1880 5428 l
1919 5378 2068 5449 Apud
2097 5382 2241 5437 Grat.
2276 5386 2445 5449 (Decr.
2483 5406 2531 5449 ιι.
2575 5408 2611 5449 ι.
2641 5342 2762 5449 dist.
2803 5370 2889 5449 ’27.
2921 5417 2967 5449 ο.
2992 5404 3039 5449 Si

1868 5378 2445 5472 insliﬁpudﬁgfatqlp‘ecr.
2556 5378 2890 5472 Audisti-hi,
3084 5405 3309 5471 additur,

1795 5448 2161 5537 simplex,osed
2207 5448 2351 5537 abest
2380 5448 2609 5537 vox'ista'
2639 5448 2711 5515 ab
2731 5448 2971 5524 omnibus

1796 5514 2286 5609 ἳὲί¹ἷῖἷῖἓῖιξξλν
2305 5537 2353 5609 9·
2387 5523 2444 5609 δέ
2468 5530 2579 5594 φάε
2603 5514 2980 5609 υρέὲιῖιῗὲὖᾶιῖι
3004 5514 3307 5609 ἇῦἷὲηἷῖἕέἶ

1796 5588 1886 5648 sis,
1918 5592 1973 5636 ut
1999 5588 2414 5646 animadvertunt
2440 5588 2663 5651 correct.
2692 5588 2841 5659 Grat.
