3922 6222
564 364 661 421 965

1492 360 1822 415 THEODORI
1863 360 2163 413 ARClllEP.
2203 359 2728 416 CANTUARIENSIS

3575 358 3691 412 985

559 476 785 531 vindicta
830 474 1020 537 fratris,
1050 473 1224 525 «tribus
1259 474 1411 526 annis
1439 474 1707 540 paeniteat.
1754 473 1808 526 ln
1834 473 1934 526 alio
1957 474 2070 528 loco
2098 478 2141 535 Α
2168 476 2263 527 bus
2288 489 2343 529 se
2370 475 2625 528 abstineat
2662 476 2726 527 ab
2755 472 3004 535 Ecclesia,
3045 481 3099 526 et
3127 474 3214 541 qui
3240 472 3493 526 occiderit
3515 474 3701 529 homi-

559 564 739 618 decem
770 577 929 614 annos
958 562 1147 614 dicitur
1172 562 1421 627 praeniteat
1447 577 1462 624 ;
1492 562 1747 615 homicida
1776 570 1944 615 autem
1982 561 2071 615 de-

557 666 671 706 cem
710 650 788 703 vel
818 659 1018 717 septem
1058 664 1240 701 annos.
1284 648 1339 701 Si
1380 650 1542 702 laicus
1570 650 1789 703 alterum
1826 650 2073 703 occiderit

557 742 661 795 odii
692 741 1052 802 meditatione,
1100 739 1142 790 si
1170 752 1271 791 non
1302 738 1411 789 vult
1433 752 1577 790 arma
1619 738 1929 805 relinquere,
1958 752 2071 807 pte-

556 829 827 881 nitentiam
860 835 1052 894 septem
1087 842 1360 889 annorum,
1408 827 1518 879 sine
1539 840 1698 879 carne
1723 833 1777 879 et
1804 826 1923 880 vino
1966 835 2071 879 tres

554 932 737 970 annos.
796 907 849 969 Si
888 918 1003 983 quis
1036 917 1286 969 occiderit
1330 917 1637 987 monachum
1682 915 1759 967 vel
1802 914 2068 979 clericum,

552 1017 718 1059 artem
762 1005 1036 1071 relinquat,
1085 1012 1136 1056 et
1178 1004 1284 1057 Deo
1332 1003 1539 1065 serviat,
1584 1012 1636 1054 et
1681 1010 1876 1068 septem
1907 1015 2069 1054 annos

550 1095 819 1162 pmniteat,
855 1094 992 1159 quod
1021 1093 1072 1146 in
1108 1090 1307 1158 judicio
1336 1090 1563 1158 episcopi
1590 1100 1689 1142 est.
1732 1089 1828 1153 Qui
1857 1088 2070 1156 presby-

552 1191 719 1235 terum
751 1183 1019 1242 occiderit,
1069 1181 1336 1233 duodecim
1380 1194 1634 1232 annorum
1674 1180 1721 1231 ei
1762 1179 2067 1247 pmnitentia

549 1271 831 1323 secundum
875 1284 1099 1321 canones
1137 1269 1469 1336 imponatur;
1513 1276 1600 1318 aut
1629 1266 1669 1318 si
1697 1267 1984 1334 negaverit,
2024 1266 2067 1319 si

548 1355 681 1409 liber
706 1365 806 1417 est,
851 1371 966 1408 cum
994 1355 1442 1420 duodecimjuret.
1476 1354 1531 1405 Si
1558 1362 1729 1429 autem
1764 1368 1944 1405 servus
1977 1369 2068 1420 per

548 1441 816 1495 duodecim
846 1457 1090 1525 “vomeres
1134 1441 1394 1494 ferventes
1437 1456 1492 1494 se
1534 1450 1752 1509 purget,
1800 1443 2067 1493 convictus

548 1545 679 1583 noxa
717 1546 879 1598 usque
906 1531 969 1583 ad
1011 1531 1250 1584 ultimum
1277 1532 1395 1583 vita:
1437 1540 1639 1599 tempus
1669 1530 1864 1583 militiae
1890 1530 2068 1596 cingu—

548 1618 650 1673 lum
675 1620 917 1687 deponat,
948 1628 999 1672 et
1025 1634 1240 1673 uxorem
1269 1604 1510 1671 amittat.
1531 1619 1626 1683 Qui
1658 1634 1751 1685 per
1781 1618 2064 1686 jussioncm

544 1708 747 1760 Domini
774 1710 853 1761 sui
882 1709 1133 1761 occiderit
1150 1708 1434 1769 hominem,
1463 1706 1802 1774 quadraginta
1827 1705 1937 1758 dies
1961 1720 2067 1772 poe-

543 1797 731 1861 niteat,
777 1807 829 1850 et
864 1797 952 1865 qui
978 1795 1228 1849 occiderit
1253 1796 1533 1856 hominem,
1578 1795 1920 1861 quadraginta
1962 1794 2067 1846 die-
2100 1789 2142 1847 Β

2171 576 2287 613 nem
2313 563 2362 613 in
2388 562 2591 628 publico
2614 562 2767 624 bello,
2814 560 3154 628 quadraginta
3179 560 3361 613 diebus
3391 562 3653 627 poeniteat
3678 576 3694 624 ;

2170 650 2213 701 si
2244 664 2335 716 per
2367 650 2525 712 iram,
2578 658 2684 703 tres
2730 664 2929 711 annos;
2972 649 3015 701 si
3057 663 3231 711 causa,
3271 662 3376 699 uno
3418 663 3593 712 anno;
3644 649 3698 704 si

2168 752 2261 805 per
2286 738 2529 805 populum
2554 739 2633 792 vel
2663 752 2758 805 per
2782 745 2947 792 artem
2984 738 3230 807 aliquam,
3263 746 3460 805 septem
3494 752 3694 801 annos,

2169 833 2259 875 aut
2299 826 2450 893 plus;
2490 828 2531 879 si
2562 842 2655 894 per
2680 826 2864 887 rixam,
2901 826 3081 879 decem
3108 840 3273 879 annos
3310 826 3574 893 paeniteat.
3631 826 3693 879 Si

2167 913 2284 977 quis
2313 914 2566 966 malelicio
2611 929 2704 968 suo
2735 914 2956 980 aliquem
2993 914 3292 982 perdiderit,
3338 914 3565 981 quinque
3588 930 3695 967 an-

2166 1014 2262 1052 nos
2286 1001 2550 1067 poeniteat,
2597 1000 2727 1054 duos
2751 1016 2815 1054 ex
2838 1002 2918 1053 his
2944 992 3009 1054 in’
3027 1016 3159 1069 pane
3184 1008 3236 1055 et
3274 1016 3428 1068 aqua.
3475 1001 3530 1053 Si
3561 1003 3693 1068 quis

2166 1102 2258 1154 per
2284 1097 2512 1140 artiorem
2540 1088 2801 1142 veneficus
2828 1090 2914 1151 sit,
2943 1098 2995 1141 et
3022 1090 3277 1141 neminem
3300 1088 3601 1155 perdiderit,
3641 1089 3689 1138 si

2165 1175 2383 1228 clericus
2401 1183 2509 1243 est,
2532 1192 2690 1229 unum
2716 1192 2904 1229 annum
2929 1178 3177 1246 poeniteat
3202 1179 3251 1229 in
3277 1192 3410 1244 pane
3436 1188 3487 1230 et
3512 1193 3687 1244 aqua;

2165 1264 2205 1317 si
2230 1266 2471 1320 sacerdos
2496 1267 2739 1333 quinque,
2773 1267 2872 1320 duo
2904 1282 2969 1319 ex
3010 1268 3091 1320 his
3114 1268 3165 1319 in
3193 1283 3327 1335 pane
3353 1278 3407 1321 et
3438 1283 3587 1336 aqua.
3625 1266 3689 1318 Si

2165 1353 2410 1406 diaconus
2439 1363 2542 1407 tres
2566 1370 2749 1418 annos,
2785 1371 2943 1408 unum
2976 1370 3040 1407 ex
3074 1357 3155 1408 his
3182 1358 3233 1408 in
3270 1372 3406 1423 pane
3433 1366 3486 1409 et
3522 1372 3691 1423 aqua,

2163 1452 2213 1491 et
2240 1440 2401 1494 laicus
2428 1442 2695 1495 dimidium
2720 1457 2911 1495 annum
2942 1445 3193 1510 poeniteat
3222 1461 3233 1495 :
3272 1446 3498 1498 maxime
3518 1444 3562 1498 si
3588 1460 3698 1512 per

2163 1529 2259 1581 hoc
2302 1529 2533 1583 mulieris
2557 1539 2763 1596 partum
2799 1531 3019 1598 quisque
3047 1532 3337 1599 deceperit,
3384 1542 3491 1585 tres
3516 1547 3697 1586 annos

2162 1617 2511 1687 unusquisque
2538 1627 2881 1691 superaugeat
2920 1622 2972 1673 in
2994 1635 3126 1690 pane
3149 1630 3199 1674 et
3230 1636 3385 1691 aqua,
3423 1636 3489 1675 ne
3516 1621 3695 1674 homi-

2161 1705 2281 1758 cidii
2307 1721 2425 1759 reus
2448 1707 2532 1760 sit.

1692 2027 2522 2137 FRAGMENTA
2622 1950 2652 1995 Γ

1329 2233 1452 2309 EX
1504 2228 2314 2310 COLLECTORIBUS
2385 2230 2890 2310 CANONUM.

1266 2470 1291 2529 Ι

806 2590 916 2647 EX
965 2586 1211 2646 LIBRIS
1264 2585 1319 2643 ιι
1364 2562 1773 2643 REGINONIS

628 2684 728 2745 DE
774 2682 1378 2743 ECCLESIASTICIS
1423 2678 1871 2741 DlSClPLlNlS
1907 2688 1955 2733 ⁸.

768 2804 852 2856 DE
895 2801 1326 2857 SUSCIPIENDA
1360 2797 1832 2853 CONFESSIONE.

2162 2464 2355 2517 tionem
2382 2466 2617 2519 veritatis
2654 2467 2849 2531 venire,
2878 2467 2967 2535 qui
2992 2482 3093 2521 non
3138 2467 3218 2522 vis
3245 2477 3469 2525 mortem
3492 2483 3692 2542 pecca-

2162 2560 2354 2615 torum,
2378 2553 2468 2605 sed
2491 2561 2547 2604 ut
2563 2563 2935 2609 convertantur
2957 2563 3009 2607 et
3036 2556 3229 2622 vivant,
3261 2558 3467 2625 suscipe
3490 2560 3691 2611 oratio-

2160 2656 2281 2694 nem
2312 2655 2499 2701 meam,
2526 2656 2681 2709 quam
2709 2642 2870 2697 fundo
2890 2650 3009 2695 ante
3034 2651 3367 2711 conspectum
3390 2645 3683 2703 clementia

2158 2736 2259 2781 tute
2288 2744 2383 2796 pro
2426 2728 2633 2783 famulis
2658 2737 2708 2782 et
2748 2730 3041 2784 famulabus
3075 2732 3177 2785 tuis
3215 2733 3303 2799 qui
3333 2733 3397 2786 ad
3422 2735 3683 2801 pmniteu-

2156 2816 2282 2870 tiam
2317 2829 2589 2881 venerunt,
2627 2828 2685 2871 ut
2730 2821 2823 2872 des
2847 2820 2947 2873 illis
2972 2820 3209 2888 spiritum
3244 2826 3683 2891 compunctionis,

537 2898 635 2969 (Ex
682 2895 939 2950 Theodori
1007 2888 1519 2979 archifpiﬁogljfl
1564 2886 1716 2942 Beda?
1763 2890 2059 2961 Ρτθδῦῐιθΐί
2110 2978 2113 2979 ν
2152 2914 2211 2959 ut
2250 2908 2561 2977 resipiscant
2588 2925 2617 2961 a
2662 2910 2851 2963 diaboli
2891 2886 3109 2978 laqueis,
3142 2928 3170 2963 a
3221 2929 3324 2979 quo
3364 2886 3580 2968 astricti
3612 2886 3687 2970 ter-

1095 2957 1490 3027 Pwhitentiali.)

602 3076 712 3129 LIB.
760 3090 799 3135 ι,
848 3088 961 3125 αλιι.
1003 3085 1199 3123 ccxcvt.
1244 3070 1271 3108 ιι
1319 3068 1558 3136 Episcopi
1610 3066 1690 3120 vel
1748 3067 2059 3136 presbyteri,

533 3164 739 3232 quando
792 3161 1019 3214 ﬁdelium
1069 3158 1327 3225 recipiunt
1368 3155 1746 3218 confessiones,
1785 3154 2060 3210 humiliare

531 3268 588 3306 se
614 3253 890 3311 dcbent,et
908 3262 1023 3301 cum
1052 3246 1277 3299 tristitia:
1296 3246 1489 3314 gemitu
1513 3244 1860 3313 lacrymisque
1882 3260 2057 3307 orare,

532 3357 633 3393 non
671 3339 834 3392 solum
882 3351 977 3403 pro
1010 3335 1117 3387 suis
1156 3334 1380 3393 delictis,
1427 3332 1516 3383 sed
1552 3334 1708 3383 etiam
1760 3346 1855 3398 pro
1882 3330 2060 3385 fratris

531 3445 679 3482 casu.
730 3428 815 3478 Ait
842 3427 981 3478 enim
1026 3422 1305 3491 Apostolus
1336 3438 1348 3473 :
1381 3418 1506 3484 Quis
1553 3420 1865 3489 inﬁrmatur,
1895 3430 1942 3473 et
1969 3437 2058 3491 ego

532 3535 629 3572 non
651 3518 881 3585 iuﬁrmor
907 3506 987 3584 (II
1016 3512 1134 3566 Cor.
1162 3512 1211 3582 ς)
1235 3514 1256 3563 ?

1110 3598 1251 3652 Unde
1300 3616 1477 3667 supra.

572 3694 719 3747 .Cn.
751 3706 996 3745 ccxcvm.
1031 3700 1049 3726 ε
1081 3687 1209 3741 Cum
1257 3701 1383 3755 ergo
1428 3687 1629 3740 venerit
1657 3687 1844 3753 aliquis
1865 3689 1930 3741 ad
1974 3704 2057 3743 sa-

529 3781 791 3835 cerdotem
835 3777 1070 3831 confiteri
1098 3784 1309 3844 peccata
1353 3789 1466 3840 sua,
1495 3776 1709 3829 mandet
1740 3776 1788 3828 ei
1815 3778 2057 3830 sacerdos

529 3879 587 3923 ut
612 3877 877 3937 exspectet
916 3867 1199 3927 modicum,
1244 3865 1408 3919 donec
1449 3866 1608 3919 intret
1636 3864 1932 3928 ecclesiam,
1968 3873 2058 3918 aut

474 3986 505 4025 ,ί
528 3959 825 4014 cubiculum
864 3973 1011 4009 suum
1035 3956 1100 4009 ad
1122 3956 1431 4009 orationem.
1462 3955 1517 4009 Si
1552 3964 1724 4009 autem
1752 3972 1853 4009 non
1877 3965 1956 4011 est
1982 3956 2056 4007 lo-

469 4030 473 4039 ’
529 4061 624 4099 cus
664 4053 817 4111 aptus
862 4044 927 4096 ad
972 4044 1091 4096 hoc.
1130 4041 1269 4094 dicat
1316 4042 1451 4095 hanc
1476 4043 1765 4095 orationem
1806 4043 1858 4094 in
1898 4043 2055 4095 corde

529 4146 645 4185 SUO.

1177 4230 1387 4272 οιιλτιο.

2083 2978 2129 3041 C
2159 3003 2367 3059 nentur,
2406 3006 2460 3049 et
2483 2997 2548 3049 ad
2585 3006 2637 3050 te
2682 3013 2776 3065 per
2797 3000 3105 3068 condignam
3157 2978 3571 3061 satisfactionem
3604 3020 3677 3057 re-

2157 3090 2431 3137 vertantur
2455 3099 2548 3153 per
2571 3088 2808 3138 eumdem
2832 3086 3126 3140 Dominum.

2228 3174 2419 3228 Videns
2445 3183 2615 3228 autem
2642 3177 2724 3229 ille
2754 3178 2841 3244 qui
2864 3179 2927 3231 ad
2951 3180 3309 3247 penitentiam
3338 3184 3485 3236 venit
3506 3197 3685 3237 sacer-

2158 3262 2328 3315 dotem
2360 3264 2561 3315 tristem
2600 3273 2653 3316 et
2686 3264 3059 3332 lacrymantem
3087 3281 3181 3333 pro
3202 3270 3311 3320 suis
3334 3268 3685 3336 facinoribus,

2159 3351 2322 3415 magis
2349 3350 2459 3417 ipse
2489 3352 2676 3404 timore
2700 3352 2792 3404 Dei
2819 3352 3090 3419 perculsus
3111 3353 3335 3419 amplius
3363 3358 3607 3414 tristetur
3628 3369 3684 3415 et

2156 3441 2494 3493 exhorrescat
2519 3450 2732 3509 peccata
2762 3457 2853 3495 sua
2888 3454 2929 3494 ο.

2330 3566 2507 3623 0RDO
2546 3570 2636 3623 AD
2690 3570 2965 3624 DANDAM
2999 3572 3503 3630 PCENITENTIAM.

2735 3658 2878 3712 Unde
2909 3677 3081 3728 supra.

2221 3766 2344 3819 Cu.
2375 3782 2482 3819 ccc.
2517 3769 2534 3806 ί
2578 3767 2703 3822 Post
2730 3768 2841 3823 haec
2868 3770 3131 3840 interroga
3159 3788 3279 3826 eum
3313 3776 3504 3832 blande
3547 3780 3677 3835 leni-

2157 3868 2353 3923 terque.
2384 3856 2564 3911 Credis
2593 3858 2644 3910 in
2677 3858 2839 3912 Deum
2876 3858 3083 3914 Patrem
3110 3870 3160 3916 et
3185 3863 3373 3917 Filium
3410 3876 3463 3919 et
3510 3870 3677 3937 Spiri-

2155 3958 2261 4001 tum
2286 3951 2555 4002 sanctum?
2574 3949 2721 4017 Resp.
2752 3949 2939 4005 Credo.
2962 3982 3030 3991 —
3048 3952 3230 4007 Credis
3257 3957 3393 4022 quod
3429 3958 3542 4011 ista:
3568 3969 3675 4015 tres

2152 4050 2386 4101 persona:
2434 4050 2568 4087 unus
2619 4036 2753 4089 Deus
2801 4039 2901 4091 sit?
2948 4037 3096 4106 Resp.
3149 4040 3335 4095 Credo.
3380 4074 3449 4089 --
3490 4045 3673 4106 Credis

2153 4123 2289 4189 quod
2317 4123 2368 4174 in
2394 4124 2501 4189 ipsa
2538 4124 2637 4176 ista
2676 4140 2851 4189 carne,
2881 4127 2930 4178 in
2960 4141 3060 4194 qua
3089 4144 3225 4183 nunc
3259 4145 3335 4195 es,
3379 4134 3431 4186 in
3458 4136 3569 4202 ipsa
3602 4155 3672 4192 re-

2154 4227 2368 4280 surgere
2410 4215 2571 4268 habes
2598 4215 2649 4268 in
2691 4214 2970 4282 diejudicii
3009 4228 3062 4271 et
3086 4220 3319 4287 recipere
3346 4224 3455 4275 sive
3477 4225 3671 4282 bonum

595 4309 719 4361 CAP.
750 4321 955 4361 ccxcrx.
998 4304 1023 4344 δ
1054 4303 1272 4359 Domine
1312 4307 1448 4359 Deus
1483 4307 1829 4373 omnipotens,
1878 4310 2049 4377 propi-
2081 4306 2126 4364 D
2151 4302 2259 4353 Sive
2300 4302 2491 4354 malum
2519 4302 2654 4370 quod
2680 4306 2921 4372 gessisti?
2945 4305 3134 4362 Credo.
3178 4338 3245 4350 -—-
3281 4311 3374 4365 Vis
3408 4315 3672 4372 dimittere

528 4394 632 4448 tius
676 4404 787 4447 esto
837 4394 961 4445 mihi
1012 4393 1307 4459 peccatori,
1358 4401 1415 4444 ut
1448 4395 1701 4461 condigne
1733 4398 1821 4448 tibi
1852 4399 2047 4464 possim

528 4484 723 4550 gratias
748 4495 923 4548 agerc,
955 4481 1043 4547 qui
1073 4495 1155 4532 me
1182 4480 1445 4548 indignum
1476 4491 1686 4551 pr0pter
1710 4492 1850 4535 tuam
1890 4486 2047 4538 mise-

528 4569 805 4626 ricordiam
855 4569 1151 4620 ministrum
1196 4567 1368 4622 fecisti
1410 4569 1561 4623 ofﬁcii
1606 4574 1958 4636 sacerdotalis,
1997 4584 2049 4629 et

529 4672 611 4711 uie
637 4658 877 4725 exiguum
903 4655 1251 4723 humilemque
1275 4654 1612 4710 mediatorem
1640 4662 1957 4713 constituisti
1984 4661 2047 4712 ad

526 4744 779 4797 orandum
828 4754 879 4796 et
908 4745 1329 4796 intercedendum
1379 4745 1445 4797 ad
1495 4745 1768 4799 Dominum
1813 4757 2047 4801 nostrum

526 4828 702 4881 Jesum
734 4828 997 4880 Christum
1026 4828 1209 4880 Filium
1238 4838 1379 4881 tuum
1412 4846 1504 4897 pro
1531 4834 1865 4898 peccantibus
1891 4842 1944 4886 et
1983 4834 2047 4887 ad

527 4916 885 4984 ptenitentiam
930 4918 1327 4970 revertentibus.
1371 4918 1590 4986 Ideoque
1629 4920 1922 4976 dominator
1954 4923 2048 4976 Do-

529 5006 686 5067 mine,
719 5008 804 5074 qui
833 5020 1013 5059 omues
1037 5008 1272 5061 homines
1296 5009 1374 5061 vis
1398 5010 1568 5063 salvos
1594 5010 1705 5063 fieri
1734 5022 1785 5064 et
1814 5013 1876 5065 ad
1903 5014 2048 5083 agni-

599 5148 623 5173 ι
654 5135 758 5188 llos
781 5136 861 5187 vir
883 5137 1264 5191 eruditissiruus
1282 5138 1521 5193 Baluzius
1547 5141 1611 5194 ad
1633 5142 1786 5196 fidem
1804 5146 2045 5199 vetustis-

527 5204 644 5258 simi
667 5205 858 5255 codicis
882 5214 1123 5258 accurate
1145 5210 1454 5261 emendavit.

596 5277 621 5309 υ
653 5271 861 5342 llaligt.,
894 5274 943 5325 in
969 5272 1112 5340 praef.
1142 5275 1175 5325 l.
1205 5291 1297 5338 vt.;
1326 5276 1515 5329 Burch.
1539 5318 1551 5341 ,
1581 5278 1614 5330 Ι.
1643 5296 1749 5342 ιιι,
1775 5296 1820 5334 c.
1855 5282 1905 5333 2.

599 5350 620 5408 εξ
654 5339 863 5406 Halitg.,
895 5339 1051 5405 ibid.;
1080 5342 1291 5407 Burcb.,
1322 5344 1352 5395 l.
1384 5362 1493 5408 xu,
1520 5339 1564 5398 (ἑ.
1591 5347 1641 5399 2.

594 5405 621 5443 ἀ
670 5408 960 5477 llalitgar.,
1021 5411 1192 5475 ibid.;
1252 5405 1488 5477 Burcb.,
1545 5416 1665 5467 ibid.
1728 5431 1773 5469 ο.
1826 5418 1875 5470 5.

601 5486 623 5511 ⁸
668 5476 761 5528 Hic
791 5476 932 5529 locus
956 5479 1029 5531 sic
1057 5494 1111 5532 se
1140 5480 1293 5534 habet
1326 5482 1375 5534 in
1402 5484 1563 5536 veteri
1593 5485 1769 5537 codice
1798 5501 1895 5537 ms.
1927 5502 2041 5539 mo-

529 5544 742 5618 nasterii
783 5544 1185 5618 ltivipullensis:
1226 5567 1242 5597 ι
1280 5551 1469 5604 Videns
1505 5561 1677 5605 autem
1727 5554 1810 5605 ille
1858 5554 2037 5618 frater,

531 5611 616 5677 qui
649 5611 710 5663 ad
735 5611 1089 5679 ptenitentiam
1128 5619 1285 5685 venit,
1311 5620 1441 5672 hanc
1466 5622 1751 5678 sacerdotis
1776 5611 2036 5677 humilitai

2151 4392 2252 4448 illis
2279 4401 2490 4460 peccata
2516 4395 2601 4460 qui
2630 4395 2680 4447 in
2711 4404 2761 4449 te
2787 4406 3149 4462 peccaverunt,
3179 4399 3397 4455 Domino
3428 4405 3669 4463 dicente:

2150 4480 2206 4532 Si
2254 4496 2353 4534 non
2400 4482 2693 4541 remiseritts
2742 4483 3025 4539 luminibus
3078 4496 3283 4553 peccata
3328 4507 3525 4557 eorum,
3578 4512 3669 4549 nec

2144 4577 2287 4635 pater
2308 4578 2465 4621 vester
2506 4570 2715 4622 dimittet
2740 4571 2873 4623 vobis
2899 4583 3101 4641 peccata
3141 4586 3299 4629 vestra
3329 4578 3535 4645 (Matth.
3568 4587 3669 4653 vr).

2148 4656 2297 4723 Resp.
2332 4658 2476 4711 Volo.
2505 4689 2573 4698 —-
2604 4660 2667 4711 Et
2704 4661 2913 4727 require
2946 4663 3011 4715 ab
3061 4676 3122 4717 eo
3172 4666 3445 4735 diligenter
3494 4672 3539 4724 si
3584 4685 3667 4728 est

2147 4746 2488 4810 incestuosus,
2520 4756 2609 4799 aut
2635 4764 2727 4801 suo
2756 4750 2947 4804 seniori
2981 4752 3222 4807 inﬁdelis.
3256 4757 3318 4810 Et
3347 4759 3390 4810 si
3428 4776 3531 4814 non
3552 4763 3667 4819 vult

2146 4835 2396 4888 incestum
2433 4836 2712 4899 dimittere,
2740 4853 2842 4890 non
2884 4847 3030 4907 potes
3056 4842 3103 4895 ei
3128 4842 3253 4897 dare
3280 4848 3659 4912 paenitentiam.

2147 4924 2200 4975 Si
2220 4934 2391 4976 autem
2414 4924 2540 4988 vult,
2566 4936 2733 4993 potes.
2769 4927 2858 4980 His
2889 4931 3196 4995 pmmissis,
3223 4938 3560 5000 poenitentem
3587 4941 3664 4993 al-

2098 5006 2105 5011 ’
2146 5013 2281 5079 loqui
2308 5014 2586 5068 affectuose
2614 5016 2766 5068 debet
2790 5019 3033 5072 sacerdos
3055 5020 3137 5073 bis
3158 5023 3329 5076 verbis
3362 5043 3372 5076 :

2145 5157 2265 5209 tem,
2317 5149 2479 5223 magis
2506 5156 2717 5223 peccata
2748 5165 2839 5223 sua
2866 5153 3211 5223 exhorrescit,
3253 5156 3416 5223 magis
3456 5158 3663 5214 scelera
3732 5154 3739 5163 ’

2142 5232 2233 5270 sua
2263 5219 2597 5283 pertimescit.
2630 5218 2751 5270 Post
2794 5220 2903 5272 haec
2938 5221 3241 5273 charitative
3270 5218 3511 5278 sacerdos
3537 5241 3661 5281 eum

2108 5312 2115 5317 -
2142 5287 2405 5353 suscipiat,
2435 5287 2698 5339 humiliter
2715 5301 2832 5339 eum
2860 5290 3040 5345 sedere
3067 5288 3221 5340 faciat
3248 5304 3440 5353 secum,
3464 5293 3661 5350 blande

2140 5368 2257 5424 eum
2288 5354 2581 5424 hujusmoili
2632 5357 2956 5410 sermonibus
3000 5358 3231 5409 attrahat
3271 5374 3283 5408 :
3319 5358 3524 5424 Frater,
3550 5377 3659 5418 non

2139 5420 2419 5491 erubescas
2442 5422 2677 5475 confiteri
2714 5433 2922 5491 peccata
2951 5433 3057 5476 tua.
3099 5444 3114 5472 ι

2212 5489 2437 5559 (Βιπειι.
2450 5531 2463 5556 ,
2480 5489 2735 5544 ibid.Vide
2753 5492 2938 5546 librum
2960 5493 3227 5559 antiquum
3242 5492 3658 5554 Pmnitcntialem

2138 5556 2559 5679 ἒέιίίξὲῗῖἶῖηεθω
2583 5561 2777 5616 editum
2801 5576 2831 5615 a
2858 5559 2907 5616 J.
2934 5556 3151 5627 Moririo,
3174 5562 3225 5615 in
3252 5564 3535 5633 appendice
3560 5564 3652 5623 lib.

2175 5640 2202 5680 e
2231 5634 2417 5683 Ptenit.
