  <div class='ocr_page' id='page_1' title='image "/cluster/home/n/w/nwhite01/storage/ocr_20150623/99/uva.x000827057/488.png"; bbox 0 0 3922 6222; ppageno 0'>
   <div class='ocr_carea' id='block_1_1' title="bbox 190 340 298 399">
    <p class='ocr_par' dir='ltr' id='par_1_1' title="bbox 190 340 298 399">
     <span class='ocr_line' id='line_1_1' title="bbox 190 340 298 399; baseline -0.019 0"><span class='ocrx_word' id='word_1_1' title='bbox 190 340 298 399; x_wconf 77' lang='lat'><strong>985</strong></span> 
     </span>
    </p>
   </div>
   <div class='ocr_carea' id='block_1_2' title="bbox 853 339 2678 398">
    <p class='ocr_par' dir='ltr' id='par_1_2' title="bbox 853 339 2678 398">
     <span class='ocr_line' id='line_1_2' title="bbox 853 339 2678 398; baseline 0 -3"><span class='ocrx_word' id='word_1_2' title='bbox 853 339 1383 398; x_wconf 69' lang='lat' dir='ltr'><strong>[‘(ENITENTIALE.</strong></span> <span class='ocrx_word' id='word_1_3' title='bbox 1424 371 1488 380; x_wconf 83' lang='lat'><strong>——</strong></span> <span class='ocrx_word' id='word_1_4' title='bbox 1524 341 1853 398; x_wconf 72' lang='lat' dir='ltr'><strong>CAPITULA</strong></span> <span class='ocrx_word' id='word_1_5' title='bbox 1889 340 2232 398; x_wconf 76' lang='lat' dir='ltr'><strong>COLLECTA</strong></span> <span class='ocrx_word' id='word_1_6' title='bbox 2268 342 2357 395; x_wconf 76' lang='lat' dir='ltr'><strong>EX</strong></span> <span class='ocrx_word' id='word_1_7' title='bbox 2392 342 2640 397; x_wconf 60' lang='grc' dir='ltr'><strong>ΜΔΕ-Μ.</strong></span> <span class='ocrx_word' id='word_1_8' title='bbox 2675 356 2678 360; x_wconf 75' lang='lat'><strong>‘</strong></span> 
     </span>
    </p>
   </div>
   <div class='ocr_carea' id='block_1_3' title="bbox 3201 340 3302 399">
    <p class='ocr_par' dir='ltr' id='par_1_3' title="bbox 3201 340 3302 399">
     <span class='ocr_line' id='line_1_3' title="bbox 3201 340 3302 399; baseline -0.02 0"><span class='ocrx_word' id='word_1_9' title='bbox 3201 340 3302 399; x_wconf 80' lang='lat'><strong>966</strong></span> 
     </span>
    </p>
   </div>
   <div class='ocr_carea' id='block_1_4' title="bbox 257 431 3305 525">
    <p class='ocr_par' dir='ltr' id='par_1_4' title="bbox 257 431 3305 525">
     <span class='ocr_line' id='line_1_4' title="bbox 257 431 3305 525; baseline 0.003 -22"><span class='ocrx_word' id='word_1_10' title='bbox 257 449 468 515; x_wconf 75' lang='lat' dir='ltr'><strong>Frater,</strong></span> <span class='ocrx_word' id='word_1_11' title='bbox 494 450 597 502; x_wconf 91' lang='lat' dir='ltr'><strong>noli</strong></span> <span class='ocrx_word' id='word_1_12' title='bbox 629 449 933 505; x_wconf 81' lang='lat' dir='ltr'><strong>erubescere</strong></span> <span class='ocrx_word' id='word_1_13' title='bbox 950 456 1160 518; x_wconf 86' lang='lat' dir='ltr'><strong>peccata</strong></span> <span class='ocrx_word' id='word_1_14' title='bbox 1189 458 1274 503; x_wconf 90' lang='lat' dir='ltr'><strong>tua</strong></span> <span class='ocrx_word' id='word_1_15' title='bbox 1298 431 1552 504; x_wconf 78' lang='lat' dir='ltr'><strong>conﬁteri.</strong></span> <span class='ocrx_word' id='word_1_16' title='bbox 1574 449 1702 505; x_wconf 81' lang='lat' dir='ltr'><strong>Nam</strong></span> <span class='ocrx_word' id='word_1_17' title='bbox 1724 438 1775 512; x_wconf 69' lang='grc' dir='ltr'><strong><em>Α</em></strong></span> <span class='ocrx_word' id='word_1_18' title='bbox 1800 448 1991 516; x_wconf 75' lang='lat' dir='ltr'><strong>fecisti,</strong></span> <span class='ocrx_word' id='word_1_19' title='bbox 2014 467 2180 507; x_wconf 89' lang='lat' dir='ltr'><strong>annos</strong></span> <span class='ocrx_word' id='word_1_20' title='bbox 2203 444 2417 519; x_wconf 87' lang='lat' dir='ltr'><strong>septem.</strong></span> <span class='ocrx_word' id='word_1_21' title='bbox 2454 450 2557 507; x_wconf 84' lang='lat' dir='ltr'><strong>Pro</strong></span> <span class='ocrx_word' id='word_1_22' title='bbox 2578 453 2782 509; x_wconf 90' lang='lat' dir='ltr'><strong>modico</strong></span> <span class='ocrx_word' id='word_1_23' title='bbox 2802 454 2942 510; x_wconf 84' lang='lat' dir='ltr'><strong>furto</strong></span> <span class='ocrx_word' id='word_1_24' title='bbox 2964 454 3144 525; x_wconf 91' lang='lat' dir='ltr'><strong>viginti</strong></span> <span class='ocrx_word' id='word_1_25' title='bbox 3170 458 3305 523; x_wconf 78' lang='lat' dir='ltr'><strong>dies,</strong></span> 
     </span>
    </p>
   </div>
   <div class='ocr_carea' id='block_1_5' title="bbox 185 529 1703 606">
    <p class='ocr_par' dir='ltr' id='par_1_5' title="bbox 185 529 1703 606">
     <span class='ocr_line' id='line_1_5' title="bbox 185 529 1703 606; baseline 0.003 -20"><span class='ocrx_word' id='word_1_26' title='bbox 185 543 242 589; x_wconf 88' lang='lat' dir='ltr'><strong>et</strong></span> <span class='ocrx_word' id='word_1_27' title='bbox 286 550 393 602; x_wconf 85' lang='lat' dir='ltr'><strong>ego</strong></span> <span class='ocrx_word' id='word_1_28' title='bbox 420 543 660 602; x_wconf 78' lang='lat' dir='ltr'><strong>peccator</strong></span> <span class='ocrx_word' id='word_1_29' title='bbox 702 550 836 600; x_wconf 90' lang='lat' dir='ltr'><strong>sum,</strong></span> <span class='ocrx_word' id='word_1_30' title='bbox 882 544 943 589; x_wconf 89' lang='lat' dir='ltr'><strong>et</strong></span> <span class='ocrx_word' id='word_1_31' title='bbox 980 536 1218 590; x_wconf 72' lang='lat' dir='ltr'><strong>fortassis</strong></span> <span class='ocrx_word' id='word_1_32' title='bbox 1257 536 1433 605; x_wconf 80' lang='lat' dir='ltr'><strong>pejora</strong></span> <span class='ocrx_word' id='word_1_33' title='bbox 1459 529 1621 606; x_wconf 84' lang='lat' dir='ltr'><strong>quam</strong></span> <span class='ocrx_word' id='word_1_34' title='bbox 1648 545 1703 590; x_wconf 89' lang='lat' dir='ltr'><strong>tu</strong></span> 
     </span>
    </p>
   </div>
   <div class='ocr_carea' id='block_1_6' title="bbox 103 619 1705 695">
    <p class='ocr_par' dir='ltr' id='par_1_6' title="bbox 103 619 1705 695">
     <span class='ocr_line' id='line_1_6' title="bbox 103 619 1705 695; baseline 0.006 -24"><span class='ocrx_word' id='word_1_35' title='bbox 103 660 110 666; x_wconf 91' lang='lat'><strong>.</strong></span> <span class='ocrx_word' id='word_1_36' title='bbox 188 619 387 675; x_wconf 80' lang='lat' dir='ltr'><strong>feceris</strong></span> <span class='ocrx_word' id='word_1_37' title='bbox 410 623 576 675; x_wconf 93' lang='lat' dir='ltr'><strong>habeo</strong></span> <span class='ocrx_word' id='word_1_38' title='bbox 599 622 753 675; x_wconf 85' lang='lat' dir='ltr'><strong>facta.</strong></span> <span class='ocrx_word' id='word_1_39' title='bbox 780 622 899 677; x_wconf 72' lang='lat' dir='ltr'><strong>limo</strong></span> <span class='ocrx_word' id='word_1_40' title='bbox 929 625 1121 677; x_wconf 90' lang='lat' dir='ltr'><strong>idcirco</strong></span> <span class='ocrx_word' id='word_1_41' title='bbox 1154 626 1426 691; x_wconf 81' lang='lat' dir='ltr'><strong>admoneo,</strong></span> <span class='ocrx_word' id='word_1_42' title='bbox 1454 627 1573 695; x_wconf 94' lang='lat' dir='ltr'><strong>quia</strong></span> <span class='ocrx_word' id='word_1_43' title='bbox 1599 627 1705 679; x_wconf 87' lang='lat' dir='ltr'><strong>usi-</strong></span> 
     </span>
    </p>
   </div>
   <div class='ocr_carea' id='block_1_7' title="bbox 184 711 1703 785">
    <p class='ocr_par' dir='ltr' id='par_1_7' title="bbox 184 711 1703 785">
     <span class='ocr_line' id='line_1_7' title="bbox 184 711 1703 785; baseline 0.005 -23"><span class='ocrx_word' id='word_1_44' title='bbox 184 716 362 762; x_wconf 83' lang='lat' dir='ltr'><strong>tatum</strong></span> <span class='ocrx_word' id='word_1_45' title='bbox 413 711 619 777; x_wconf 81' lang='lat' dir='ltr'><strong>generis</strong></span> <span class='ocrx_word' id='word_1_46' title='bbox 645 711 853 763; x_wconf 82' lang='lat' dir='ltr'><strong>humani</strong></span> <span class='ocrx_word' id='word_1_47' title='bbox 876 712 1186 777; x_wconf 78' lang='lat' dir='ltr'><strong>vitiumest,</strong></span> <span class='ocrx_word' id='word_1_48' title='bbox 1228 721 1281 764; x_wconf 93' lang='lat' dir='ltr'><strong>ut</strong></span> <span class='ocrx_word' id='word_1_49' title='bbox 1306 715 1485 766; x_wconf 89' lang='lat' dir='ltr'><strong>beatus</strong></span> <span class='ocrx_word' id='word_1_50' title='bbox 1512 713 1703 785; x_wconf 86' lang='lat' dir='ltr'><strong>Grego-</strong></span> 
     </span>
    </p>
   </div>
   <div class='ocr_carea' id='block_1_8' title="bbox 183 794 1704 869">
    <p class='ocr_par' dir='ltr' id='par_1_8' title="bbox 183 794 1704 869">
     <span class='ocr_line' id='line_1_8' title="bbox 183 794 1704 869; baseline 0.004 -21"><span class='ocrx_word' id='word_1_51' title='bbox 183 795 302 848; x_wconf 82' lang='lat' dir='ltr'><strong>rius</strong></span> <span class='ocrx_word' id='word_1_52' title='bbox 325 796 455 849; x_wconf 89' lang='lat' dir='ltr'><strong>dicit</strong></span> <span class='ocrx_word' id='word_1_53' title='bbox 478 794 610 867; x_wconf 84' lang='lat' dir='ltr'><strong>(Lib.</strong></span> <span class='ocrx_word' id='word_1_54' title='bbox 640 812 747 849; x_wconf 64' lang='grc' dir='ltr'>χιιι</span> <span class='ocrx_word' id='word_1_55' title='bbox 779 796 987 861; x_wconf 68' lang='lat' dir='ltr'><strong>NonL,</strong></span> <span class='ocrx_word' id='word_1_56' title='bbox 1019 813 1065 852; x_wconf 92' lang='lat' dir='ltr'><strong>c.</strong></span> <span class='ocrx_word' id='word_1_57' title='bbox 1095 798 1167 868; x_wconf 83' lang='grc'><strong>9),</strong></span> <span class='ocrx_word' id='word_1_58' title='bbox 1194 808 1246 851; x_wconf 91' lang='lat' dir='ltr'><strong>et</strong></span> <span class='ocrx_word' id='word_1_59' title='bbox 1270 799 1488 853; x_wconf 69' lang='lat' dir='ltr'><strong>labendo</strong></span> <span class='ocrx_word' id='word_1_60' title='bbox 1521 816 1704 869; x_wconf 89' lang='lat' dir='ltr'><strong>pecca-</strong></span> 
     </span>
    </p>
   </div>
   <div class='ocr_carea' id='block_1_9' title="bbox 184 884 1701 955">
    <p class='ocr_par' dir='ltr' id='par_1_9' title="bbox 184 884 1701 955">
     <span class='ocr_line' id='line_1_9' title="bbox 184 884 1701 955; baseline 0.005 -21"><span class='ocrx_word' id='word_1_61' title='bbox 184 890 303 934; x_wconf 91' lang='lat' dir='ltr'><strong>tum</strong></span> <span class='ocrx_word' id='word_1_62' title='bbox 372 884 715 949; x_wconf 89' lang='lat' dir='ltr'><strong>committere,</strong></span> <span class='ocrx_word' id='word_1_63' title='bbox 760 893 827 955; x_wconf 77' lang='lat' dir='ltr'><strong>et</strong></span> <span class='ocrx_word' id='word_1_64' title='bbox 857 887 1189 943; x_wconf 88' lang='lat' dir='ltr'><strong>commissum</strong></span> <span class='ocrx_word' id='word_1_65' title='bbox 1245 886 1537 941; x_wconf 82' lang='lat' dir='ltr'><strong>conﬁtendo</strong></span> <span class='ocrx_word' id='word_1_66' title='bbox 1599 902 1701 942; x_wconf 85' lang='lat' dir='ltr'><strong>non</strong></span> 
     </span>
    </p>
   </div>
   <div class='ocr_carea' id='block_1_10' title="bbox 181 969 1702 1039">
    <p class='ocr_par' dir='ltr' id='par_1_10' title="bbox 181 969 1702 1039">
     <span class='ocr_line' id='line_1_10' title="bbox 181 969 1702 1039; baseline 0.004 -19"><span class='ocrx_word' id='word_1_67' title='bbox 181 969 433 1036; x_wconf 75' lang='lat' dir='ltr'><strong>prodere,</strong></span> <span class='ocrx_word' id='word_1_68' title='bbox 454 971 544 1023; x_wconf 91' lang='lat' dir='ltr'><strong>sed</strong></span> <span class='ocrx_word' id='word_1_69' title='bbox 565 971 795 1038; x_wconf 79' lang='lat' dir='ltr'><strong>negando</strong></span> <span class='ocrx_word' id='word_1_70' title='bbox 806 969 1100 1034; x_wconf 80' lang='lat' dir='ltr'><strong>defendere,</strong></span> <span class='ocrx_word' id='word_1_71' title='bbox 1124 980 1278 1039; x_wconf 86' lang='lat' dir='ltr'><strong>atque</strong></span> <span class='ocrx_word' id='word_1_72' title='bbox 1302 973 1593 1034; x_wconf 86' lang='lat' dir='ltr'><strong>convictum</strong></span> <span class='ocrx_word' id='word_1_73' title='bbox 1615 975 1702 1026; x_wconf 82' lang='lat' dir='ltr'><strong>de-</strong></span> 
     </span>
    </p>
   </div>
   <div class='ocr_carea' id='block_1_11' title="bbox 185 1056 1699 1126">
    <p class='ocr_par' dir='ltr' id='par_1_11' title="bbox 185 1056 1699 1126">
     <span class='ocr_line' id='line_1_11' title="bbox 185 1056 1699 1126; baseline 0.005 -19"><span class='ocrx_word' id='word_1_74' title='bbox 185 1056 452 1109; x_wconf 88' lang='lat' dir='ltr'><strong>fendendo</strong></span> <span class='ocrx_word' id='word_1_75' title='bbox 476 1057 834 1124; x_wconf 90' lang='lat' dir='ltr'><strong>multiplicare.</strong></span> <span class='ocrx_word' id='word_1_76' title='bbox 860 1058 925 1109; x_wconf 86' lang='lat' dir='ltr'><strong>Et</strong></span> <span class='ocrx_word' id='word_1_77' title='bbox 952 1058 1040 1125; x_wconf 87' lang='lat' dir='ltr'><strong>qui</strong></span> <span class='ocrx_word' id='word_1_78' title='bbox 1082 1058 1286 1111; x_wconf 80' lang='lat' dir='ltr'><strong>diabolo</strong></span> <span class='ocrx_word' id='word_1_79' title='bbox 1309 1059 1585 1126; x_wconf 78' lang='lat' dir='ltr'><strong>instigante</strong></span> <span class='ocrx_word' id='word_1_80' title='bbox 1608 1075 1699 1114; x_wconf 87' lang='lat' dir='ltr'><strong>ne-</strong></span> 
     </span>
    </p>
   </div>
   <div class='ocr_carea' id='block_1_12' title="bbox 182 1139 1701 1210">
    <p class='ocr_par' dir='ltr' id='par_1_12' title="bbox 182 1139 1701 1210">
     <span class='ocr_line' id='line_1_12' title="bbox 182 1139 1701 1210; baseline 0.005 -19"><span class='ocrx_word' id='word_1_81' title='bbox 182 1139 346 1193; x_wconf 80' lang='lat' dir='ltr'><strong>fanda</strong></span> <span class='ocrx_word' id='word_1_82' title='bbox 379 1143 595 1197; x_wconf 87' lang='lat' dir='ltr'><strong>crimina</strong></span> <span class='ocrx_word' id='word_1_83' title='bbox 619 1152 916 1210; x_wconf 84' lang='lat' dir='ltr'><strong>perpetrare</strong></span> <span class='ocrx_word' id='word_1_84' title='bbox 937 1158 1040 1196; x_wconf 88' lang='lat' dir='ltr'><strong>non</strong></span> <span class='ocrx_word' id='word_1_85' title='bbox 1068 1146 1357 1205; x_wconf 83' lang='lat' dir='ltr'><strong>metuimus,</strong></span> <span class='ocrx_word' id='word_1_86' title='bbox 1385 1146 1495 1198; x_wconf 62' lang='lat' dir='ltr'><strong>haec</strong></span> <span class='ocrx_word' id='word_1_87' title='bbox 1520 1147 1701 1198; x_wconf 89' lang='lat' dir='ltr'><strong>eadem</strong></span> 
     </span>
    </p>
   </div>
   <div class='ocr_carea' id='block_1_13' title="bbox 183 1227 1699 1301">
    <p class='ocr_par' dir='ltr' id='par_1_13' title="bbox 183 1227 1699 1301">
     <span class='ocr_line' id='line_1_13' title="bbox 183 1227 1699 1301; baseline 0.003 -22"><span class='ocrx_word' id='word_1_88' title='bbox 183 1242 303 1293; x_wconf 63' lang='lat' dir='ltr'><strong>quae</strong></span> <span class='ocrx_word' id='word_1_89' title='bbox 326 1242 489 1294; x_wconf 89' lang='lat' dir='ltr'><strong>opere</strong></span> <span class='ocrx_word' id='word_1_90' title='bbox 515 1227 706 1295; x_wconf 86' lang='lat' dir='ltr'><strong>absque</strong></span> <span class='ocrx_word' id='word_1_91' title='bbox 731 1229 816 1281; x_wconf 91' lang='lat' dir='ltr'><strong>illa</strong></span> <span class='ocrx_word' id='word_1_92' title='bbox 835 1230 1140 1283; x_wconf 79' lang='lat' dir='ltr'><strong>verecundia</strong></span> <span class='ocrx_word' id='word_1_93' title='bbox 1163 1229 1492 1301; x_wconf 84' lang='lat' dir='ltr'><strong>perfecimus,</strong></span> <span class='ocrx_word' id='word_1_94' title='bbox 1519 1230 1699 1283; x_wconf 80' lang='lat' dir='ltr'><strong>eodem</strong></span> 
     </span>
    </p>
   </div>
   <div class='ocr_carea' id='block_1_14' title="bbox 122 1304 1701 1380">
    <p class='ocr_par' dir='ltr' id='par_1_14' title="bbox 122 1304 1701 1380">
     <span class='ocr_line' id='line_1_14' title="bbox 122 1304 1701 1380; baseline 0.002 -12"><span class='ocrx_word' id='word_1_95' title='bbox 122 1324 141 1333; x_wconf 77' lang='lat'><strong>&quot;</strong></span> <span class='ocrx_word' id='word_1_96' title='bbox 183 1317 446 1370; x_wconf 78' lang='lat' dir='ltr'><strong>suadente</strong></span> <span class='ocrx_word' id='word_1_97' title='bbox 491 1316 672 1371; x_wconf 81' lang='lat' dir='ltr'><strong>saltem</strong></span> <span class='ocrx_word' id='word_1_98' title='bbox 726 1304 899 1369; x_wconf 79' lang='lat' dir='ltr'><strong>verbis</strong></span> <span class='ocrx_word' id='word_1_99' title='bbox 936 1316 1171 1370; x_wconf 82' lang='lat' dir='ltr'><strong>conﬁteri</strong></span> <span class='ocrx_word' id='word_1_100' title='bbox 1229 1319 1595 1380; x_wconf 85' lang='lat' dir='ltr'><strong>erubescimus,</strong></span> <span class='ocrx_word' id='word_1_101' title='bbox 1648 1328 1701 1371; x_wconf 89' lang='lat' dir='ltr'><strong>et</strong></span> 
     </span>
    </p>
   </div>
   <div class='ocr_carea' id='block_1_15' title="bbox 184 1402 1701 1471">
    <p class='ocr_par' dir='ltr' id='par_1_15' title="bbox 184 1402 1701 1471">
     <span class='ocr_line' id='line_1_15' title="bbox 184 1402 1701 1471; baseline 0.001 -14"><span class='ocrx_word' id='word_1_102' title='bbox 184 1417 372 1457; x_wconf 88' lang='lat' dir='ltr'><strong>coram</strong></span> <span class='ocrx_word' id='word_1_103' title='bbox 399 1403 629 1465; x_wconf 88' lang='lat' dir='ltr'><strong>homine,</strong></span> <span class='ocrx_word' id='word_1_104' title='bbox 652 1404 739 1471; x_wconf 89' lang='lat' dir='ltr'><strong>qui</strong></span> <span class='ocrx_word' id='word_1_105' title='bbox 757 1402 937 1457; x_wconf 88' lang='lat' dir='ltr'><strong>similis</strong></span> <span class='ocrx_word' id='word_1_106' title='bbox 958 1405 1122 1457; x_wconf 87' lang='lat' dir='ltr'><strong>nostri</strong></span> <span class='ocrx_word' id='word_1_107' title='bbox 1149 1412 1248 1467; x_wconf 89' lang='lat' dir='ltr'><strong>est,</strong></span> <span class='ocrx_word' id='word_1_108' title='bbox 1270 1405 1462 1458; x_wconf 88' lang='lat' dir='ltr'><strong>eisdem</strong></span> <span class='ocrx_word' id='word_1_109' title='bbox 1483 1405 1701 1459; x_wconf 81' lang='lat' dir='ltr'><strong>fortasse</strong></span> 
     </span>
    </p>
   </div>
   <div class='ocr_carea' id='block_1_16' title="bbox 181 1488 1701 1557">
    <p class='ocr_par' dir='ltr' id='par_1_16' title="bbox 181 1488 1701 1557">
     <span class='ocr_line' id='line_1_16' title="bbox 181 1488 1701 1557; baseline 0.004 -18"><span class='ocrx_word' id='word_1_110' title='bbox 181 1489 522 1555; x_wconf 86' lang='lat' dir='ltr'><strong>passionibus</strong></span> <span class='ocrx_word' id='word_1_111' title='bbox 554 1488 800 1553; x_wconf 85' lang='lat' dir='ltr'><strong>subjacet,</strong></span> <span class='ocrx_word' id='word_1_112' title='bbox 844 1488 1173 1542; x_wconf 91' lang='lat' dir='ltr'><strong>confunditur</strong></span> <span class='ocrx_word' id='word_1_113' title='bbox 1216 1490 1405 1553; x_wconf 88' lang='lat' dir='ltr'><strong>dicere,</strong></span> <span class='ocrx_word' id='word_1_114' title='bbox 1445 1492 1581 1557; x_wconf 85' lang='lat' dir='ltr'><strong>quod</strong></span> <span class='ocrx_word' id='word_1_115' title='bbox 1610 1506 1701 1545; x_wconf 87' lang='lat' dir='ltr'><strong>co-</strong></span> 
     </span>
    </p>
   </div>
   <div class='ocr_carea' id='block_1_17' title="bbox 183 1574 1699 1645">
    <p class='ocr_par' dir='ltr' id='par_1_17' title="bbox 183 1574 1699 1645">
     <span class='ocr_line' id='line_1_17' title="bbox 183 1574 1699 1645; baseline 0.003 -19"><span class='ocrx_word' id='word_1_116' title='bbox 183 1588 299 1626; x_wconf 81' lang='lat' dir='ltr'><strong>ram</strong></span> <span class='ocrx_word' id='word_1_117' title='bbox 339 1574 559 1627; x_wconf 86' lang='lat' dir='ltr'><strong>Domino</strong></span> <span class='ocrx_word' id='word_1_118' title='bbox 598 1575 685 1642; x_wconf 85' lang='lat' dir='ltr'><strong>qui</strong></span> <span class='ocrx_word' id='word_1_119' title='bbox 714 1574 886 1627; x_wconf 85' lang='lat' dir='ltr'><strong>omnia</strong></span> <span class='ocrx_word' id='word_1_120' title='bbox 907 1575 1133 1642; x_wconf 85' lang='lat' dir='ltr'><strong>inspicit,</strong></span> <span class='ocrx_word' id='word_1_121' title='bbox 1165 1577 1359 1645; x_wconf 89' lang='lat' dir='ltr'><strong>absque</strong></span> <span class='ocrx_word' id='word_1_122' title='bbox 1387 1576 1489 1630; x_wconf 90' lang='lat' dir='ltr'><strong>ullo</strong></span> <span class='ocrx_word' id='word_1_123' title='bbox 1510 1581 1699 1632; x_wconf 89' lang='lat' dir='ltr'><strong>mentis</strong></span> 
     </span>
    </p>
   </div>
   <div class='ocr_carea' id='block_1_18' title="bbox 184 1657 1695 1718">
    <p class='ocr_par' dir='ltr' id='par_1_18' title="bbox 184 1657 1695 1718">
     <span class='ocr_line' id='line_1_18' title="bbox 184 1657 1695 1718; baseline 0.004 -6"><span class='ocrx_word' id='word_1_124' title='bbox 184 1662 381 1713; x_wconf 85' lang='lat' dir='ltr'><strong>rubore</strong></span> <span class='ocrx_word' id='word_1_125' title='bbox 403 1660 726 1713; x_wconf 86' lang='lat' dir='ltr'><strong>committere</strong></span> <span class='ocrx_word' id='word_1_126' title='bbox 747 1657 1132 1714; x_wconf 82' lang='lat' dir='ltr'><strong>formidavimus</strong></span> <span class='ocrx_word' id='word_1_127' title='bbox 1150 1658 1451 1716; x_wconf 86' lang='lat' dir='ltr'><strong>detestanda</strong></span> <span class='ocrx_word' id='word_1_128' title='bbox 1472 1666 1695 1718; x_wconf 88' lang='lat' dir='ltr'><strong>actione.</strong></span> 
     </span>
    </p>
   </div>
   <div class='ocr_carea' id='block_1_19' title="bbox 1794 537 2305 605">
    <p class='ocr_par' dir='ltr' id='par_1_19' title="bbox 1794 537 2305 605">
     <span class='ocr_line' id='line_1_19' title="bbox 1794 537 2305 605; baseline 0 -15"><span class='ocrx_word' id='word_1_129' title='bbox 1794 539 1941 605; x_wconf 91' lang='lat' dir='ltr'><strong>pueri</strong></span> <span class='ocrx_word' id='word_1_130' title='bbox 1969 537 2148 592; x_wconf 88' lang='lat' dir='ltr'><strong>decem</strong></span> <span class='ocrx_word' id='word_1_131' title='bbox 2176 540 2305 593; x_wconf 88' lang='lat' dir='ltr'><strong>dies.</strong></span> 
     </span>
    </p>
   </div>
   <div class='ocr_carea' id='block_1_20' title="bbox 1862 624 3301 698">
    <p class='ocr_par' dir='ltr' id='par_1_20' title="bbox 1862 624 3301 698">
     <span class='ocr_line' id='line_1_20' title="bbox 1862 624 3301 698; baseline 0.006 -21"><span class='ocrx_word' id='word_1_132' title='bbox 1862 624 2055 678; x_wconf 87' lang='lat' dir='ltr'><strong>Fecisti</strong></span> <span class='ocrx_word' id='word_1_133' title='bbox 2094 624 2401 678; x_wconf 89' lang='lat' dir='ltr'><strong>adulterium</strong></span> <span class='ocrx_word' id='word_1_134' title='bbox 2436 640 2553 680; x_wconf 91' lang='lat' dir='ltr'><strong>cum</strong></span> <span class='ocrx_word' id='word_1_135' title='bbox 2578 640 2739 682; x_wconf 79' lang='lat' dir='ltr'><strong>uxore</strong></span> <span class='ocrx_word' id='word_1_136' title='bbox 2782 628 2946 682; x_wconf 90' lang='lat' dir='ltr'><strong>aliena</strong></span> <span class='ocrx_word' id='word_1_137' title='bbox 2972 628 3053 681; x_wconf 92' lang='lat' dir='ltr'><strong>vel</strong></span> <span class='ocrx_word' id='word_1_138' title='bbox 3081 629 3301 698; x_wconf 86' lang='lat' dir='ltr'><strong>despon-</strong></span> 
     </span>
    </p>
   </div>
   <div class='ocr_carea' id='block_1_21' title="bbox 1797 714 3299 783">
    <p class='ocr_par' dir='ltr' id='par_1_21' title="bbox 1797 714 3299 783">
     <span class='ocr_line' id='line_1_21' title="bbox 1797 714 3299 783; baseline 0.005 -17"><span class='ocrx_word' id='word_1_139' title='bbox 1797 720 1927 777; x_wconf 85' lang='lat' dir='ltr'><strong>sata,</strong></span> <span class='ocrx_word' id='word_1_140' title='bbox 1951 714 2032 768; x_wconf 91' lang='lat' dir='ltr'><strong>vel</strong></span> <span class='ocrx_word' id='word_1_141' title='bbox 2052 715 2305 783; x_wconf 76' lang='lat' dir='ltr'><strong>virginem</strong></span> <span class='ocrx_word' id='word_1_142' title='bbox 2327 714 2626 781; x_wconf 85' lang='lat' dir='ltr'><strong>corrupisti,</strong></span> <span class='ocrx_word' id='word_1_143' title='bbox 2651 716 2762 769; x_wconf 84' lang='lat' dir='ltr'><strong>sive</strong></span> <span class='ocrx_word' id='word_1_144' title='bbox 2780 731 2895 770; x_wconf 90' lang='lat' dir='ltr'><strong>cum</strong></span> <span class='ocrx_word' id='word_1_145' title='bbox 2921 717 3299 773; x_wconf 83' lang='lat' dir='ltr'><strong>sanctimoniali</strong></span> 
     </span>
    </p>
   </div>
   <div class='ocr_carea' id='block_1_22' title="bbox 1796 800 3298 867">
    <p class='ocr_par' dir='ltr' id='par_1_22' title="bbox 1796 800 3298 867">
     <span class='ocr_line' id='line_1_22' title="bbox 1796 800 3298 867; baseline 0.004 -15"><span class='ocrx_word' id='word_1_146' title='bbox 1796 801 1876 855; x_wconf 91' lang='lat' dir='ltr'><strong>vel</strong></span> <span class='ocrx_word' id='word_1_147' title='bbox 1905 803 2010 856; x_wconf 91' lang='lat' dir='ltr'><strong>Deo</strong></span> <span class='ocrx_word' id='word_1_148' title='bbox 2035 803 2228 864; x_wconf 84' lang='lat' dir='ltr'><strong>dicata,</strong></span> <span class='ocrx_word' id='word_1_149' title='bbox 2253 800 2335 854; x_wconf 87' lang='lat' dir='ltr'><strong>vel</strong></span> <span class='ocrx_word' id='word_1_150' title='bbox 2354 816 2469 853; x_wconf 92' lang='lat' dir='ltr'><strong>cum</strong></span> <span class='ocrx_word' id='word_1_151' title='bbox 2493 800 2724 853; x_wconf 85' lang='lat' dir='ltr'><strong>absoiuta</strong></span> <span class='ocrx_word' id='word_1_152' title='bbox 2752 800 2964 865; x_wconf 86' lang='lat' dir='ltr'><strong>femina,</strong></span> <span class='ocrx_word' id='word_1_153' title='bbox 2982 802 3037 856; x_wconf 91' lang='lat' dir='ltr'><strong>id</strong></span> <span class='ocrx_word' id='word_1_154' title='bbox 3057 811 3157 867; x_wconf 90' lang='lat' dir='ltr'><strong>est,</strong></span> <span class='ocrx_word' id='word_1_155' title='bbox 3184 805 3298 858; x_wconf 90' lang='lat' dir='ltr'><strong>sine</strong></span> 
     </span>
    </p>
   </div>
   <div class='ocr_carea' id='block_1_23' title="bbox 1796 887 3301 957">
    <p class='ocr_par' dir='ltr' id='par_1_23' title="bbox 1796 887 3301 957">
     <span class='ocr_line' id='line_1_23' title="bbox 1796 887 3301 957; baseline 0.003 -16"><span class='ocrx_word' id='word_1_156' title='bbox 1796 890 2001 954; x_wconf 88' lang='lat' dir='ltr'><strong>marito,</strong></span> <span class='ocrx_word' id='word_1_157' title='bbox 2043 889 2125 943; x_wconf 90' lang='lat' dir='ltr'><strong>vel</strong></span> <span class='ocrx_word' id='word_1_158' title='bbox 2151 905 2270 942; x_wconf 90' lang='lat' dir='ltr'><strong>cum</strong></span> <span class='ocrx_word' id='word_1_159' title='bbox 2318 887 2504 942; x_wconf 86' lang='lat' dir='ltr'><strong>ancilla</strong></span> <span class='ocrx_word' id='word_1_160' title='bbox 2545 889 2772 957; x_wconf 91' lang='lat' dir='ltr'><strong>propria.</strong></span> <span class='ocrx_word' id='word_1_161' title='bbox 2832 888 2886 941; x_wconf 92' lang='lat' dir='ltr'><strong>Si</strong></span> <span class='ocrx_word' id='word_1_162' title='bbox 2924 892 3211 944; x_wconf 86' lang='lat' dir='ltr'><strong>moechatus</strong></span> <span class='ocrx_word' id='word_1_163' title='bbox 3242 907 3301 945; x_wconf 87' lang='lat' dir='ltr'><strong>es</strong></span> 
     </span>
    </p>
   </div>
   <div class='ocr_carea' id='block_1_24' title="bbox 1795 978 3298 1048">
    <p class='ocr_par' dir='ltr' id='par_1_24' title="bbox 1795 978 3298 1048">
     <span class='ocr_line' id='line_1_24' title="bbox 1795 978 3298 1048; baseline 0.001 -17"><span class='ocrx_word' id='word_1_164' title='bbox 1795 993 1913 1031; x_wconf 89' lang='lat' dir='ltr'><strong>cum</strong></span> <span class='ocrx_word' id='word_1_165' title='bbox 1939 979 2153 1031; x_wconf 87' lang='lat' dir='ltr'><strong>alterius</strong></span> <span class='ocrx_word' id='word_1_166' title='bbox 2189 993 2352 1032; x_wconf 80' lang='lat' dir='ltr'><strong>uxore</strong></span> <span class='ocrx_word' id='word_1_167' title='bbox 2379 986 2468 1030; x_wconf 90' lang='lat' dir='ltr'><strong>aut</strong></span> <span class='ocrx_word' id='word_1_168' title='bbox 2494 992 2610 1031; x_wconf 90' lang='lat' dir='ltr'><strong>cum</strong></span> <span class='ocrx_word' id='word_1_169' title='bbox 2660 978 3055 1041; x_wconf 88' lang='lat' dir='ltr'><strong>sanctimoniali,</strong></span> <span class='ocrx_word' id='word_1_170' title='bbox 3103 988 3298 1048; x_wconf 86' lang='lat' dir='ltr'><strong>septem</strong></span> 
     </span>
    </p>
   </div>
   <div class='ocr_carea' id='block_1_25' title="bbox 1796 1063 3301 1134">
    <p class='ocr_par' dir='ltr' id='par_1_25' title="bbox 1796 1063 3301 1134">
     <span class='ocr_line' id='line_1_25' title="bbox 1796 1063 3301 1134; baseline 0.003 -19"><span class='ocrx_word' id='word_1_171' title='bbox 1796 1078 1957 1115; x_wconf 88' lang='lat' dir='ltr'><strong>annos</strong></span> <span class='ocrx_word' id='word_1_172' title='bbox 1983 1064 2255 1132; x_wconf 73' lang='lat' dir='ltr'><strong>pteniteas.</strong></span> <span class='ocrx_word' id='word_1_173' title='bbox 2287 1063 2340 1116; x_wconf 90' lang='lat' dir='ltr'><strong>Si</strong></span> <span class='ocrx_word' id='word_1_174' title='bbox 2364 1079 2483 1117; x_wconf 90' lang='lat' dir='ltr'><strong>cum</strong></span> <span class='ocrx_word' id='word_1_175' title='bbox 2504 1066 2723 1134; x_wconf 81' lang='lat' dir='ltr'><strong>virgine,</strong></span> <span class='ocrx_word' id='word_1_176' title='bbox 2746 1066 2873 1119; x_wconf 89' lang='lat' dir='ltr'><strong>duos</strong></span> <span class='ocrx_word' id='word_1_177' title='bbox 2888 1081 3069 1119; x_wconf 91' lang='lat' dir='ltr'><strong>annos.</strong></span> <span class='ocrx_word' id='word_1_178' title='bbox 3102 1067 3156 1119; x_wconf 91' lang='lat' dir='ltr'><strong>Si</strong></span> <span class='ocrx_word' id='word_1_179' title='bbox 3182 1082 3301 1120; x_wconf 89' lang='lat' dir='ltr'><strong>cum</strong></span> 
     </span>
    </p>
   </div>
   <div class='ocr_carea' id='block_1_26' title="bbox 1794 1149 3299 1216">
    <p class='ocr_par' dir='ltr' id='par_1_26' title="bbox 1794 1149 3299 1216">
     <span class='ocr_line' id='line_1_26' title="bbox 1794 1149 3299 1216; baseline 0.005 -16"><span class='ocrx_word' id='word_1_180' title='bbox 1794 1149 1967 1213; x_wconf 85' lang='lat' dir='ltr'><strong>vidua,</strong></span> <span class='ocrx_word' id='word_1_181' title='bbox 2012 1164 2205 1202; x_wconf 87' lang='lat' dir='ltr'><strong>annum</strong></span> <span class='ocrx_word' id='word_1_182' title='bbox 2264 1150 2543 1204; x_wconf 56' lang='lat' dir='ltr'><strong>unum/Si</strong></span> <span class='ocrx_word' id='word_1_183' title='bbox 2587 1160 2728 1205; x_wconf 90' lang='lat' dir='ltr'><strong>tuam</strong></span> <span class='ocrx_word' id='word_1_184' title='bbox 2788 1169 2999 1206; x_wconf 80' lang='lat' dir='ltr'><strong>uxorem</strong></span> <span class='ocrx_word' id='word_1_185' title='bbox 3039 1153 3299 1216; x_wconf 85' lang='lat' dir='ltr'><strong>dimisisti,</strong></span> 
     </span>
    </p>
   </div>
   <div class='ocr_carea' id='block_1_27' title="bbox 1795 1237 3304 1311">
    <p class='ocr_par' dir='ltr' id='par_1_27' title="bbox 1795 1237 3304 1311">
     <span class='ocr_line' id='line_1_27' title="bbox 1795 1237 3304 1311; baseline 0.006 -22"><span class='ocrx_word' id='word_1_186' title='bbox 1795 1245 1847 1290; x_wconf 90' lang='lat' dir='ltr'><strong>et</strong></span> <span class='ocrx_word' id='word_1_187' title='bbox 1911 1238 2123 1293; x_wconf 86' lang='lat' dir='ltr'><strong>alterius</strong></span> <span class='ocrx_word' id='word_1_188' title='bbox 2177 1237 2420 1306; x_wconf 79' lang='lat' dir='ltr'><strong>junxisti,</strong></span> <span class='ocrx_word' id='word_1_189' title='bbox 2470 1248 2669 1309; x_wconf 87' lang='lat' dir='ltr'><strong>septem</strong></span> <span class='ocrx_word' id='word_1_190' title='bbox 2717 1257 2879 1297; x_wconf 86' lang='lat' dir='ltr'><strong>annos</strong></span> <span class='ocrx_word' id='word_1_191' title='bbox 2929 1246 3199 1311; x_wconf 84' lang='lat' dir='ltr'><strong>poeniteas.</strong></span> <span class='ocrx_word' id='word_1_192' title='bbox 3247 1245 3304 1298; x_wconf 92' lang='lat' dir='ltr'><strong>Si</strong></span> 
     </span>
    </p>
   </div>
   <div class='ocr_carea' id='block_1_28' title="bbox 1794 1327 3302 1400">
    <p class='ocr_par' dir='ltr' id='par_1_28' title="bbox 1794 1327 3302 1400">
     <span class='ocr_line' id='line_1_28' title="bbox 1794 1327 3302 1400; baseline 0.007 -26"><span class='ocrx_word' id='word_1_193' title='bbox 1794 1336 1910 1375; x_wconf 90' lang='lat' dir='ltr'><strong>cum</strong></span> <span class='ocrx_word' id='word_1_194' title='bbox 1934 1335 2149 1378; x_wconf 88' lang='lat' dir='ltr'><strong>vacante</strong></span> <span class='ocrx_word' id='word_1_195' title='bbox 2173 1327 2383 1389; x_wconf 86' lang='lat' dir='ltr'><strong>femina,</strong></span> <span class='ocrx_word' id='word_1_196' title='bbox 2407 1336 2514 1380; x_wconf 87' lang='lat' dir='ltr'><strong>tres</strong></span> <span class='ocrx_word' id='word_1_197' title='bbox 2534 1327 2955 1396; x_wconf 75' lang='lat' dir='ltr'><strong>quadragesimus</strong></span> <span class='ocrx_word' id='word_1_198' title='bbox 2970 1340 3021 1383; x_wconf 90' lang='lat' dir='ltr'><strong>et</strong></span> <span class='ocrx_word' id='word_1_199' title='bbox 3043 1331 3302 1400; x_wconf 87' lang='lat' dir='ltr'><strong>legitimas</strong></span> 
     </span>
    </p>
   </div>
   <div class='ocr_carea' id='block_1_29' title="bbox 1796 1410 3305 1490">
    <p class='ocr_par' dir='ltr' id='par_1_29' title="bbox 1796 1410 3305 1490">
     <span class='ocr_line' id='line_1_29' title="bbox 1796 1410 3305 1490; baseline 0.01 -25"><span class='ocrx_word' id='word_1_200' title='bbox 1796 1412 1970 1466; x_wconf 87' lang='lat' dir='ltr'><strong>ferias.</strong></span> <span class='ocrx_word' id='word_1_201' title='bbox 2025 1413 2081 1468; x_wconf 89' lang='lat' dir='ltr'><strong>Si</strong></span> <span class='ocrx_word' id='word_1_202' title='bbox 2132 1431 2251 1469; x_wconf 92' lang='lat' dir='ltr'><strong>cum</strong></span> <span class='ocrx_word' id='word_1_203' title='bbox 2292 1410 2510 1487; x_wconf 81' lang='lat' dir='ltr'><strong>propria</strong></span> <span class='ocrx_word' id='word_1_204' title='bbox 2557 1418 2760 1483; x_wconf 88' lang='lat' dir='ltr'><strong>ancilla,</strong></span> <span class='ocrx_word' id='word_1_205' title='bbox 2802 1421 3142 1490; x_wconf 76' lang='lat' dir='ltr'><strong>quadraginta</strong></span> <span class='ocrx_word' id='word_1_206' title='bbox 3192 1425 3305 1479; x_wconf 87' lang='lat' dir='ltr'><strong>dies</strong></span> 
     </span>
    </p>
   </div>
   <div class='ocr_carea' id='block_1_30' title="bbox 1795 1495 2919 1570">
    <p class='ocr_par' dir='ltr' id='par_1_30' title="bbox 1795 1495 2919 1570">
     <span class='ocr_line' id='line_1_30' title="bbox 1795 1495 2919 1570; baseline 0.009 -16"><span class='ocrx_word' id='word_1_207' title='bbox 1795 1504 2049 1570; x_wconf 66' lang='lat' dir='ltr'><strong>paenitere</strong></span> <span class='ocrx_word' id='word_1_208' title='bbox 2076 1504 2253 1558; x_wconf 87' lang='lat' dir='ltr'><strong>debes.</strong></span> <span class='ocrx_word' id='word_1_209' title='bbox 2906 1495 2919 1511; x_wconf 78' lang='grc'><em>’</em></span> 
     </span>
    </p>
   </div>
   <div class='ocr_carea' id='block_1_31' title="bbox 1863 1587 3306 1657">
    <p class='ocr_par' dir='ltr' id='par_1_31' title="bbox 1863 1587 3306 1657">
     <span class='ocr_line' id='line_1_31' title="bbox 1863 1587 3306 1657; baseline 0.008 -17"><span class='ocrx_word' id='word_1_210' title='bbox 1863 1587 2091 1657; x_wconf 88' lang='lat' dir='ltr'><strong>Nupsisti</strong></span> <span class='ocrx_word' id='word_1_211' title='bbox 2119 1605 2235 1643; x_wconf 91' lang='lat' dir='ltr'><strong>cum</strong></span> <span class='ocrx_word' id='word_1_212' title='bbox 2263 1606 2424 1645; x_wconf 73' lang='lat' dir='ltr'><strong>uxore</strong></span> <span class='ocrx_word' id='word_1_213' title='bbox 2451 1600 2534 1645; x_wconf 89' lang='lat' dir='ltr'><strong>tua</strong></span> <span class='ocrx_word' id='word_1_214' title='bbox 2563 1593 2643 1645; x_wconf 88' lang='lat' dir='ltr'><strong>vel</strong></span> <span class='ocrx_word' id='word_1_215' title='bbox 2674 1595 2860 1647; x_wconf 88' lang='lat' dir='ltr'><strong>ancilla</strong></span> <span class='ocrx_word' id='word_1_216' title='bbox 2887 1603 3046 1651; x_wconf 86' lang='lat' dir='ltr'><strong>retro.</strong></span> <span class='ocrx_word' id='word_1_217' title='bbox 3073 1597 3128 1651; x_wconf 88' lang='lat' dir='ltr'><strong>Si</strong></span> <span class='ocrx_word' id='word_1_218' title='bbox 3155 1596 3306 1653; x_wconf 91' lang='lat' dir='ltr'><strong>fecis-</strong></span> 
     </span>
    </p>
   </div>
   <div class='ocr_carea' id='block_1_32' title="bbox 1750 1673 2836 1749">
    <p class='ocr_par' dir='ltr' id='par_1_32' title="bbox 1750 1673 2836 1749">
     <span class='ocr_line' id='line_1_32' title="bbox 1750 1673 2836 1749; baseline 0.004 -18"><span class='ocrx_word' id='word_1_219' title='bbox 1750 1734 1771 1749; x_wconf 64' lang='lat'><strong><em>_</em></strong></span> <span class='ocrx_word' id='word_1_220' title='bbox 1801 1678 1857 1741; x_wconf 91' lang='lat' dir='ltr'><strong>ti,</strong></span> <span class='ocrx_word' id='word_1_221' title='bbox 1879 1673 2358 1747; x_wconf 65' lang='lat' dir='ltr'><strong>quadraginta&#39;dies</strong></span> <span class='ocrx_word' id='word_1_222' title='bbox 2380 1680 2538 1735; x_wconf 88' lang='lat' dir='ltr'><strong>debes</strong></span> <span class='ocrx_word' id='word_1_223' title='bbox 2564 1683 2836 1749; x_wconf 64' lang='lat' dir='ltr'><strong>poenitere.</strong></span> 
     </span>
    </p>
   </div>
   <div class='ocr_carea' id='block_1_33' title="bbox 183 1738 3310 1841">
    <p class='ocr_par' dir='ltr' id='par_1_33' title="bbox 183 1738 3310 1841">
     <span class='ocr_line' id='line_1_33' title="bbox 183 1738 3310 1841; baseline 0.009 -40"><span class='ocrx_word' id='word_1_224' title='bbox 183 1750 391 1816; x_wconf 85' lang='lat' dir='ltr'><strong>Sponte</strong></span> <span class='ocrx_word' id='word_1_225' title='bbox 412 1763 537 1817; x_wconf 87' lang='lat' dir='ltr'><strong>ergo</strong></span> <span class='ocrx_word' id='word_1_226' title='bbox 562 1746 817 1802; x_wconf 80' lang='lat' dir='ltr'><strong>fateamur</strong></span> <span class='ocrx_word' id='word_1_227' title='bbox 839 1749 976 1815; x_wconf 91' lang='lat' dir='ltr'><strong>quod</strong></span> <span class='ocrx_word' id='word_1_228' title='bbox 1018 1749 1157 1802; x_wconf 91' lang='lat' dir='ltr'><strong>nullo</strong></span> <span class='ocrx_word' id='word_1_229' title='bbox 1191 1758 1404 1818; x_wconf 80' lang='lat' dir='ltr'><strong>cogente</strong></span> <span class='ocrx_word' id='word_1_230' title='bbox 1443 1754 1700 1841; x_wconf 78' lang='lat' dir='ltr'><strong>commisi-</strong></span> <span class='ocrx_word' id='word_1_231' title='bbox 1729 1738 1773 1797; x_wconf 71' lang='grc' dir='ltr'><strong>Β</strong></span> <span class='ocrx_word' id='word_1_232' title='bbox 1816 1738 2106 1834; x_wconf 50' lang='grc' dir='ltr'><strong>,Νιιρείειῖ</strong></span> <span class='ocrx_word' id='word_1_233' title='bbox 2130 1782 2249 1821; x_wconf 90' lang='lat' dir='ltr'><strong>cum</strong></span> <span class='ocrx_word' id='word_1_234' title='bbox 2296 1782 2458 1823; x_wconf 79' lang='lat' dir='ltr'><strong>uxore</strong></span> <span class='ocrx_word' id='word_1_235' title='bbox 2508 1738 2594 1822; x_wconf 69' lang='lat' dir='ltr'><strong>tua</strong></span> <span class='ocrx_word' id='word_1_236' title='bbox 2629 1772 2969 1841; x_wconf 78' lang='lat' dir='ltr'><strong>quadraginta</strong></span> <span class='ocrx_word' id='word_1_237' title='bbox 3021 1772 3132 1828; x_wconf 90' lang='lat' dir='ltr'><strong>dies</strong></span> <span class='ocrx_word' id='word_1_238' title='bbox 3186 1783 3310 1830; x_wconf 84' lang='lat' dir='ltr'><strong>ante</strong></span> 
     </span>
    </p>
   </div>
   <div class='ocr_carea' id='block_1_34' title="bbox 184 1834 1704 1900">
    <p class='ocr_par' dir='ltr' id='par_1_34' title="bbox 184 1834 1704 1900">
     <span class='ocr_line' id='line_1_34' title="bbox 184 1834 1704 1900; baseline 0.001 -10"><span class='ocrx_word' id='word_1_239' title='bbox 184 1851 325 1890; x_wconf 89' lang='lat' dir='ltr'><strong>mus.</strong></span> <span class='ocrx_word' id='word_1_240' title='bbox 362 1834 421 1889; x_wconf 89' lang='lat' dir='ltr'><strong>Si</strong></span> <span class='ocrx_word' id='word_1_241' title='bbox 447 1850 570 1889; x_wconf 88' lang='lat' dir='ltr'><strong>vero</strong></span> <span class='ocrx_word' id='word_1_242' title='bbox 598 1849 692 1889; x_wconf 90' lang='lat' dir='ltr'><strong>nos</strong></span> <span class='ocrx_word' id='word_1_243' title='bbox 726 1842 902 1889; x_wconf 86' lang='lat' dir='ltr'><strong>nostra</strong></span> <span class='ocrx_word' id='word_1_244' title='bbox 926 1835 1123 1889; x_wconf 90' lang='lat' dir='ltr'><strong>scelera</strong></span> <span class='ocrx_word' id='word_1_245' title='bbox 1148 1836 1505 1900; x_wconf 88' lang='lat' dir='ltr'><strong>celaverimus,</strong></span> <span class='ocrx_word' id='word_1_246' title='bbox 1529 1839 1595 1891; x_wconf 85' lang='lat' dir='ltr'><strong>ab</strong></span> <span class='ocrx_word' id='word_1_247' title='bbox 1617 1840 1704 1893; x_wconf 92' lang='lat' dir='ltr'><strong>illo</strong></span> 
     </span>
    </p>
   </div>
   <div class='ocr_carea' id='block_1_35' title="bbox 185 1923 1766 1996">
    <p class='ocr_par' dir='ltr' id='par_1_35' title="bbox 185 1923 1766 1996">
     <span class='ocr_line' id='line_1_35' title="bbox 185 1923 1766 1996; baseline 0.001 -19"><span class='ocrx_word' id='word_1_248' title='bbox 185 1923 668 1977; x_wconf 87' lang='lat' dir='ltr'><strong>manifestabuntur</strong></span> <span class='ocrx_word' id='word_1_249' title='bbox 708 1924 794 1989; x_wconf 88' lang='lat' dir='ltr'><strong>qui</strong></span> <span class='ocrx_word' id='word_1_250' title='bbox 820 1932 871 1976; x_wconf 88' lang='lat' dir='ltr'><strong>et</strong></span> <span class='ocrx_word' id='word_1_251' title='bbox 922 1931 1198 1977; x_wconf 87' lang='lat' dir='ltr'><strong>accusator</strong></span> <span class='ocrx_word' id='word_1_252' title='bbox 1248 1937 1273 1963; x_wconf 73' lang='grc' dir='ltr'><strong>ι</strong></span> <span class='ocrx_word' id='word_1_253' title='bbox 1299 1932 1380 1977; x_wconf 91' lang='lat' dir='ltr'><strong>est</strong></span> <span class='ocrx_word' id='word_1_254' title='bbox 1416 1926 1618 1991; x_wconf 85' lang='lat' dir='ltr'><strong>peccati</strong></span> <span class='ocrx_word' id='word_1_255' title='bbox 1652 1934 1705 1979; x_wconf 87' lang='lat' dir='ltr'><strong>et</strong></span> <span class='ocrx_word' id='word_1_256' title='bbox 1753 1985 1766 1996; x_wconf 87' lang='lat'>_</span> 
     </span>
    </p>
   </div>
   <div class='ocr_carea' id='block_1_36' title="bbox 185 2009 1701 2080">
    <p class='ocr_par' dir='ltr' id='par_1_36' title="bbox 185 2009 1701 2080">
     <span class='ocr_line' id='line_1_36' title="bbox 185 2009 1701 2080; baseline 0.003 -18"><span class='ocrx_word' id='word_1_257' title='bbox 185 2011 450 2064; x_wconf 87' lang='lat' dir='ltr'><strong>incentor.</strong></span> <span class='ocrx_word' id='word_1_258' title='bbox 494 2009 608 2077; x_wconf 86' lang='lat' dir='ltr'><strong>Ipse</strong></span> <span class='ocrx_word' id='word_1_259' title='bbox 639 2010 776 2063; x_wconf 89' lang='lat' dir='ltr'><strong>enim</strong></span> <span class='ocrx_word' id='word_1_260' title='bbox 826 2013 911 2065; x_wconf 87' lang='lat' dir='ltr'><strong>hic</strong></span> <span class='ocrx_word' id='word_1_261' title='bbox 938 2027 1034 2065; x_wconf 90' lang='lat' dir='ltr'><strong>nos</strong></span> <span class='ocrx_word' id='word_1_262' title='bbox 1078 2022 1134 2065; x_wconf 93' lang='lat' dir='ltr'><strong>ut</strong></span> <span class='ocrx_word' id='word_1_263' title='bbox 1155 2027 1430 2079; x_wconf 89' lang='lat' dir='ltr'><strong>peccemus</strong></span> <span class='ocrx_word' id='word_1_264' title='bbox 1463 2013 1701 2080; x_wconf 79' lang='lat' dir='ltr'><strong>instigat:</strong></span> 
     </span>
    </p>
   </div>
   <div class='ocr_carea' id='block_1_37' title="bbox 183 2087 1704 2167">
    <p class='ocr_par' dir='ltr' id='par_1_37' title="bbox 183 2087 1704 2167">
     <span class='ocr_line' id='line_1_37' title="bbox 183 2087 1704 2167; baseline 0.002 -17"><span class='ocrx_word' id='word_1_265' title='bbox 183 2098 295 2166; x_wconf 90' lang='lat' dir='ltr'><strong>ipse</strong></span> <span class='ocrx_word' id='word_1_266' title='bbox 319 2087 443 2150; x_wconf 87' lang='lat' dir='ltr'><strong>cum</strong></span> <span class='ocrx_word' id='word_1_267' title='bbox 466 2100 876 2165; x_wconf 87' lang='lat' dir='ltr'><strong>pcccaverimus,</strong></span> <span class='ocrx_word' id='word_1_268' title='bbox 903 2107 1133 2152; x_wconf 87' lang='lat' dir='ltr'><strong>aecusat.</strong></span> <span class='ocrx_word' id='word_1_269' title='bbox 1168 2099 1223 2167; x_wconf 84' lang='lat' dir='ltr'><strong>Si</strong></span> <span class='ocrx_word' id='word_1_270' title='bbox 1248 2114 1371 2167; x_wconf 84' lang='lat' dir='ltr'><strong>ergo</strong></span> <span class='ocrx_word' id='word_1_271' title='bbox 1398 2103 1450 2153; x_wconf 91' lang='lat' dir='ltr'><strong>in</strong></span> <span class='ocrx_word' id='word_1_272' title='bbox 1472 2104 1569 2156; x_wconf 90' lang='lat' dir='ltr'><strong>hac</strong></span> <span class='ocrx_word' id='word_1_273' title='bbox 1595 2103 1704 2153; x_wconf 87' lang='lat' dir='ltr'><strong>vita</strong></span> 
     </span>
    </p>
   </div>
   <div class='ocr_carea' id='block_1_38' title="bbox 183 2162 1704 2255">
    <p class='ocr_par' dir='ltr' id='par_1_38' title="bbox 183 2162 1704 2255">
     <span class='ocr_line' id='line_1_38' title="bbox 183 2162 1704 2255; baseline 0.001 -14"><span class='ocrx_word' id='word_1_274' title='bbox 183 2162 569 2254; x_wconf 68' lang='lat' dir='ltr'><strong>praeveniamus</strong></span> <span class='ocrx_word' id='word_1_275' title='bbox 594 2201 711 2240; x_wconf 92' lang='lat' dir='ltr'><strong>eum</strong></span> <span class='ocrx_word' id='word_1_276' title='bbox 740 2196 792 2239; x_wconf 89' lang='lat' dir='ltr'><strong>et</strong></span> <span class='ocrx_word' id='word_1_277' title='bbox 809 2187 907 2255; x_wconf 88' lang='lat' dir='ltr'><strong>ipsi</strong></span> <span class='ocrx_word' id='word_1_278' title='bbox 941 2187 1150 2240; x_wconf 87' lang='lat' dir='ltr'><strong>sceleris</strong></span> <span class='ocrx_word' id='word_1_279' title='bbox 1171 2162 1337 2241; x_wconf 49' lang='lat' dir='ltr'><strong>“ostri</strong></span> <span class='ocrx_word' id='word_1_280' title='bbox 1374 2197 1704 2242; x_wconf 85' lang='lat' dir='ltr'><strong>accusatores</strong></span> 
     </span>
    </p>
   </div>
   <div class='ocr_carea' id='block_1_39' title="bbox 182 2273 1703 2340">
    <p class='ocr_par' dir='ltr' id='par_1_39' title="bbox 182 2273 1703 2340">
     <span class='ocr_line' id='line_1_39' title="bbox 182 2273 1703 2340; baseline 0.003 -13"><span class='ocrx_word' id='word_1_281' title='bbox 182 2274 373 2336; x_wconf 88' lang='lat' dir='ltr'><strong>simus,</strong></span> <span class='ocrx_word' id='word_1_282' title='bbox 396 2273 655 2340; x_wconf 86' lang='lat' dir='ltr'><strong>nequitias</strong></span> <span class='ocrx_word' id='word_1_283' title='bbox 677 2274 867 2327; x_wconf 87' lang='lat' dir='ltr'><strong>diaboli</strong></span> <span class='ocrx_word' id='word_1_284' title='bbox 895 2275 1088 2327; x_wconf 88' lang='lat' dir='ltr'><strong>inimici</strong></span> <span class='ocrx_word' id='word_1_285' title='bbox 1114 2277 1277 2329; x_wconf 88' lang='lat' dir='ltr'><strong>nostri</strong></span> <span class='ocrx_word' id='word_1_286' title='bbox 1305 2283 1357 2329; x_wconf 85' lang='lat' dir='ltr'><strong>et</strong></span> <span class='ocrx_word' id='word_1_287' title='bbox 1389 2278 1703 2332; x_wconf 87' lang='lat' dir='ltr'><strong>accusatoris</strong></span> 
     </span>
    </p>
   </div>
   <div class='ocr_carea' id='block_1_40' title="bbox 183 2357 1705 2433">
    <p class='ocr_par' dir='ltr' id='par_1_40' title="bbox 183 2357 1705 2433">
     <span class='ocr_line' id='line_1_40' title="bbox 183 2357 1705 2433; baseline 0.005 -22"><span class='ocrx_word' id='word_1_288' title='bbox 183 2357 517 2425; x_wconf 85' lang='lat' dir='ltr'><strong>effugiemus,</strong></span> <span class='ocrx_word' id='word_1_289' title='bbox 546 2360 706 2414; x_wconf 87' lang='lat' dir='ltr'><strong>Paulo</strong></span> <span class='ocrx_word' id='word_1_290' title='bbox 733 2368 878 2423; x_wconf 89' lang='lat' dir='ltr'><strong>teste,</strong></span> <span class='ocrx_word' id='word_1_291' title='bbox 907 2361 994 2429; x_wconf 91' lang='lat' dir='ltr'><strong>qui</strong></span> <span class='ocrx_word' id='word_1_292' title='bbox 1034 2363 1143 2417; x_wconf 89' lang='lat' dir='ltr'><strong>ait:</strong></span> <span class='ocrx_word' id='word_1_293' title='bbox 1176 2363 1232 2415; x_wconf 83' lang='lat' dir='ltr'><strong>Si</strong></span> <span class='ocrx_word' id='word_1_294' title='bbox 1275 2366 1598 2433; x_wconf 78' lang='lat' dir='ltr'><strong>nosmetipsos</strong></span> <span class='ocrx_word' id='word_1_295' title='bbox 1613 2367 1705 2433; x_wconf 82' lang='lat' dir='ltr'><strong>ju-</strong></span> 
     </span>
    </p>
   </div>
   <div class='ocr_carea' id='block_1_41' title="bbox 183 2445 1578 2519">
    <p class='ocr_par' dir='ltr' id='par_1_41' title="bbox 183 2445 1578 2519">
     <span class='ocr_line' id='line_1_41' title="bbox 183 2445 1578 2519; baseline 0.004 -24"><span class='ocrx_word' id='word_1_296' title='bbox 183 2445 496 2510; x_wconf 71' lang='lat' dir='ltr'><strong>dicaremus,</strong></span> <span class='ocrx_word' id='word_1_297' title='bbox 523 2462 624 2499; x_wconf 81' lang='lat' dir='ltr'><strong>non</strong></span> <span class='ocrx_word' id='word_1_298' title='bbox 646 2448 817 2515; x_wconf 78' lang='lat' dir='ltr'><strong>utique</strong></span> <span class='ocrx_word' id='word_1_299' title='bbox 836 2447 1235 2514; x_wconf 79' lang='lat' dir='ltr'><strong>dijudicaremur</strong></span> <span class='ocrx_word' id='word_1_300' title='bbox 1258 2450 1308 2517; x_wconf 88' lang='grc' dir='ltr'><strong>(Ι</strong></span> <span class='ocrx_word' id='word_1_301' title='bbox 1345 2447 1463 2501; x_wconf 87' lang='lat' dir='ltr'><strong>Cor.</strong></span> <span class='ocrx_word' id='word_1_302' title='bbox 1498 2451 1578 2519; x_wconf 84' lang='lat' dir='ltr'><strong>ti).</strong></span> 
     </span>
    </p>
   </div>
   <div class='ocr_carea' id='block_1_42' title="bbox 260 2549 1701 2621">
    <p class='ocr_par' dir='ltr' id='par_1_42' title="bbox 260 2549 1701 2621">
     <span class='ocr_line' id='line_1_42' title="bbox 260 2549 1701 2621; baseline 0.004 -17"><span class='ocrx_word' id='word_1_303' title='bbox 260 2549 453 2604; x_wconf 72' lang='lat' dir='ltr'><strong>Videtis</strong></span> <span class='ocrx_word' id='word_1_304' title='bbox 472 2559 644 2607; x_wconf 81' lang='lat' dir='ltr'><strong>autem</strong></span> <span class='ocrx_word' id='word_1_305' title='bbox 672 2566 790 2605; x_wconf 90' lang='lat' dir='ltr'><strong>eum</strong></span> <span class='ocrx_word' id='word_1_306' title='bbox 816 2554 1059 2607; x_wconf 87' lang='lat' dir='ltr'><strong>sacerdos</strong></span> <span class='ocrx_word' id='word_1_307' title='bbox 1087 2555 1539 2621; x_wconf 85' lang='lat' dir='ltr'><strong>verecundantem,</strong></span> <span class='ocrx_word' id='word_1_308' title='bbox 1588 2572 1701 2610; x_wconf 89' lang='lat' dir='ltr'><strong>rur-</strong></span> 
     </span>
    </p>
   </div>
   <div class='ocr_carea' id='block_1_43' title="bbox 185 2639 1702 2707">
    <p class='ocr_par' dir='ltr' id='par_1_43' title="bbox 185 2639 1702 2707">
     <span class='ocr_line' id='line_1_43' title="bbox 185 2639 1702 2707; baseline 0.006 -16"><span class='ocrx_word' id='word_1_309' title='bbox 185 2651 272 2691; x_wconf 89' lang='lat' dir='ltr'><strong>sus</strong></span> <span class='ocrx_word' id='word_1_310' title='bbox 319 2647 670 2707; x_wconf 84' lang='lat' dir='ltr'><strong>prosequatur</strong></span> <span class='ocrx_word' id='word_1_311' title='bbox 694 2658 707 2692; x_wconf 92' lang='lat'>:</span> <span class='ocrx_word' id='word_1_312' title='bbox 735 2639 996 2704; x_wconf 88' lang='lat' dir='ltr'><strong>Fortasse,</strong></span> <span class='ocrx_word' id='word_1_313' title='bbox 1022 2642 1346 2707; x_wconf 86' lang='lat' dir='ltr'><strong>charissime,</strong></span> <span class='ocrx_word' id='word_1_314' title='bbox 1396 2659 1499 2697; x_wconf 89' lang='lat' dir='ltr'><strong>non</strong></span> <span class='ocrx_word' id='word_1_315' title='bbox 1529 2647 1702 2700; x_wconf 85' lang='lat' dir='ltr'><strong>omnia</strong></span> 
     </span>
    </p>
   </div>
   <div class='ocr_carea' id='block_1_44' title="bbox 184 2724 1702 2798">
    <p class='ocr_par' dir='ltr' id='par_1_44' title="bbox 184 2724 1702 2798">
     <span class='ocr_line' id='line_1_44' title="bbox 184 2724 1702 2798; baseline 0.007 -25"><span class='ocrx_word' id='word_1_316' title='bbox 184 2737 299 2788; x_wconf 66' lang='lat' dir='ltr'><strong>qua:</strong></span> <span class='ocrx_word' id='word_1_317' title='bbox 330 2724 541 2792; x_wconf 78' lang='lat' dir='ltr'><strong>gessisti</strong></span> <span class='ocrx_word' id='word_1_318' title='bbox 566 2726 631 2778; x_wconf 90' lang='lat' dir='ltr'><strong>ad</strong></span> <span class='ocrx_word' id='word_1_319' title='bbox 658 2727 962 2779; x_wconf 83' lang='lat' dir='ltr'><strong>memoriam</strong></span> <span class='ocrx_word' id='word_1_320' title='bbox 984 2727 1135 2781; x_wconf 87' lang='lat' dir='ltr'><strong>modo</strong></span> <span class='ocrx_word' id='word_1_321' title='bbox 1155 2730 1385 2782; x_wconf 89' lang='lat' dir='ltr'><strong>veniunt.</strong></span> <span class='ocrx_word' id='word_1_322' title='bbox 1415 2730 1524 2798; x_wconf 84' lang='lat' dir='ltr'><strong>Ego</strong></span> <span class='ocrx_word' id='word_1_323' title='bbox 1554 2739 1604 2784; x_wconf 92' lang='lat' dir='ltr'><strong>te</strong></span> <span class='ocrx_word' id='word_1_324' title='bbox 1626 2731 1702 2783; x_wconf 86' lang='lat' dir='ltr'><strong>in-</strong></span> 
     </span>
    </p>
   </div>
   <div class='ocr_carea' id='block_1_45' title="bbox 187 2812 1704 2886">
    <p class='ocr_par' dir='ltr' id='par_1_45' title="bbox 187 2812 1704 2886">
     <span class='ocr_line' id='line_1_45' title="bbox 187 2812 1704 2886; baseline 0.007 -25"><span class='ocrx_word' id='word_1_325' title='bbox 187 2812 483 2879; x_wconf 84' lang='lat' dir='ltr'><strong>terrogabo.</strong></span> <span class='ocrx_word' id='word_1_326' title='bbox 507 2812 580 2885; x_wconf 85' lang='lat' dir='ltr'><strong>Tu</strong></span> <span class='ocrx_word' id='word_1_327' title='bbox 603 2828 729 2866; x_wconf 88' lang='lat' dir='ltr'><strong>cave</strong></span> <span class='ocrx_word' id='word_1_328' title='bbox 748 2830 812 2868; x_wconf 88' lang='lat' dir='ltr'><strong>ne</strong></span> <span class='ocrx_word' id='word_1_329' title='bbox 831 2816 1034 2868; x_wconf 84' lang='lat' dir='ltr'><strong>diabolo</strong></span> <span class='ocrx_word' id='word_1_330' title='bbox 1051 2818 1299 2869; x_wconf 87' lang='lat' dir='ltr'><strong>suadente</strong></span> <span class='ocrx_word' id='word_1_331' title='bbox 1320 2820 1514 2886; x_wconf 84' lang='lat' dir='ltr'><strong>aliquid</strong></span> <span class='ocrx_word' id='word_1_332' title='bbox 1534 2820 1704 2873; x_wconf 87' lang='lat' dir='ltr'><strong>celare</strong></span> 
     </span>
    </p>
   </div>
   <div class='ocr_carea' id='block_1_46' title="bbox 185 2899 1696 2976">
    <p class='ocr_par' dir='ltr' id='par_1_46' title="bbox 185 2899 1696 2976">
     <span class='ocr_line' id='line_1_46' title="bbox 185 2899 1696 2976; baseline 0.008 -27"><span class='ocrx_word' id='word_1_333' title='bbox 185 2910 489 2965; x_wconf 61' lang='lat' dir='ltr'><strong>prmumas.</strong></span> <span class='ocrx_word' id='word_1_334' title='bbox 516 2928 585 2939; x_wconf 89' lang='lat'><strong>—</strong></span> <span class='ocrx_word' id='word_1_335' title='bbox 603 2899 668 2953; x_wconf 87' lang='lat' dir='ltr'><strong>Et</strong></span> <span class='ocrx_word' id='word_1_336' title='bbox 697 2909 818 2955; x_wconf 90' lang='lat' dir='ltr'><strong>tunc</strong></span> <span class='ocrx_word' id='word_1_337' title='bbox 846 2916 963 2955; x_wconf 91' lang='lat' dir='ltr'><strong>eum</strong></span> <span class='ocrx_word' id='word_1_338' title='bbox 988 2918 1082 2971; x_wconf 89' lang='lat' dir='ltr'><strong>per</strong></span> <span class='ocrx_word' id='word_1_339' title='bbox 1130 2904 1365 2959; x_wconf 88' lang='lat' dir='ltr'><strong>ordinem</strong></span> <span class='ocrx_word' id='word_1_340' title='bbox 1394 2907 1696 2976; x_wconf 84' lang='lat' dir='ltr'><strong>interroget.</strong></span> 
     </span>
    </p>
   </div>
   <div class='ocr_carea' id='block_1_47' title="bbox 250 3005 1769 3087">
    <p class='ocr_par' dir='ltr' id='par_1_47' title="bbox 250 3005 1769 3087">
     <span class='ocr_line' id='line_1_47' title="bbox 250 3005 1769 3087; baseline 0.008 -29"><span class='ocrx_word' id='word_1_341' title='bbox 250 3005 449 3060; x_wconf 83' lang='lat' dir='ltr'><strong>Fecisti</strong></span> <span class='ocrx_word' id='word_1_342' title='bbox 488 3008 821 3062; x_wconf 83' lang='lat' dir='ltr'><strong>homicidium</strong></span> <span class='ocrx_word' id='word_1_343' title='bbox 847 3017 937 3063; x_wconf 87' lang='lat' dir='ltr'><strong>aut</strong></span> <span class='ocrx_word' id='word_1_344' title='bbox 957 3024 1104 3074; x_wconf 91' lang='lat' dir='ltr'><strong>casu,</strong></span> <span class='ocrx_word' id='word_1_345' title='bbox 1130 3019 1221 3065; x_wconf 90' lang='lat' dir='ltr'><strong>aut</strong></span> <span class='ocrx_word' id='word_1_346' title='bbox 1239 3012 1434 3076; x_wconf 87' lang='lat' dir='ltr'><strong>volens,</strong></span> <span class='ocrx_word' id='word_1_347' title='bbox 1476 3022 1564 3066; x_wconf 85' lang='lat' dir='ltr'><strong>aut</strong></span> <span class='ocrx_word' id='word_1_348' title='bbox 1602 3029 1697 3081; x_wconf 91' lang='lat' dir='ltr'><strong>pro</strong></span> <span class='ocrx_word' id='word_1_349' title='bbox 1724 3024 1769 3087; x_wconf 75' lang='grc' dir='ltr'>ο</span> 
     </span>
    </p>
   </div>
   <div class='ocr_carea' id='block_1_48' title="bbox 185 3094 1699 3167">
    <p class='ocr_par' dir='ltr' id='par_1_48' title="bbox 185 3094 1699 3167">
     <span class='ocr_line' id='line_1_48' title="bbox 185 3094 1699 3167; baseline 0.007 -21"><span class='ocrx_word' id='word_1_350' title='bbox 185 3094 417 3147; x_wconf 87' lang='lat' dir='ltr'><strong>vindicta</strong></span> <span class='ocrx_word' id='word_1_351' title='bbox 443 3104 735 3161; x_wconf 89' lang='lat' dir='ltr'><strong>parentum,</strong></span> <span class='ocrx_word' id='word_1_352' title='bbox 779 3105 869 3150; x_wconf 86' lang='lat' dir='ltr'><strong>aut</strong></span> <span class='ocrx_word' id='word_1_353' title='bbox 892 3098 1106 3164; x_wconf 71' lang='lat' dir='ltr'><strong>jubente</strong></span> <span class='ocrx_word' id='word_1_354' title='bbox 1141 3101 1359 3155; x_wconf 89' lang='lat' dir='ltr'><strong>Domino</strong></span> <span class='ocrx_word' id='word_1_355' title='bbox 1389 3112 1497 3167; x_wconf 90' lang='lat' dir='ltr'><strong>tuo,</strong></span> <span class='ocrx_word' id='word_1_356' title='bbox 1529 3106 1699 3158; x_wconf 89' lang='lat' dir='ltr'><strong>autin</strong></span> 
     </span>
    </p>
   </div>
   <div class='ocr_carea' id='block_1_49' title="bbox 185 3182 1700 3258">
    <p class='ocr_par' dir='ltr' id='par_1_49' title="bbox 185 3182 1700 3258">
     <span class='ocr_line' id='line_1_49' title="bbox 185 3182 1700 3258; baseline 0.009 -24"><span class='ocrx_word' id='word_1_357' title='bbox 185 3182 393 3249; x_wconf 89' lang='lat' dir='ltr'><strong>publico</strong></span> <span class='ocrx_word' id='word_1_358' title='bbox 417 3183 571 3237; x_wconf 88' lang='lat' dir='ltr'><strong>bello.</strong></span> <span class='ocrx_word' id='word_1_359' title='bbox 627 3184 682 3237; x_wconf 90' lang='lat' dir='ltr'><strong>Si</strong></span> <span class='ocrx_word' id='word_1_360' title='bbox 710 3186 998 3241; x_wconf 87' lang='lat' dir='ltr'><strong>voluntarie</strong></span> <span class='ocrx_word' id='word_1_361' title='bbox 1038 3187 1224 3251; x_wconf 82' lang='lat' dir='ltr'><strong>fecisti,</strong></span> <span class='ocrx_word' id='word_1_362' title='bbox 1287 3199 1485 3258; x_wconf 84' lang='lat' dir='ltr'><strong>septem</strong></span> <span class='ocrx_word' id='word_1_363' title='bbox 1534 3207 1700 3248; x_wconf 71' lang='lat' dir='ltr'><strong>annos</strong></span> 
     </span>
    </p>
   </div>
   <div class='ocr_carea' id='block_1_50' title="bbox 186 3272 1697 3348">
    <p class='ocr_par' dir='ltr' id='par_1_50' title="bbox 186 3272 1697 3348">
     <span class='ocr_line' id='line_1_50' title="bbox 186 3272 1697 3348; baseline 0.01 -26"><span class='ocrx_word' id='word_1_364' title='bbox 186 3272 441 3336; x_wconf 69' lang='lat' dir='ltr'><strong>paenitere</strong></span> <span class='ocrx_word' id='word_1_365' title='bbox 483 3273 657 3337; x_wconf 89' lang='lat' dir='ltr'><strong>debes,</strong></span> <span class='ocrx_word' id='word_1_366' title='bbox 686 3273 730 3329; x_wconf 89' lang='lat' dir='ltr'><strong>si</strong></span> <span class='ocrx_word' id='word_1_367' title='bbox 752 3276 933 3330; x_wconf 89' lang='lat' dir='ltr'><strong>nolens</strong></span> <span class='ocrx_word' id='word_1_368' title='bbox 955 3286 1045 3330; x_wconf 88' lang='lat' dir='ltr'><strong>aut</strong></span> <span class='ocrx_word' id='word_1_369' title='bbox 1072 3293 1213 3341; x_wconf 87' lang='lat' dir='ltr'><strong>casu,</strong></span> <span class='ocrx_word' id='word_1_370' title='bbox 1244 3282 1470 3348; x_wconf 90' lang='lat' dir='ltr'><strong>quinque</strong></span> <span class='ocrx_word' id='word_1_371' title='bbox 1515 3298 1697 3337; x_wconf 88' lang='lat' dir='ltr'><strong>annos.</strong></span> 
     </span>
    </p>
   </div>
   <div class='ocr_carea' id='block_1_51' title="bbox 188 3357 1700 3437">
    <p class='ocr_par' dir='ltr' id='par_1_51' title="bbox 188 3357 1700 3437">
     <span class='ocr_line' id='line_1_51' title="bbox 188 3357 1700 3437; baseline 0.01 -28"><span class='ocrx_word' id='word_1_372' title='bbox 188 3357 242 3410; x_wconf 87' lang='lat' dir='ltr'><strong>Si</strong></span> <span class='ocrx_word' id='word_1_373' title='bbox 266 3372 362 3424; x_wconf 89' lang='lat' dir='ltr'><strong>pro</strong></span> <span class='ocrx_word' id='word_1_374' title='bbox 387 3361 611 3414; x_wconf 84' lang='lat' dir='ltr'><strong>vindicta</strong></span> <span class='ocrx_word' id='word_1_375' title='bbox 639 3365 887 3429; x_wconf 76' lang='lat' dir='ltr'><strong>parentis,</strong></span> <span class='ocrx_word' id='word_1_376' title='bbox 928 3381 1087 3418; x_wconf 91' lang='lat' dir='ltr'><strong>unum</strong></span> <span class='ocrx_word' id='word_1_377' title='bbox 1114 3382 1328 3432; x_wconf 89' lang='lat' dir='ltr'><strong>annum,</strong></span> <span class='ocrx_word' id='word_1_378' title='bbox 1355 3377 1408 3422; x_wconf 92' lang='lat' dir='ltr'><strong>et</strong></span> <span class='ocrx_word' id='word_1_379' title='bbox 1437 3372 1700 3437; x_wconf 87' lang='lat' dir='ltr'><strong>sequenti-</strong></span> 
     </span>
    </p>
   </div>
   <div class='ocr_carea' id='block_1_52' title="bbox 187 3445 1699 3527">
    <p class='ocr_par' dir='ltr' id='par_1_52' title="bbox 187 3445 1699 3527">
     <span class='ocr_line' id='line_1_52' title="bbox 187 3445 1699 3527; baseline 0.011 -30"><span class='ocrx_word' id='word_1_380' title='bbox 187 3445 281 3498; x_wconf 83' lang='lat' dir='ltr'><strong>bus</strong></span> <span class='ocrx_word' id='word_1_381' title='bbox 318 3448 521 3501; x_wconf 89' lang='lat' dir='ltr'><strong>duobus</strong></span> <span class='ocrx_word' id='word_1_382' title='bbox 562 3451 713 3502; x_wconf 87' lang='lat' dir='ltr'><strong>annis</strong></span> <span class='ocrx_word' id='word_1_383' title='bbox 753 3460 859 3505; x_wconf 84' lang='lat' dir='ltr'><strong>tres</strong></span> <span class='ocrx_word' id='word_1_384' title='bbox 904 3456 1324 3523; x_wconf 86' lang='lat' dir='ltr'><strong>quadragesimas</strong></span> <span class='ocrx_word' id='word_1_385' title='bbox 1367 3469 1418 3511; x_wconf 91' lang='lat' dir='ltr'><strong>et</strong></span> <span class='ocrx_word' id='word_1_386' title='bbox 1441 3460 1699 3527; x_wconf 85' lang='lat' dir='ltr'><strong>legitimas</strong></span> 
     </span>
    </p>
   </div>
   <div class='ocr_carea' id='block_1_53' title="bbox 189 3531 1698 3612">
    <p class='ocr_par' dir='ltr' id='par_1_53' title="bbox 189 3531 1698 3612">
     <span class='ocr_line' id='line_1_53' title="bbox 189 3531 1698 3612; baseline 0.013 -28"><span class='ocrx_word' id='word_1_387' title='bbox 189 3531 365 3587; x_wconf 82' lang='lat' dir='ltr'><strong>ferias.</strong></span> <span class='ocrx_word' id='word_1_388' title='bbox 395 3534 452 3587; x_wconf 92' lang='lat' dir='ltr'><strong>Si</strong></span> <span class='ocrx_word' id='word_1_389' title='bbox 491 3536 545 3588; x_wconf 91' lang='lat' dir='ltr'><strong>in</strong></span> <span class='ocrx_word' id='word_1_390' title='bbox 570 3537 724 3602; x_wconf 87' lang='lat' dir='ltr'><strong>bello,</strong></span> <span class='ocrx_word' id='word_1_391' title='bbox 753 3541 1091 3610; x_wconf 83' lang='lat' dir='ltr'><strong>quadraginta</strong></span> <span class='ocrx_word' id='word_1_392' title='bbox 1120 3546 1249 3597; x_wconf 89' lang='lat' dir='ltr'><strong>dies.</strong></span> <span class='ocrx_word' id='word_1_393' title='bbox 1294 3547 1346 3598; x_wconf 90' lang='lat' dir='ltr'><strong>Si</strong></span> <span class='ocrx_word' id='word_1_394' title='bbox 1371 3548 1502 3601; x_wconf 91' lang='lat' dir='ltr'><strong>liber</strong></span> <span class='ocrx_word' id='word_1_395' title='bbox 1540 3564 1617 3612; x_wconf 89' lang='lat' dir='ltr'><strong>es,</strong></span> <span class='ocrx_word' id='word_1_396' title='bbox 1646 3559 1698 3603; x_wconf 88' lang='lat' dir='ltr'><strong>et</strong></span> 
     </span>
    </p>
   </div>
   <div class='ocr_carea' id='block_1_54' title="bbox 181 3620 1698 3702">
    <p class='ocr_par' dir='ltr' id='par_1_54' title="bbox 181 3620 1698 3702">
     <span class='ocr_line' id='line_1_54' title="bbox 181 3620 1698 3702; baseline 0.013 -31"><span class='ocrx_word' id='word_1_397' title='bbox 181 3620 394 3688; x_wconf 87' lang='lat' dir='ltr'><strong>jubente</strong></span> <span class='ocrx_word' id='word_1_398' title='bbox 421 3623 629 3678; x_wconf 88' lang='lat' dir='ltr'><strong>domino</strong></span> <span class='ocrx_word' id='word_1_399' title='bbox 667 3641 874 3681; x_wconf 89' lang='lat' dir='ltr'><strong>servum</strong></span> <span class='ocrx_word' id='word_1_400' title='bbox 909 3632 1166 3696; x_wconf 80' lang='lat' dir='ltr'><strong>occidisti,</strong></span> <span class='ocrx_word' id='word_1_401' title='bbox 1194 3650 1387 3688; x_wconf 89' lang='lat' dir='ltr'><strong>annum</strong></span> <span class='ocrx_word' id='word_1_402' title='bbox 1435 3652 1614 3702; x_wconf 89' lang='lat' dir='ltr'><strong>unum,</strong></span> <span class='ocrx_word' id='word_1_403' title='bbox 1645 3639 1698 3690; x_wconf 90' lang='lat' dir='ltr'><strong>in</strong></span> 
     </span>
    </p>
   </div>
   <div class='ocr_carea' id='block_1_55' title="bbox 188 3707 1697 3789">
    <p class='ocr_par' dir='ltr' id='par_1_55' title="bbox 188 3707 1697 3789">
     <span class='ocr_line' id='line_1_55' title="bbox 188 3707 1697 3789; baseline 0.014 -32"><span class='ocrx_word' id='word_1_404' title='bbox 188 3707 387 3761; x_wconf 89' lang='lat' dir='ltr'><strong>duobus</strong></span> <span class='ocrx_word' id='word_1_405' title='bbox 425 3709 542 3764; x_wconf 91' lang='lat' dir='ltr'><strong>aliis</strong></span> <span class='ocrx_word' id='word_1_406' title='bbox 574 3712 723 3765; x_wconf 90' lang='lat' dir='ltr'><strong>annis</strong></span> <span class='ocrx_word' id='word_1_407' title='bbox 766 3720 872 3766; x_wconf 88' lang='lat' dir='ltr'><strong>tres</strong></span> <span class='ocrx_word' id='word_1_408' title='bbox 895 3717 1321 3784; x_wconf 84' lang='lat' dir='ltr'><strong>quadragesimas</strong></span> <span class='ocrx_word' id='word_1_409' title='bbox 1345 3731 1398 3775; x_wconf 89' lang='lat' dir='ltr'><strong>et</strong></span> <span class='ocrx_word' id='word_1_410' title='bbox 1440 3723 1697 3789; x_wconf 84' lang='lat' dir='ltr'><strong>legitimas</strong></span> 
     </span>
    </p>
   </div>
   <div class='ocr_carea' id='block_1_56' title="bbox 186 3791 1696 3875">
    <p class='ocr_par' dir='ltr' id='par_1_56' title="bbox 186 3791 1696 3875">
     <span class='ocr_line' id='line_1_56' title="bbox 186 3791 1696 3875; baseline 0.015 -33"><span class='ocrx_word' id='word_1_411' title='bbox 186 3791 361 3846; x_wconf 83' lang='lat' dir='ltr'><strong>ferias.</strong></span> <span class='ocrx_word' id='word_1_412' title='bbox 393 3793 450 3847; x_wconf 90' lang='lat' dir='ltr'><strong>Si</strong></span> <span class='ocrx_word' id='word_1_413' title='bbox 473 3810 656 3850; x_wconf 89' lang='lat' dir='ltr'><strong>servus</strong></span> <span class='ocrx_word' id='word_1_414' title='bbox 679 3798 864 3864; x_wconf 83' lang='lat' dir='ltr'><strong>dignus</strong></span> <span class='ocrx_word' id='word_1_415' title='bbox 889 3809 969 3853; x_wconf 89' lang='lat' dir='ltr'><strong>est</strong></span> <span class='ocrx_word' id='word_1_416' title='bbox 991 3812 1175 3865; x_wconf 88' lang='lat' dir='ltr'><strong>morte,</strong></span> <span class='ocrx_word' id='word_1_417' title='bbox 1219 3808 1559 3875; x_wconf 80' lang='lat' dir='ltr'><strong>quadraginta</strong></span> <span class='ocrx_word' id='word_1_418' title='bbox 1585 3810 1696 3865; x_wconf 89' lang='lat' dir='ltr'><strong>dies</strong></span> 
     </span>
    </p>
   </div>
   <div class='ocr_carea' id='block_1_57' title="bbox 188 3880 456 3943">
    <p class='ocr_par' dir='ltr' id='par_1_57' title="bbox 188 3880 456 3943">
     <span class='ocr_line' id='line_1_57' title="bbox 188 3880 456 3943; baseline 0.004 -12"><span class='ocrx_word' id='word_1_419' title='bbox 188 3880 456 3943; x_wconf 68' lang='lat' dir='ltr'><strong>pmuiteat.</strong></span> 
     </span>
    </p>
   </div>
   <div class='ocr_carea' id='block_1_58' title="bbox 171 3971 1696 4056">
    <p class='ocr_par' dir='ltr' id='par_1_58' title="bbox 171 3971 1696 4056">
     <span class='ocr_line' id='line_1_58' title="bbox 171 3971 1696 4056; baseline 0.013 -32"><span class='ocrx_word' id='word_1_420' title='bbox 171 4007 174 4011; x_wconf 61' lang='grc' dir='ltr'><strong><em>η</em></strong></span> <span class='ocrx_word' id='word_1_421' title='bbox 252 3971 443 4028; x_wconf 87' lang='lat' dir='ltr'><strong>Fecisti</strong></span> <span class='ocrx_word' id='word_1_422' title='bbox 501 3977 852 4033; x_wconf 85' lang='lat' dir='ltr'><strong>truncationes</strong></span> <span class='ocrx_word' id='word_1_423' title='bbox 912 3997 1156 4037; x_wconf 89' lang='lat' dir='ltr'><strong>manuum</strong></span> <span class='ocrx_word' id='word_1_424' title='bbox 1224 3993 1313 4039; x_wconf 87' lang='lat' dir='ltr'><strong>aut</strong></span> <span class='ocrx_word' id='word_1_425' title='bbox 1358 3989 1696 4056; x_wconf 88' lang='lat' dir='ltr'><strong>pedum,.aut</strong></span> 
     </span>
    </p>
   </div>
   <div class='ocr_carea' id='block_1_59' title="bbox 186 4062 1690 4132">
    <p class='ocr_par' dir='ltr' id='par_1_59' title="bbox 186 4062 1690 4132">
     <span class='ocr_line' id='line_1_59' title="bbox 186 4062 1690 4132; baseline 0.011 -17"><span class='ocrx_word' id='word_1_426' title='bbox 186 4062 364 4116; x_wconf 87' lang='lat' dir='ltr'><strong>oculos</strong></span> <span class='ocrx_word' id='word_1_427' title='bbox 408 4064 631 4118; x_wconf 89' lang='lat' dir='ltr'><strong>hominis</strong></span> <span class='ocrx_word' id='word_1_428' title='bbox 684 4068 885 4132; x_wconf 85' lang='lat' dir='ltr'><strong>eruisti,</strong></span> <span class='ocrx_word' id='word_1_429' title='bbox 942 4079 1032 4124; x_wconf 89' lang='lat' dir='ltr'><strong>aut</strong></span> <span class='ocrx_word' id='word_1_430' title='bbox 1077 4073 1358 4128; x_wconf 87' lang='lat' dir='ltr'><strong>vulnerasti</strong></span> <span class='ocrx_word' id='word_1_431' title='bbox 1406 4078 1690 4132; x_wconf 86' lang='lat' dir='ltr'><strong>hominem.</strong></span> 
     </span>
    </p>
   </div>
   <div class='ocr_carea' id='block_1_60' title="bbox 189 4146 1693 4236">
    <p class='ocr_par' dir='ltr' id='par_1_60' title="bbox 189 4146 1693 4236">
     <span class='ocr_line' id='line_1_60' title="bbox 189 4146 1693 4236; baseline 0.015 -36"><span class='ocrx_word' id='word_1_432' title='bbox 189 4146 285 4203; x_wconf 85' lang='lat' dir='ltr'><strong>Pro</strong></span> <span class='ocrx_word' id='word_1_433' title='bbox 313 4153 641 4208; x_wconf 75' lang='lat' dir='ltr'><strong>truncatione</strong></span> <span class='ocrx_word' id='word_1_434' title='bbox 681 4170 873 4209; x_wconf 89' lang='lat' dir='ltr'><strong>annum</strong></span> <span class='ocrx_word' id='word_1_435' title='bbox 900 4174 1059 4211; x_wconf 91' lang='lat' dir='ltr'><strong>unum</strong></span> <span class='ocrx_word' id='word_1_436' title='bbox 1086 4164 1341 4227; x_wconf 85' lang='lat' dir='ltr'><strong>paenitere</strong></span> <span class='ocrx_word' id='word_1_437' title='bbox 1380 4164 1565 4232; x_wconf 89' lang='lat' dir='ltr'><strong>debes;</strong></span> <span class='ocrx_word' id='word_1_438' title='bbox 1598 4183 1693 4236; x_wconf 89' lang='lat' dir='ltr'><strong>pro</strong></span> 
     </span>
    </p>
   </div>
   <div class='ocr_carea' id='block_1_61' title="bbox 187 4238 1208 4319">
    <p class='ocr_par' dir='ltr' id='par_1_61' title="bbox 187 4238 1208 4319">
     <span class='ocr_line' id='line_1_61' title="bbox 187 4238 1208 4319; baseline 0.013 -29"><span class='ocrx_word' id='word_1_439' title='bbox 187 4238 417 4303; x_wconf 83' lang='lat' dir='ltr'><strong>vulnere,</strong></span> <span class='ocrx_word' id='word_1_440' title='bbox 441 4242 777 4310; x_wconf 69' lang='lat' dir='ltr'><strong>quadraginta</strong></span> <span class='ocrx_word' id='word_1_441' title='bbox 803 4244 913 4319; x_wconf 79' lang='lat' dir='ltr'><strong>dies</strong></span> <span class='ocrx_word' id='word_1_442' title='bbox 935 4249 1208 4314; x_wconf 74' lang='lat' dir='ltr'><strong>poeniteas.</strong></span> 
     </span>
    </p>
   </div>
   <div class='ocr_carea' id='block_1_62' title="bbox 250 4326 1688 4410">
    <p class='ocr_par' dir='ltr' id='par_1_62' title="bbox 250 4326 1688 4410">
     <span class='ocr_line' id='line_1_62' title="bbox 250 4326 1688 4410; baseline 0.015 -30"><span class='ocrx_word' id='word_1_443' title='bbox 250 4326 440 4383; x_wconf 84' lang='lat' dir='ltr'><strong>Fecisti</strong></span> <span class='ocrx_word' id='word_1_444' title='bbox 483 4330 769 4399; x_wconf 87' lang='lat' dir='ltr'><strong>perjurium</strong></span> <span class='ocrx_word' id='word_1_445' title='bbox 813 4344 904 4388; x_wconf 86' lang='lat' dir='ltr'><strong>aut</strong></span> <span class='ocrx_word' id='word_1_446' title='bbox 943 4351 1038 4404; x_wconf 89' lang='lat' dir='ltr'><strong>pro</strong></span> <span class='ocrx_word' id='word_1_447' title='bbox 1062 4340 1346 4407; x_wconf 88' lang='lat' dir='ltr'><strong>cupiditate</strong></span> <span class='ocrx_word' id='word_1_448' title='bbox 1373 4343 1567 4410; x_wconf 65' lang='lat' dir='ltr'><strong>saeculi,</strong></span> <span class='ocrx_word' id='word_1_449' title='bbox 1598 4357 1688 4401; x_wconf 88' lang='lat' dir='ltr'><strong>aut</strong></span> 
     </span>
    </p>
   </div>
   <div class='ocr_carea' id='block_1_63' title="bbox 188 4423 1689 4502">
    <p class='ocr_par' dir='ltr' id='par_1_63' title="bbox 188 4423 1689 4502">
     <span class='ocr_line' id='line_1_63' title="bbox 188 4423 1689 4502; baseline 0.015 -36"><span class='ocrx_word' id='word_1_450' title='bbox 188 4424 394 4469; x_wconf 89' lang='lat' dir='ltr'><strong>coactus</strong></span> <span class='ocrx_word' id='word_1_451' title='bbox 407 4424 459 4469; x_wconf 93' lang='lat' dir='ltr'><strong>et</strong></span> <span class='ocrx_word' id='word_1_452' title='bbox 477 4433 572 4485; x_wconf 89' lang='lat' dir='ltr'><strong>pro</strong></span> <span class='ocrx_word' id='word_1_453' title='bbox 598 4423 924 4487; x_wconf 88' lang='lat' dir='ltr'><strong>necessitate,</strong></span> <span class='ocrx_word' id='word_1_454' title='bbox 954 4434 1043 4479; x_wconf 89' lang='lat' dir='ltr'><strong>aut</strong></span> <span class='ocrx_word' id='word_1_455' title='bbox 1062 4430 1371 4496; x_wconf 89' lang='lat' dir='ltr'><strong>pervicacia,</strong></span> <span class='ocrx_word' id='word_1_456' title='bbox 1400 4441 1488 4486; x_wconf 91' lang='lat' dir='ltr'><strong>aut</strong></span> <span class='ocrx_word' id='word_1_457' title='bbox 1503 4450 1689 4502; x_wconf 89' lang='lat' dir='ltr'><strong>paren-</strong></span> 
     </span>
    </p>
   </div>
   <div class='ocr_carea' id='block_1_64' title="bbox 190 4505 1686 4581">
    <p class='ocr_par' dir='ltr' id='par_1_64' title="bbox 190 4505 1686 4581">
     <span class='ocr_line' id='line_1_64' title="bbox 190 4505 1686 4581; baseline 0.017 -32"><span class='ocrx_word' id='word_1_458' title='bbox 190 4505 313 4564; x_wconf 89' lang='lat' dir='ltr'><strong>tum,</strong></span> <span class='ocrx_word' id='word_1_459' title='bbox 340 4511 432 4554; x_wconf 90' lang='lat' dir='ltr'><strong>aut</strong></span> <span class='ocrx_word' id='word_1_460' title='bbox 472 4509 730 4570; x_wconf 88' lang='lat' dir='ltr'><strong>nesciens,</strong></span> <span class='ocrx_word' id='word_1_461' title='bbox 756 4516 845 4560; x_wconf 90' lang='lat' dir='ltr'><strong>aut</strong></span> <span class='ocrx_word' id='word_1_462' title='bbox 866 4510 993 4572; x_wconf 88' lang='lat' dir='ltr'><strong>alios</strong></span> <span class='ocrx_word' id='word_1_463' title='bbox 1017 4514 1071 4565; x_wconf 89' lang='lat' dir='ltr'><strong>in</strong></span> <span class='ocrx_word' id='word_1_464' title='bbox 1109 4514 1395 4581; x_wconf 91' lang='lat' dir='ltr'><strong>perjurium</strong></span> <span class='ocrx_word' id='word_1_465' title='bbox 1439 4520 1686 4575; x_wconf 72' lang='lat' dir='ltr'><strong>induxisti</strong></span> 
     </span>
    </p>
   </div>
   <div class='ocr_carea' id='block_1_65' title="bbox 188 4590 1686 4676">
    <p class='ocr_par' dir='ltr' id='par_1_65' title="bbox 188 4590 1686 4676">
     <span class='ocr_line' id='line_1_65' title="bbox 188 4590 1686 4676; baseline 0.014 -33"><span class='ocrx_word' id='word_1_466' title='bbox 188 4590 426 4645; x_wconf 81' lang='lat' dir='ltr'><strong>scienter.</strong></span> <span class='ocrx_word' id='word_1_467' title='bbox 474 4594 528 4647; x_wconf 88' lang='lat' dir='ltr'><strong>Si</strong></span> <span class='ocrx_word' id='word_1_468' title='bbox 565 4597 731 4650; x_wconf 88' lang='lat' dir='ltr'><strong>sciens</strong></span> <span class='ocrx_word' id='word_1_469' title='bbox 782 4597 1047 4669; x_wconf 87' lang='lat' dir='ltr'><strong>pejerasti,</strong></span> <span class='ocrx_word' id='word_1_470' title='bbox 1077 4611 1130 4657; x_wconf 93' lang='lat' dir='ltr'><strong>et</strong></span> <span class='ocrx_word' id='word_1_471' title='bbox 1166 4604 1295 4659; x_wconf 90' lang='lat' dir='ltr'><strong>alios</strong></span> <span class='ocrx_word' id='word_1_472' title='bbox 1320 4607 1371 4659; x_wconf 91' lang='lat' dir='ltr'><strong>in</strong></span> <span class='ocrx_word' id='word_1_473' title='bbox 1402 4608 1686 4676; x_wconf 89' lang='lat' dir='ltr'><strong>perjurium</strong></span> 
     </span>
    </p>
   </div>
   <div class='ocr_carea' id='block_1_66' title="bbox 189 4678 1680 4767">
    <p class='ocr_par' dir='ltr' id='par_1_66' title="bbox 189 4678 1680 4767">
     <span class='ocr_line' id='line_1_66' title="bbox 189 4678 1680 4767; baseline 0.017 -37"><span class='ocrx_word' id='word_1_474' title='bbox 189 4678 449 4746; x_wconf 81' lang='lat' dir='ltr'><strong>induxisti,</strong></span> <span class='ocrx_word' id='word_1_475' title='bbox 479 4694 674 4753; x_wconf 88' lang='lat' dir='ltr'><strong>septem</strong></span> <span class='ocrx_word' id='word_1_476' title='bbox 694 4702 857 4743; x_wconf 91' lang='lat' dir='ltr'><strong>annos</strong></span> <span class='ocrx_word' id='word_1_477' title='bbox 878 4692 1129 4758; x_wconf 69' lang='lat' dir='ltr'><strong>poenitere</strong></span> <span class='ocrx_word' id='word_1_478' title='bbox 1152 4694 1330 4750; x_wconf 87' lang='lat' dir='ltr'><strong>debes.</strong></span> <span class='ocrx_word' id='word_1_479' title='bbox 1355 4698 1409 4751; x_wconf 88' lang='lat' dir='ltr'><strong>Si</strong></span> <span class='ocrx_word' id='word_1_480' title='bbox 1426 4700 1680 4767; x_wconf 88' lang='lat' dir='ltr'><strong>nesciens,</strong></span> 
     </span>
    </p>
   </div>
   <div class='ocr_carea' id='block_1_67' title="bbox 188 4777 1064 4845">
    <p class='ocr_par' dir='ltr' id='par_1_67' title="bbox 188 4777 1064 4845">
     <span class='ocr_line' id='line_1_67' title="bbox 188 4777 1064 4845; baseline 0.017 -27"><span class='ocrx_word' id='word_1_481' title='bbox 188 4781 373 4822; x_wconf 89' lang='lat' dir='ltr'><strong>annum</strong></span> <span class='ocrx_word' id='word_1_482' title='bbox 407 4780 459 4824; x_wconf 90' lang='lat' dir='ltr'><strong>et</strong></span> <span class='ocrx_word' id='word_1_483' title='bbox 491 4781 596 4827; x_wconf 87' lang='lat' dir='ltr'><strong>tres</strong></span> <span class='ocrx_word' id='word_1_484' title='bbox 624 4777 1064 4845; x_wconf 87' lang='lat' dir='ltr'><strong>quadragesimas.</strong></span> 
     </span>
    </p>
   </div>
   <div class='ocr_carea' id='block_1_68' title="bbox 252 4855 1684 4946">
    <p class='ocr_par' dir='ltr' id='par_1_68' title="bbox 252 4855 1684 4946">
     <span class='ocr_line' id='line_1_68' title="bbox 252 4855 1684 4946; baseline 0.018 -37"><span class='ocrx_word' id='word_1_485' title='bbox 252 4855 440 4913; x_wconf 84' lang='lat' dir='ltr'><strong>Fecisti</strong></span> <span class='ocrx_word' id='word_1_486' title='bbox 482 4860 698 4928; x_wconf 89' lang='lat' dir='ltr'><strong>furtum,</strong></span> <span class='ocrx_word' id='word_1_487' title='bbox 722 4873 810 4917; x_wconf 90' lang='lat' dir='ltr'><strong>aut</strong></span> <span class='ocrx_word' id='word_1_488' title='bbox 832 4868 1182 4937; x_wconf 85' lang='lat' dir='ltr'><strong>sacrilegium,</strong></span> <span class='ocrx_word' id='word_1_489' title='bbox 1222 4882 1308 4926; x_wconf 91' lang='lat' dir='ltr'><strong>aut</strong></span> <span class='ocrx_word' id='word_1_490' title='bbox 1353 4876 1684 4946; x_wconf 89' lang='lat' dir='ltr'><strong>infracturas,</strong></span> 
     </span>
    </p>
   </div>
   <div class='ocr_carea' id='block_1_69' title="bbox 189 4944 1685 5023">
    <p class='ocr_par' dir='ltr' id='par_1_69' title="bbox 189 4944 1685 5023">
     <span class='ocr_line' id='line_1_69' title="bbox 189 4944 1685 5023; baseline 0.019 -29"><span class='ocrx_word' id='word_1_491' title='bbox 189 4944 266 4994; x_wconf 85' lang='lat' dir='ltr'><strong>vel</strong></span> <span class='ocrx_word' id='word_1_492' title='bbox 301 4948 555 5015; x_wconf 88' lang='lat' dir='ltr'><strong>rapinam,</strong></span> <span class='ocrx_word' id='word_1_493' title='bbox 584 4952 768 5007; x_wconf 89' lang='lat' dir='ltr'><strong>tollens</strong></span> <span class='ocrx_word' id='word_1_494' title='bbox 796 4957 932 5022; x_wconf 91' lang='lat' dir='ltr'><strong>quod</strong></span> <span class='ocrx_word' id='word_1_495' title='bbox 956 4966 1101 5013; x_wconf 91' lang='lat' dir='ltr'><strong>tuum</strong></span> <span class='ocrx_word' id='word_1_496' title='bbox 1131 4976 1234 5015; x_wconf 91' lang='lat' dir='ltr'><strong>non</strong></span> <span class='ocrx_word' id='word_1_497' title='bbox 1258 4972 1389 5017; x_wconf 88' lang='lat' dir='ltr'><strong>erat.</strong></span> <span class='ocrx_word' id='word_1_498' title='bbox 1424 4965 1479 5018; x_wconf 89' lang='lat' dir='ltr'><strong>Si</strong></span> <span class='ocrx_word' id='word_1_499' title='bbox 1504 4944 1685 5023; x_wconf 90' lang='lat' dir='ltr'><strong>domos</strong></span> 
     </span>
    </p>
   </div>
   <div class='ocr_carea' id='block_1_70' title="bbox 190 5038 1686 5118">
    <p class='ocr_par' dir='ltr' id='par_1_70' title="bbox 190 5038 1686 5118">
     <span class='ocr_line' id='line_1_70' title="bbox 190 5038 1686 5118; baseline 0.017 -33"><span class='ocrx_word' id='word_1_500' title='bbox 190 5044 278 5118; x_wconf 79' lang='lat' dir='ltr'><strong>per</strong></span> <span class='ocrx_word' id='word_1_501' title='bbox 301 5047 505 5090; x_wconf 90' lang='lat' dir='ltr'><strong>noctem</strong></span> <span class='ocrx_word' id='word_1_502' title='bbox 546 5038 797 5109; x_wconf 78' lang='lat' dir='ltr'><strong>infregisti</strong></span> <span class='ocrx_word' id='word_1_503' title='bbox 824 5053 877 5098; x_wconf 91' lang='lat' dir='ltr'><strong>et</strong></span> <span class='ocrx_word' id='word_1_504' title='bbox 905 5049 1254 5118; x_wconf 85' lang='lat' dir='ltr'><strong>quadrupedia</strong></span> <span class='ocrx_word' id='word_1_505' title='bbox 1284 5055 1444 5107; x_wconf 90' lang='lat' dir='ltr'><strong>tulisti</strong></span> <span class='ocrx_word' id='word_1_506' title='bbox 1475 5057 1554 5108; x_wconf 88' lang='lat' dir='ltr'><strong>vel</strong></span> <span class='ocrx_word' id='word_1_507' title='bbox 1580 5056 1686 5112; x_wconf 83' lang='lat' dir='ltr'><strong>for-</strong></span> 
     </span>
    </p>
   </div>
   <div class='ocr_carea' id='block_1_71' title="bbox 192 5117 1683 5213">
    <p class='ocr_par' dir='ltr' id='par_1_71' title="bbox 192 5117 1683 5213">
     <span class='ocr_line' id='line_1_71' title="bbox 192 5117 1683 5213; baseline 0.018 -40"><span class='ocrx_word' id='word_1_508' title='bbox 192 5117 365 5176; x_wconf 81' lang='lat' dir='ltr'><strong>tiorem</strong></span> <span class='ocrx_word' id='word_1_509' title='bbox 392 5140 601 5181; x_wconf 85' lang='lat' dir='ltr'><strong>causam</strong></span> <span class='ocrx_word' id='word_1_510' title='bbox 622 5131 876 5186; x_wconf 60' lang='lat' dir='ltr'><strong>valentem</strong></span> <span class='ocrx_word' id='word_1_511' title='bbox 906 5137 1085 5191; x_wconf 90' lang='lat' dir='ltr'><strong>solidis</strong></span> <span class='ocrx_word' id='word_1_512' title='bbox 1105 5142 1463 5213; x_wconf 89' lang='lat' dir='ltr'><strong>quadraginta,</strong></span> <span class='ocrx_word' id='word_1_513' title='bbox 1492 5160 1683 5201; x_wconf 90' lang='lat' dir='ltr'><strong>annum</strong></span> 
     </span>
    </p>
   </div>
   <div class='ocr_carea' id='block_1_72' title="bbox 191 5215 1683 5292">
    <p class='ocr_par' dir='ltr' id='par_1_72' title="bbox 191 5215 1683 5292">
     <span class='ocr_line' id='line_1_72' title="bbox 191 5215 1683 5292; baseline 0.019 -32"><span class='ocrx_word' id='word_1_514' title='bbox 191 5220 340 5264; x_wconf 86' lang='lat' dir='ltr'><strong>unum</strong></span> <span class='ocrx_word' id='word_1_515' title='bbox 363 5215 616 5280; x_wconf 72' lang='lat' dir='ltr'><strong>pmnitere</strong></span> <span class='ocrx_word' id='word_1_516' title='bbox 661 5221 817 5276; x_wconf 68' lang='grc' dir='ltr'><strong>ω..</strong></span> <span class='ocrx_word' id='word_1_517' title='bbox 857 5232 911 5276; x_wconf 89' lang='lat' dir='ltr'><strong>et</strong></span> <span class='ocrx_word' id='word_1_518' title='bbox 950 5228 1173 5292; x_wconf 84' lang='lat' dir='ltr'><strong>pretium</strong></span> <span class='ocrx_word' id='word_1_519' title='bbox 1222 5231 1453 5285; x_wconf 84' lang='lat' dir='ltr'><strong>reddere.</strong></span> <span class='ocrx_word' id='word_1_520' title='bbox 1499 5232 1553 5287; x_wconf 91' lang='lat' dir='ltr'><strong>Si</strong></span> <span class='ocrx_word' id='word_1_521' title='bbox 1583 5252 1683 5290; x_wconf 91' lang='lat' dir='ltr'><strong>non</strong></span> 
     </span>
    </p>
   </div>
   <div class='ocr_carea' id='block_1_73' title="bbox 191 5299 1682 5397">
    <p class='ocr_par' dir='ltr' id='par_1_73' title="bbox 191 5299 1682 5397">
     <span class='ocr_line' id='line_1_73' title="bbox 191 5299 1682 5397; baseline 0.025 -53"><span class='ocrx_word' id='word_1_522' title='bbox 191 5299 586 5397; x_wconf 61' lang='lat' dir='ltr'><strong>reddis,.annos</strong></span> <span class='ocrx_word' id='word_1_523' title='bbox 627 5307 754 5361; x_wconf 89' lang='lat' dir='ltr'><strong>duos</strong></span> <span class='ocrx_word' id='word_1_524' title='bbox 777 5312 1048 5377; x_wconf 73' lang='lat' dir='ltr'><strong>paenitens.</strong></span> <span class='ocrx_word' id='word_1_525' title='bbox 1098 5316 1153 5369; x_wconf 92' lang='lat' dir='ltr'><strong>Si</strong></span> <span class='ocrx_word' id='word_1_526' title='bbox 1184 5319 1429 5386; x_wconf 85' lang='lat' dir='ltr'><strong>majorem</strong></span> <span class='ocrx_word' id='word_1_527' title='bbox 1472 5320 1682 5397; x_wconf 84' lang='lat' dir='ltr'><strong>[majus]</strong></span> 
     </span>
    </p>
   </div>
   <div class='ocr_carea' id='block_1_74' title="bbox 194 5380 1684 5483">
    <p class='ocr_par' dir='ltr' id='par_1_74' title="bbox 194 5380 1684 5483">
     <span class='ocr_line' id='line_1_74' title="bbox 194 5380 1684 5483; baseline 0.024 -51"><span class='ocrx_word' id='word_1_528' title='bbox 194 5380 349 5439; x_wconf 87' lang='lat' dir='ltr'><strong>fecisti</strong></span> <span class='ocrx_word' id='word_1_529' title='bbox 372 5388 585 5456; x_wconf 87' lang='lat' dir='ltr'><strong>furtum,</strong></span> <span class='ocrx_word' id='word_1_530' title='bbox 620 5402 723 5448; x_wconf 87' lang='lat' dir='ltr'><strong>tres</strong></span> <span class='ocrx_word' id='word_1_531' title='bbox 749 5411 909 5454; x_wconf 88' lang='lat' dir='ltr'><strong>annos</strong></span> <span class='ocrx_word' id='word_1_532' title='bbox 928 5405 1176 5468; x_wconf 85' lang='lat' dir='ltr'><strong>poenitere</strong></span> <span class='ocrx_word' id='word_1_533' title='bbox 1199 5380 1371 5463; x_wconf 80' lang='lat' dir='ltr'><strong>debes.</strong></span> <span class='ocrx_word' id='word_1_534' title='bbox 1398 5380 1527 5464; x_wconf 69' lang='lat' dir='ltr'><strong>Etsi</strong></span> 
     </span>
    </p>
   </div>
   <div class='ocr_carea' id='block_1_75' title="bbox 256 5511 1677 5610">
    <p class='ocr_par' dir='ltr' id='par_1_75' title="bbox 256 5511 1677 5610">
     <span class='ocr_line' id='line_1_75' title="bbox 256 5511 1677 5610; baseline 0.023 -46"><span class='ocrx_word' id='word_1_535' title='bbox 256 5511 458 5568; x_wconf 70' lang='lat' dir='ltr'><strong>&#39;Codex</strong></span> <span class='ocrx_word' id='word_1_536' title='bbox 474 5517 1073 5589; x_wconf 36' lang='lat' dir='ltr'><strong>Rivipullqauctor.Vi:le</strong></span> <span class='ocrx_word' id='word_1_537' title='bbox 1094 5533 1292 5602; x_wconf 82' lang='lat' dir='ltr'><strong>Ruric.,</strong></span> <span class='ocrx_word' id='word_1_538' title='bbox 1308 5537 1394 5591; x_wconf 91' lang='lat' dir='ltr'><strong>lib.</strong></span> <span class='ocrx_word' id='word_1_539' title='bbox 1421 5557 1475 5602; x_wconf 86' lang='grc' dir='ltr'><strong>ιι,</strong></span> <span class='ocrx_word' id='word_1_540' title='bbox 1498 5552 1579 5610; x_wconf 89' lang='lat' dir='ltr'><strong>ep.</strong></span> <span class='ocrx_word' id='word_1_541' title='bbox 1600 5542 1677 5597; x_wconf 62' lang='grc' dir='ltr'><strong>ιε.</strong></span> 
     </span>
    </p>
   </div>
   <div class='ocr_carea' id='block_1_76' title="bbox 1799 1854 3005 1924">
    <p class='ocr_par' dir='ltr' id='par_1_76' title="bbox 1799 1854 3005 1924">
     <span class='ocr_line' id='line_1_76' title="bbox 1799 1854 3005 1924; baseline 0.007 -22"><span class='ocrx_word' id='word_1_542' title='bbox 1799 1860 2025 1916; x_wconf 88' lang='lat' dir='ltr'><strong>partum,</strong></span> <span class='ocrx_word' id='word_1_543' title='bbox 2051 1854 2389 1921; x_wconf 85' lang='lat' dir='ltr'><strong>quadraginta</strong></span> <span class='ocrx_word' id='word_1_544' title='bbox 2415 1855 2525 1908; x_wconf 89' lang='lat' dir='ltr'><strong>dies</strong></span> <span class='ocrx_word' id='word_1_545' title='bbox 2552 1857 2707 1911; x_wconf 88' lang='lat' dir='ltr'><strong>debes</strong></span> <span class='ocrx_word' id='word_1_546' title='bbox 2734 1859 3005 1924; x_wconf 60' lang='lat' dir='ltr'><strong>paenitere.</strong></span> 
     </span>
    </p>
   </div>
   <div class='ocr_carea' id='block_1_77' title="bbox 1870 1937 3312 2013">
    <p class='ocr_par' dir='ltr' id='par_1_77' title="bbox 1870 1937 3312 2013">
     <span class='ocr_line' id='line_1_77' title="bbox 1870 1937 3312 2013; baseline 0.01 -25"><span class='ocrx_word' id='word_1_547' title='bbox 1870 1937 2097 2004; x_wconf 83' lang='lat' dir='ltr'><strong>Nupsisti</strong></span> <span class='ocrx_word' id='word_1_548' title='bbox 2165 1939 2218 1991; x_wconf 89' lang='lat' dir='ltr'><strong>in</strong></span> <span class='ocrx_word' id='word_1_549' title='bbox 2263 1940 2345 1993; x_wconf 89' lang='lat' dir='ltr'><strong>die</strong></span> <span class='ocrx_word' id='word_1_550' title='bbox 2395 1940 2681 2005; x_wconf 90' lang='lat' dir='ltr'><strong>Dominico,</strong></span> <span class='ocrx_word' id='word_1_551' title='bbox 2737 1950 2843 1997; x_wconf 90' lang='lat' dir='ltr'><strong>tres</strong></span> <span class='ocrx_word' id='word_1_552' title='bbox 2888 1945 2998 1999; x_wconf 88' lang='lat' dir='ltr'><strong>dies</strong></span> <span class='ocrx_word' id='word_1_553' title='bbox 3058 1947 3312 2013; x_wconf 56' lang='lat' dir='ltr'><strong>paenitere</strong></span> 
     </span>
    </p>
   </div>
   <div class='ocr_carea' id='block_1_78' title="bbox 1801 2024 1976 2078">
    <p class='ocr_par' dir='ltr' id='par_1_78' title="bbox 1801 2024 1976 2078">
     <span class='ocr_line' id='line_1_78' title="bbox 1801 2024 1976 2078; baseline -0.011 -2"><span class='ocrx_word' id='word_1_554' title='bbox 1801 2024 1976 2078; x_wconf 80' lang='lat' dir='ltr'><strong>debes.</strong></span> 
     </span>
    </p>
   </div>
   <div class='ocr_carea' id='block_1_79' title="bbox 1865 2092 3312 2183">
    <p class='ocr_par' dir='ltr' id='par_1_79' title="bbox 1865 2092 3312 2183">
     <span class='ocr_line' id='line_1_79' title="bbox 1865 2092 3312 2183; baseline 0.01 -21"><span class='ocrx_word' id='word_1_555' title='bbox 1865 2092 2059 2164; x_wconf 67' lang='lat' dir='ltr'><strong>Fecisti</strong></span> <span class='ocrx_word' id='word_1_556' title='bbox 2105 2119 2307 2180; x_wconf 89' lang='lat' dir='ltr'><strong>raptum</strong></span> <span class='ocrx_word' id='word_1_557' title='bbox 2350 2113 2413 2167; x_wconf 92' lang='lat' dir='ltr'><strong>de</strong></span> <span class='ocrx_word' id='word_1_558' title='bbox 2439 2114 2641 2183; x_wconf 87' lang='lat' dir='ltr'><strong>virgine</strong></span> <span class='ocrx_word' id='word_1_559' title='bbox 2668 2114 2750 2168; x_wconf 88' lang='lat' dir='ltr'><strong>vel</strong></span> <span class='ocrx_word' id='word_1_560' title='bbox 2790 2116 2969 2182; x_wconf 90' lang='lat' dir='ltr'><strong>vidua,</strong></span> <span class='ocrx_word' id='word_1_561' title='bbox 2995 2126 3104 2173; x_wconf 88' lang='lat' dir='ltr'><strong>tres</strong></span> <span class='ocrx_word' id='word_1_562' title='bbox 3146 2136 3312 2176; x_wconf 88' lang='lat' dir='ltr'><strong>annos</strong></span> 
     </span>
    </p>
   </div>
   <div class='ocr_carea' id='block_1_80' title="bbox 1798 2198 2541 2275">
    <p class='ocr_par' dir='ltr' id='par_1_80' title="bbox 1798 2198 2541 2275">
     <span class='ocr_line' id='line_1_80' title="bbox 1798 2198 2541 2275; baseline 0.009 -27"><span class='ocrx_word' id='word_1_563' title='bbox 1798 2198 2053 2264; x_wconf 62' lang='lat' dir='ltr'><strong>paenitere</strong></span> <span class='ocrx_word' id='word_1_564' title='bbox 2092 2199 2265 2253; x_wconf 91' lang='lat' dir='ltr'><strong>debes.</strong></span> <span class='ocrx_word' id='word_1_565' title='bbox 2538 2272 2541 2275; x_wconf 93' lang='lat'><em>_</em></span> 
     </span>
    </p>
   </div>
   <div class='ocr_carea' id='block_1_81' title="bbox 1865 2281 3310 2362">
    <p class='ocr_par' dir='ltr' id='par_1_81' title="bbox 1865 2281 3310 2362">
     <span class='ocr_line' id='line_1_81' title="bbox 1865 2281 3310 2362; baseline 0.012 -29"><span class='ocrx_word' id='word_1_566' title='bbox 1865 2281 2056 2335; x_wconf 86' lang='lat' dir='ltr'><strong>Fecisti</strong></span> <span class='ocrx_word' id='word_1_567' title='bbox 2103 2282 2516 2351; x_wconf 88' lang='lat' dir='ltr'><strong>fornicationem,</strong></span> <span class='ocrx_word' id='word_1_568' title='bbox 2566 2290 2702 2342; x_wconf 89' lang='lat' dir='ltr'><strong>sicut</strong></span> <span class='ocrx_word' id='word_1_569' title='bbox 2737 2289 3017 2346; x_wconf 59' lang='lat' dir='ltr'><strong>Sodomitas</strong></span> <span class='ocrx_word' id='word_1_570' title='bbox 3054 2294 3310 2362; x_wconf 89' lang='lat' dir='ltr'><strong>fecerunt,</strong></span> 
     </span>
    </p>
   </div>
   <div class='ocr_carea' id='block_1_82' title="bbox 1800 2372 3312 2449">
    <p class='ocr_par' dir='ltr' id='par_1_82' title="bbox 1800 2372 3312 2449">
     <span class='ocr_line' id='line_1_82' title="bbox 1800 2372 3312 2449; baseline 0.012 -28"><span class='ocrx_word' id='word_1_571' title='bbox 1800 2384 1918 2422; x_wconf 88' lang='lat' dir='ltr'><strong>cum</strong></span> <span class='ocrx_word' id='word_1_572' title='bbox 1937 2372 2227 2436; x_wconf 88' lang='lat' dir='ltr'><strong>pecoribus,</strong></span> <span class='ocrx_word' id='word_1_573' title='bbox 2245 2382 2333 2425; x_wconf 89' lang='lat' dir='ltr'><strong>aut</strong></span> <span class='ocrx_word' id='word_1_574' title='bbox 2358 2390 2474 2427; x_wconf 91' lang='lat' dir='ltr'><strong>cum</strong></span> <span class='ocrx_word' id='word_1_575' title='bbox 2494 2384 2679 2433; x_wconf 86' lang='lat' dir='ltr'><strong>matre.</strong></span> <span class='ocrx_word' id='word_1_576' title='bbox 2699 2379 2777 2431; x_wconf 88' lang='lat' dir='ltr'><strong>vel</strong></span> <span class='ocrx_word' id='word_1_577' title='bbox 2806 2395 3000 2445; x_wconf 88' lang='lat' dir='ltr'><strong>sorore,</strong></span> <span class='ocrx_word' id='word_1_578' title='bbox 3018 2385 3312 2449; x_wconf 88' lang='lat' dir='ltr'><strong>quindecim</strong></span> 
     </span>
    </p>
   </div>
   <div class='ocr_carea' id='block_1_83' title="bbox 1798 2459 3402 2536">
    <p class='ocr_par' dir='ltr' id='par_1_83' title="bbox 1798 2459 3402 2536">
     <span class='ocr_line' id='line_1_83' title="bbox 1798 2459 3402 2536; baseline 0.009 -28"><span class='ocrx_word' id='word_1_579' title='bbox 1798 2472 1962 2511; x_wconf 83' lang='lat' dir='ltr'><strong>annos</strong></span> <span class='ocrx_word' id='word_1_580' title='bbox 1988 2459 2068 2511; x_wconf 88' lang='lat' dir='ltr'><strong>vel</strong></span> <span class='ocrx_word' id='word_1_581' title='bbox 2095 2460 2368 2514; x_wconf 90' lang='lat' dir='ltr'><strong>duodecim</strong></span> <span class='ocrx_word' id='word_1_582' title='bbox 2392 2464 2643 2529; x_wconf 74' lang='lat' dir='ltr'><strong>pmniterc</strong></span> <span class='ocrx_word' id='word_1_583' title='bbox 2664 2465 2837 2520; x_wconf 88' lang='lat' dir='ltr'><strong>debes.</strong></span> <span class='ocrx_word' id='word_1_584' title='bbox 3398 2533 3402 2536; x_wconf 35' lang='grc'>,</span> 
     </span>
    </p>
   </div>
   <div class='ocr_carea' id='block_1_84' title="bbox 1865 2542 3308 2625">
    <p class='ocr_par' dir='ltr' id='par_1_84' title="bbox 1865 2542 3308 2625">
     <span class='ocr_line' id='line_1_84' title="bbox 1865 2542 3308 2625; baseline 0.012 -32"><span class='ocrx_word' id='word_1_585' title='bbox 1865 2542 2240 2610; x_wconf 88' lang='lat' dir='ltr'><strong>Coinquinatus</strong></span> <span class='ocrx_word' id='word_1_586' title='bbox 2282 2559 2339 2598; x_wconf 88' lang='lat' dir='ltr'><strong>es</strong></span> <span class='ocrx_word' id='word_1_587' title='bbox 2359 2562 2478 2600; x_wconf 91' lang='lat' dir='ltr'><strong>cum</strong></span> <span class='ocrx_word' id='word_1_588' title='bbox 2504 2563 2664 2602; x_wconf 82' lang='lat' dir='ltr'><strong>uxore</strong></span> <span class='ocrx_word' id='word_1_589' title='bbox 2689 2558 2775 2604; x_wconf 90' lang='lat' dir='ltr'><strong>tua</strong></span> <span class='ocrx_word' id='word_1_590' title='bbox 2806 2554 2856 2605; x_wconf 90' lang='lat' dir='ltr'><strong>in</strong></span> <span class='ocrx_word' id='word_1_591' title='bbox 2892 2556 3308 2625; x_wconf 84' lang='lat' dir='ltr'><strong>quadragesima.</strong></span> 
     </span>
    </p>
   </div>
   <div class='ocr_carea' id='block_1_85' title="bbox 1800 2627 3311 2709">
    <p class='ocr_par' dir='ltr' id='par_1_85' title="bbox 1800 2627 3311 2709">
     <span class='ocr_line' id='line_1_85' title="bbox 1800 2627 3311 2709; baseline 0.013 -28"><span class='ocrx_word' id='word_1_592' title='bbox 1800 2627 1857 2681; x_wconf 91' lang='lat' dir='ltr'><strong>Si</strong></span> <span class='ocrx_word' id='word_1_593' title='bbox 1908 2631 2009 2684; x_wconf 88' lang='lat' dir='ltr'><strong>hoc</strong></span> <span class='ocrx_word' id='word_1_594' title='bbox 2052 2630 2246 2695; x_wconf 87' lang='lat' dir='ltr'><strong>fecisti,</strong></span> <span class='ocrx_word' id='word_1_595' title='bbox 2275 2648 2465 2687; x_wconf 90' lang='lat' dir='ltr'><strong>annum</strong></span> <span class='ocrx_word' id='word_1_596' title='bbox 2492 2652 2653 2691; x_wconf 90' lang='lat' dir='ltr'><strong>unum</strong></span> <span class='ocrx_word' id='word_1_597' title='bbox 2697 2643 2953 2706; x_wconf 58' lang='lat' dir='ltr'><strong>paenitere</strong></span> <span class='ocrx_word' id='word_1_598' title='bbox 2989 2647 3166 2709; x_wconf 86' lang='lat' dir='ltr'><strong>debes,</strong></span> <span class='ocrx_word' id='word_1_599' title='bbox 3221 2656 3311 2700; x_wconf 89' lang='lat' dir='ltr'><strong>aut</strong></span> 
     </span>
    </p>
   </div>
   <div class='ocr_carea' id='block_1_86' title="bbox 1799 2716 3313 2801">
    <p class='ocr_par' dir='ltr' id='par_1_86' title="bbox 1799 2716 3313 2801">
     <span class='ocr_line' id='line_1_86' title="bbox 1799 2716 3313 2801; baseline 0.015 -34"><span class='ocrx_word' id='word_1_600' title='bbox 1799 2716 1981 2783; x_wconf 88' lang='lat' dir='ltr'><strong>viginti</strong></span> <span class='ocrx_word' id='word_1_601' title='bbox 2026 2731 2115 2770; x_wconf 83' lang='lat' dir='ltr'><strong>sex</strong></span> <span class='ocrx_word' id='word_1_602' title='bbox 2157 2718 2350 2773; x_wconf 90' lang='lat' dir='ltr'><strong>solidos</strong></span> <span class='ocrx_word' id='word_1_603' title='bbox 2400 2720 2453 2773; x_wconf 91' lang='lat' dir='ltr'><strong>in</strong></span> <span class='ocrx_word' id='word_1_604' title='bbox 2478 2722 2860 2795; x_wconf 83' lang='lat' dir='ltr'><strong>eleemosynam</strong></span> <span class='ocrx_word' id='word_1_605' title='bbox 2911 2729 3056 2783; x_wconf 90' lang='lat' dir='ltr'><strong>dare.</strong></span> <span class='ocrx_word' id='word_1_606' title='bbox 3114 2733 3168 2786; x_wconf 92' lang='lat' dir='ltr'><strong>Si</strong></span> <span class='ocrx_word' id='word_1_607' title='bbox 3220 2749 3313 2801; x_wconf 88' lang='lat' dir='ltr'><strong>per</strong></span> 
     </span>
    </p>
   </div>
   <div class='ocr_carea' id='block_1_87' title="bbox 1798 2806 3148 2886">
    <p class='ocr_par' dir='ltr' id='par_1_87' title="bbox 1798 2806 3148 2886">
     <span class='ocr_line' id='line_1_87' title="bbox 1798 2806 3148 2886; baseline 0.013 -29"><span class='ocrx_word' id='word_1_608' title='bbox 1798 2806 2101 2860; x_wconf 87' lang='lat' dir='ltr'><strong>ebrietatem</strong></span> <span class='ocrx_word' id='word_1_609' title='bbox 2146 2810 2335 2872; x_wconf 91' lang='lat' dir='ltr'><strong>evenit,</strong></span> <span class='ocrx_word' id='word_1_610' title='bbox 2368 2812 2709 2882; x_wconf 87' lang='lat' dir='ltr'><strong>quadraginta</strong></span> <span class='ocrx_word' id='word_1_611' title='bbox 2738 2816 2849 2869; x_wconf 87' lang='lat' dir='ltr'><strong>dies</strong></span> <span class='ocrx_word' id='word_1_612' title='bbox 2873 2820 3148 2886; x_wconf 83' lang='lat' dir='ltr'><strong>poeniteas.</strong></span> 
     </span>
    </p>
   </div>
   <div class='ocr_carea' id='block_1_88' title="bbox 1865 2893 3311 2971">
    <p class='ocr_par' dir='ltr' id='par_1_88' title="bbox 1865 2893 3311 2971">
     <span class='ocr_line' id='line_1_88' title="bbox 1865 2893 3311 2971; baseline 0.014 -27"><span class='ocrx_word' id='word_1_613' title='bbox 1865 2893 1975 2946; x_wconf 91' lang='lat' dir='ltr'><strong>lloc</strong></span> <span class='ocrx_word' id='word_1_614' title='bbox 2001 2896 2157 2947; x_wconf 89' lang='lat' dir='ltr'><strong>etiam</strong></span> <span class='ocrx_word' id='word_1_615' title='bbox 2186 2899 2356 2950; x_wconf 90' lang='lat' dir='ltr'><strong>caveri</strong></span> <span class='ocrx_word' id='word_1_616' title='bbox 2392 2900 2564 2962; x_wconf 88' lang='lat' dir='ltr'><strong>debet,</strong></span> <span class='ocrx_word' id='word_1_617' title='bbox 2602 2910 2659 2953; x_wconf 90' lang='lat' dir='ltr'><strong>ut</strong></span> <span class='ocrx_word' id='word_1_618' title='bbox 2703 2905 2883 2971; x_wconf 80' lang='lat' dir='ltr'><strong>viginti</strong></span> <span class='ocrx_word' id='word_1_619' title='bbox 2914 2908 3024 2961; x_wconf 87' lang='lat' dir='ltr'><strong>dies</strong></span> <span class='ocrx_word' id='word_1_620' title='bbox 3052 2918 3171 2963; x_wconf 88' lang='lat' dir='ltr'><strong>ante</strong></span> <span class='ocrx_word' id='word_1_621' title='bbox 3210 2910 3311 2964; x_wconf 83' lang='lat' dir='ltr'><strong>Na-</strong></span> 
     </span>
    </p>
   </div>
   <div class='ocr_carea' id='block_1_89' title="bbox 1800 2981 3311 3055">
    <p class='ocr_par' dir='ltr' id='par_1_89' title="bbox 1800 2981 3311 3055">
     <span class='ocr_line' id='line_1_89' title="bbox 1800 2981 3311 3055; baseline 0.016 -24"><span class='ocrx_word' id='word_1_622' title='bbox 1800 2981 1904 3034; x_wconf 90' lang='lat' dir='ltr'><strong>tale</strong></span> <span class='ocrx_word' id='word_1_623' title='bbox 1956 2981 2177 3044; x_wconf 90' lang='lat' dir='ltr'><strong>Domini,</strong></span> <span class='ocrx_word' id='word_1_624' title='bbox 2218 2992 2270 3035; x_wconf 91' lang='lat' dir='ltr'><strong>et</strong></span> <span class='ocrx_word' id='word_1_625' title='bbox 2314 2985 2670 3041; x_wconf 86' lang='lat' dir='ltr'><strong>Pentecostem</strong></span> <span class='ocrx_word' id='word_1_626' title='bbox 2697 3000 2746 3043; x_wconf 90' lang='lat' dir='ltr'><strong>et</strong></span> <span class='ocrx_word' id='word_1_627' title='bbox 2773 2994 2910 3046; x_wconf 86' lang='lat' dir='ltr'><strong>omni</strong></span> <span class='ocrx_word' id='word_1_628' title='bbox 2936 2996 3019 3048; x_wconf 91' lang='lat' dir='ltr'><strong>die</strong></span> <span class='ocrx_word' id='word_1_629' title='bbox 3047 2998 3311 3055; x_wconf 88' lang='lat' dir='ltr'><strong>Dominica</strong></span> 
     </span>
    </p>
   </div>
   <div class='ocr_carea' id='block_1_90' title="bbox 1797 3073 3313 3143">
    <p class='ocr_par' dir='ltr' id='par_1_90' title="bbox 1797 3073 3313 3143">
     <span class='ocr_line' id='line_1_90' title="bbox 1797 3073 3313 3143; baseline 0.013 -19"><span class='ocrx_word' id='word_1_630' title='bbox 1797 3078 1850 3124; x_wconf 90' lang='lat' dir='ltr'><strong>et</strong></span> <span class='ocrx_word' id='word_1_631' title='bbox 1875 3079 1991 3139; x_wconf 92' lang='lat' dir='ltr'><strong>post</strong></span> <span class='ocrx_word' id='word_1_632' title='bbox 2014 3073 2403 3141; x_wconf 85' lang='lat' dir='ltr'><strong>conceptionem</strong></span> <span class='ocrx_word' id='word_1_633' title='bbox 2443 3076 2823 3132; x_wconf 77' lang='lat' dir='ltr'><strong>manifestatum</strong></span> <span class='ocrx_word' id='word_1_634' title='bbox 2848 3082 2929 3133; x_wconf 87' lang='lat' dir='ltr'><strong>vir</strong></span> <span class='ocrx_word' id='word_1_635' title='bbox 2971 3086 3232 3142; x_wconf 81' lang='lat' dir='ltr'><strong>contineat</strong></span> <span class='ocrx_word' id='word_1_636' title='bbox 3256 3104 3313 3143; x_wconf 90' lang='lat' dir='ltr'><strong>se</strong></span> 
     </span>
    </p>
   </div>
   <div class='ocr_carea' id='block_1_91' title="bbox 1796 3161 2070 3212">
    <p class='ocr_par' dir='ltr' id='par_1_91' title="bbox 1796 3161 2070 3212">
     <span class='ocr_line' id='line_1_91' title="bbox 1796 3161 2070 3212; baseline 0 -1"><span class='ocrx_word' id='word_1_637' title='bbox 1796 3161 1863 3212; x_wconf 93' lang='lat' dir='ltr'><strong>ab</strong></span> <span class='ocrx_word' id='word_1_638' title='bbox 1888 3175 2070 3212; x_wconf 71' lang='lat' dir='ltr'><strong>more.</strong></span> 
     </span>
    </p>
   </div>
   <div class='ocr_carea' id='block_1_92' title="bbox 1862 3245 3308 3326">
    <p class='ocr_par' dir='ltr' id='par_1_92' title="bbox 1862 3245 3308 3326">
     <span class='ocr_line' id='line_1_92' title="bbox 1862 3245 3308 3326; baseline 0.015 -29"><span class='ocrx_word' id='word_1_639' title='bbox 1862 3245 2047 3299; x_wconf 76' lang='lat' dir='ltr'><strong>Dixisti</strong></span> <span class='ocrx_word' id='word_1_640' title='bbox 2098 3246 2283 3302; x_wconf 89' lang='lat' dir='ltr'><strong>falsum</strong></span> <span class='ocrx_word' id='word_1_641' title='bbox 2335 3250 2689 3305; x_wconf 81' lang='lat' dir='ltr'><strong>testimonium</strong></span> <span class='ocrx_word' id='word_1_642' title='bbox 2740 3270 2835 3323; x_wconf 88' lang='lat' dir='ltr'><strong>pro</strong></span> <span class='ocrx_word' id='word_1_643' title='bbox 2881 3259 3163 3326; x_wconf 88' lang='lat' dir='ltr'><strong>cupiditate</strong></span> <span class='ocrx_word' id='word_1_644' title='bbox 3215 3274 3308 3319; x_wconf 89' lang='lat' dir='ltr'><strong>aut</strong></span> 
     </span>
    </p>
   </div>
   <div class='ocr_carea' id='block_1_93' title="bbox 1794 3333 3105 3415">
    <p class='ocr_par' dir='ltr' id='par_1_93' title="bbox 1794 3333 3105 3415">
     <span class='ocr_line' id='line_1_93' title="bbox 1794 3333 3105 3415; baseline 0.008 -30"><span class='ocrx_word' id='word_1_645' title='bbox 1794 3333 2054 3396; x_wconf 87' lang='lat' dir='ltr'><strong>nesciens,</strong></span> <span class='ocrx_word' id='word_1_646' title='bbox 2076 3350 2267 3387; x_wconf 89' lang='lat' dir='ltr'><strong>annum</strong></span> <span class='ocrx_word' id='word_1_647' title='bbox 2290 3352 2447 3390; x_wconf 87' lang='lat' dir='ltr'><strong>unum</strong></span> <span class='ocrx_word' id='word_1_648' title='bbox 2471 3342 2742 3406; x_wconf 76' lang='lat' dir='ltr'><strong>pumileas.</strong></span> <span class='ocrx_word' id='word_1_649' title='bbox 3102 3410 3105 3415; x_wconf 18' lang='grc' dir='ltr'>ί</span> 
     </span>
    </p>
   </div>
   <div class='ocr_carea' id='block_1_94' title="bbox 1860 3419 3303 3500">
    <p class='ocr_par' dir='ltr' id='par_1_94' title="bbox 1860 3419 3303 3500">
     <span class='ocr_line' id='line_1_94' title="bbox 1860 3419 3303 3500; baseline 0.016 -32"><span class='ocrx_word' id='word_1_650' title='bbox 1860 3419 2136 3471; x_wconf 83' lang='lat' dir='ltr'><strong>Tmneasti</strong></span> <span class='ocrx_word' id='word_1_651' title='bbox 2162 3422 2322 3473; x_wconf 85' lang='lat' dir='ltr'><strong>ullum</strong></span> <span class='ocrx_word' id='word_1_652' title='bbox 2348 3428 2657 3488; x_wconf 89' lang='lat' dir='ltr'><strong>membrum,</strong></span> <span class='ocrx_word' id='word_1_653' title='bbox 2694 3437 2799 3480; x_wconf 91' lang='lat' dir='ltr'><strong>tres</strong></span> <span class='ocrx_word' id='word_1_654' title='bbox 2837 3445 3003 3487; x_wconf 88' lang='lat' dir='ltr'><strong>annos</strong></span> <span class='ocrx_word' id='word_1_655' title='bbox 3032 3435 3303 3500; x_wconf 80' lang='lat' dir='ltr'><strong>pteniteas.</strong></span> 
     </span>
    </p>
   </div>
   <div class='ocr_carea' id='block_1_95' title="bbox 1860 3503 3306 3590">
    <p class='ocr_par' dir='ltr' id='par_1_95' title="bbox 1860 3503 3306 3590">
     <span class='ocr_line' id='line_1_95' title="bbox 1860 3503 3306 3590; baseline 0.016 -35"><span class='ocrx_word' id='word_1_656' title='bbox 1860 3503 2025 3558; x_wconf 80' lang='lat' dir='ltr'><strong>Odisti</strong></span> <span class='ocrx_word' id='word_1_657' title='bbox 2058 3506 2273 3560; x_wconf 81' lang='lat' dir='ltr'><strong>fratrem</strong></span> <span class='ocrx_word' id='word_1_658' title='bbox 2308 3518 2470 3562; x_wconf 91' lang='lat' dir='ltr'><strong>tuum.</strong></span> <span class='ocrx_word' id='word_1_659' title='bbox 2497 3512 2733 3576; x_wconf 84' lang='lat' dir='ltr'><strong>Quandiu</strong></span> <span class='ocrx_word' id='word_1_660' title='bbox 2765 3516 2813 3567; x_wconf 86' lang='lat' dir='ltr'><strong>in</strong></span> <span class='ocrx_word' id='word_1_661' title='bbox 2842 3517 2953 3583; x_wconf 86' lang='lat' dir='ltr'><strong>ipso</strong></span> <span class='ocrx_word' id='word_1_662' title='bbox 2979 3522 3099 3575; x_wconf 90' lang='lat' dir='ltr'><strong>odio</strong></span> <span class='ocrx_word' id='word_1_663' title='bbox 3142 3522 3306 3590; x_wconf 82' lang='lat' dir='ltr'><strong>fuisti,</strong></span> 
     </span>
    </p>
   </div>
   <div class='ocr_carea' id='block_1_96' title="bbox 1796 3596 2737 3670">
    <p class='ocr_par' dir='ltr' id='par_1_96' title="bbox 1796 3596 2737 3670">
     <span class='ocr_line' id='line_1_96' title="bbox 1796 3596 2737 3670; baseline 0.012 -25"><span class='ocrx_word' id='word_1_664' title='bbox 1796 3596 1970 3647; x_wconf 91' lang='lat' dir='ltr'><strong>tandiu</strong></span> <span class='ocrx_word' id='word_1_665' title='bbox 1998 3596 2252 3662; x_wconf 69' lang='lat' dir='ltr'><strong>paenitens</strong></span> <span class='ocrx_word' id='word_1_666' title='bbox 2280 3599 2330 3650; x_wconf 91' lang='lat' dir='ltr'><strong>in</strong></span> <span class='ocrx_word' id='word_1_667' title='bbox 2356 3614 2489 3666; x_wconf 90' lang='lat' dir='ltr'><strong>pane</strong></span> <span class='ocrx_word' id='word_1_668' title='bbox 2514 3608 2567 3654; x_wconf 90' lang='lat' dir='ltr'><strong>et</strong></span> <span class='ocrx_word' id='word_1_669' title='bbox 2586 3616 2737 3670; x_wconf 87' lang='lat' dir='ltr'><strong>aqua.</strong></span> 
     </span>
    </p>
   </div>
   <div class='ocr_carea' id='block_1_97' title="bbox 1861 3685 3301 3758">
    <p class='ocr_par' dir='ltr' id='par_1_97' title="bbox 1861 3685 3301 3758">
     <span class='ocr_line' id='line_1_97' title="bbox 1861 3685 3301 3758; baseline 0.015 -22"><span class='ocrx_word' id='word_1_670' title='bbox 1861 3685 2140 3738; x_wconf 82' lang='lat' dir='ltr'><strong>Detraxisti</strong></span> <span class='ocrx_word' id='word_1_671' title='bbox 2193 3688 2352 3740; x_wconf 90' lang='lat' dir='ltr'><strong>ullum</strong></span> <span class='ocrx_word' id='word_1_672' title='bbox 2405 3691 2667 3744; x_wconf 88' lang='lat' dir='ltr'><strong>hominem</strong></span> <span class='ocrx_word' id='word_1_673' title='bbox 2720 3695 2785 3747; x_wconf 87' lang='lat' dir='ltr'><strong>ad</strong></span> <span class='ocrx_word' id='word_1_674' title='bbox 2828 3696 3084 3752; x_wconf 88' lang='lat' dir='ltr'><strong>seniorem</strong></span> <span class='ocrx_word' id='word_1_675' title='bbox 3125 3700 3204 3755; x_wconf 89' lang='lat' dir='ltr'><strong>vel</strong></span> <span class='ocrx_word' id='word_1_676' title='bbox 3234 3704 3301 3758; x_wconf 89' lang='lat' dir='ltr'><strong>ad</strong></span> 
     </span>
    </p>
   </div>
   <div class='ocr_carea' id='block_1_98' title="bbox 1790 3775 3301 3851">
    <p class='ocr_par' dir='ltr' id='par_1_98' title="bbox 1790 3775 3301 3851">
     <span class='ocr_line' id='line_1_98' title="bbox 1790 3775 3301 3851; baseline 0.015 -29"><span class='ocrx_word' id='word_1_677' title='bbox 1790 3784 1945 3838; x_wconf 88' lang='lat' dir='ltr'><strong>pares</strong></span> <span class='ocrx_word' id='word_1_678' title='bbox 1974 3781 2185 3840; x_wconf 85' lang='lat' dir='ltr'><strong>prepter</strong></span> <span class='ocrx_word' id='word_1_679' title='bbox 2212 3775 2477 3839; x_wconf 85' lang='lat' dir='ltr'><strong>invidiam,</strong></span> <span class='ocrx_word' id='word_1_680' title='bbox 2507 3780 2849 3848; x_wconf 87' lang='lat' dir='ltr'><strong>quadraginta</strong></span> <span class='ocrx_word' id='word_1_681' title='bbox 2875 3784 2986 3837; x_wconf 89' lang='lat' dir='ltr'><strong>dies</strong></span> <span class='ocrx_word' id='word_1_682' title='bbox 3030 3789 3301 3851; x_wconf 76' lang='lat' dir='ltr'><strong>pteniteas.</strong></span> 
     </span>
    </p>
   </div>
   <div class='ocr_carea' id='block_1_99' title="bbox 1861 3860 3303 3939">
    <p class='ocr_par' dir='ltr' id='par_1_99' title="bbox 1861 3860 3303 3939">
     <span class='ocr_line' id='line_1_99' title="bbox 1861 3860 3303 3939; baseline 0.015 -29"><span class='ocrx_word' id='word_1_683' title='bbox 1861 3860 2073 3914; x_wconf 75' lang='lat' dir='ltr'><strong>Violasti</strong></span> <span class='ocrx_word' id='word_1_684' title='bbox 2101 3862 2151 3914; x_wconf 92' lang='lat' dir='ltr'><strong>in</strong></span> <span class='ocrx_word' id='word_1_685' title='bbox 2190 3862 2324 3917; x_wconf 86' lang='lat' dir='ltr'><strong>furto</strong></span> <span class='ocrx_word' id='word_1_686' title='bbox 2350 3865 2663 3937; x_wconf 87' lang='lat' dir='ltr'><strong>sepulcrum,</strong></span> <span class='ocrx_word' id='word_1_687' title='bbox 2695 3882 2861 3923; x_wconf 89' lang='lat' dir='ltr'><strong>annos</strong></span> <span class='ocrx_word' id='word_1_688' title='bbox 2881 3872 3009 3926; x_wconf 89' lang='lat' dir='ltr'><strong>duos</strong></span> <span class='ocrx_word' id='word_1_689' title='bbox 3029 3877 3303 3939; x_wconf 70' lang='lat' dir='ltr'><strong>pumileas.</strong></span> 
     </span>
    </p>
   </div>
   <div class='ocr_carea' id='block_1_100' title="bbox 1859 3948 3304 4031">
    <p class='ocr_par' dir='ltr' id='par_1_100' title="bbox 1859 3948 3304 4031">
     <span class='ocr_line' id='line_1_100' title="bbox 1859 3948 3304 4031; baseline 0.012 -30"><span class='ocrx_word' id='word_1_690' title='bbox 1859 3948 2083 4017; x_wconf 87' lang='lat' dir='ltr'><strong>Contigit</strong></span> <span class='ocrx_word' id='word_1_691' title='bbox 2113 3951 2205 4003; x_wconf 90' lang='lat' dir='ltr'><strong>tibi</strong></span> <span class='ocrx_word' id='word_1_692' title='bbox 2245 3950 2348 4004; x_wconf 91' lang='lat' dir='ltr'><strong>ulla</strong></span> <span class='ocrx_word' id='word_1_693' title='bbox 2371 3953 2680 4022; x_wconf 87' lang='lat' dir='ltr'><strong>negligentia</strong></span> <span class='ocrx_word' id='word_1_694' title='bbox 2705 3956 2769 4010; x_wconf 90' lang='lat' dir='ltr'><strong>de</strong></span> <span class='ocrx_word' id='word_1_695' title='bbox 2794 3959 3049 4014; x_wconf 83' lang='lat' dir='ltr'><strong>sacriﬁcio</strong></span> <span class='ocrx_word' id='word_1_696' title='bbox 3075 3960 3304 4031; x_wconf 89' lang='lat' dir='ltr'><strong>Domini,</strong></span> 
     </span>
    </p>
   </div>
   <div class='ocr_carea' id='block_1_101' title="bbox 1791 4038 2793 4110">
    <p class='ocr_par' dir='ltr' id='par_1_101' title="bbox 1791 4038 2793 4110">
     <span class='ocr_line' id='line_1_101' title="bbox 1791 4038 2793 4110; baseline 0.01 -23"><span class='ocrx_word' id='word_1_697' title='bbox 1791 4044 1997 4088; x_wconf 80' lang='lat' dir='ltr'><strong>centum</strong></span> <span class='ocrx_word' id='word_1_698' title='bbox 2026 4038 2367 4105; x_wconf 82' lang='lat' dir='ltr'><strong>quadraginta</strong></span> <span class='ocrx_word' id='word_1_699' title='bbox 2389 4041 2497 4094; x_wconf 90' lang='lat' dir='ltr'><strong>dies</strong></span> <span class='ocrx_word' id='word_1_700' title='bbox 2519 4043 2793 4110; x_wconf 73' lang='lat' dir='ltr'><strong>pumileas.</strong></span> 
     </span>
    </p>
   </div>
   <div class='ocr_carea' id='block_1_102' title="bbox 1857 4123 3304 4204">
    <p class='ocr_par' dir='ltr' id='par_1_102' title="bbox 1857 4123 3304 4204">
     <span class='ocr_line' id='line_1_102' title="bbox 1857 4123 3304 4204; baseline 0.012 -27"><span class='ocrx_word' id='word_1_701' title='bbox 1857 4123 2172 4177; x_wconf 89' lang='lat' dir='ltr'><strong>Consuluisti</strong></span> <span class='ocrx_word' id='word_1_702' title='bbox 2198 4141 2396 4194; x_wconf 87' lang='lat' dir='ltr'><strong>magos,</strong></span> <span class='ocrx_word' id='word_1_703' title='bbox 2433 4136 2523 4181; x_wconf 90' lang='lat' dir='ltr'><strong>aut</strong></span> <span class='ocrx_word' id='word_1_704' title='bbox 2551 4132 2835 4197; x_wconf 85' lang='lat' dir='ltr'><strong>aruspices,</strong></span> <span class='ocrx_word' id='word_1_705' title='bbox 2868 4142 2959 4187; x_wconf 91' lang='lat' dir='ltr'><strong>aut</strong></span> <span class='ocrx_word' id='word_1_706' title='bbox 2986 4135 3304 4204; x_wconf 84' lang='lat' dir='ltr'><strong>incantores,</strong></span> 
     </span>
    </p>
   </div>
   <div class='ocr_carea' id='block_1_103' title="bbox 1789 4209 3304 4282">
    <p class='ocr_par' dir='ltr' id='par_1_103' title="bbox 1789 4209 3304 4282">
     <span class='ocr_line' id='line_1_103' title="bbox 1789 4209 3304 4282; baseline 0.014 -22"><span class='ocrx_word' id='word_1_707' title='bbox 1789 4217 1878 4262; x_wconf 89' lang='lat' dir='ltr'><strong>aut</strong></span> <span class='ocrx_word' id='word_1_708' title='bbox 1915 4209 2209 4278; x_wconf 88' lang='lat' dir='ltr'><strong>sortilegos,</strong></span> <span class='ocrx_word' id='word_1_709' title='bbox 2239 4213 2323 4267; x_wconf 91' lang='lat' dir='ltr'><strong>vel</strong></span> <span class='ocrx_word' id='word_1_710' title='bbox 2348 4220 2467 4267; x_wconf 88' lang='lat' dir='ltr'><strong>vota</strong></span> <span class='ocrx_word' id='word_1_711' title='bbox 2494 4228 2609 4282; x_wconf 66' lang='lat' dir='ltr'><strong>qua:</strong></span> <span class='ocrx_word' id='word_1_712' title='bbox 2637 4217 2702 4269; x_wconf 89' lang='lat' dir='ltr'><strong>ab</strong></span> <span class='ocrx_word' id='word_1_713' title='bbox 2728 4209 2943 4274; x_wconf 82' lang='lat' dir='ltr'><strong>arbores</strong></span> <span class='ocrx_word' id='word_1_714' title='bbox 2969 4223 3048 4275; x_wconf 87' lang='lat' dir='ltr'><strong>vel</strong></span> <span class='ocrx_word' id='word_1_715' title='bbox 3089 4226 3154 4278; x_wconf 88' lang='lat' dir='ltr'><strong>ad</strong></span> <span class='ocrx_word' id='word_1_716' title='bbox 3189 4225 3304 4281; x_wconf 88' lang='lat' dir='ltr'><strong>fon-</strong></span> 
     </span>
    </p>
   </div>
   <div class='ocr_carea' id='block_1_104' title="bbox 1719 4299 2864 4382">
    <p class='ocr_par' dir='ltr' id='par_1_104' title="bbox 1719 4299 2864 4382">
     <span class='ocr_line' id='line_1_104' title="bbox 1719 4299 2864 4382; baseline 0.01 -33"><span class='ocrx_word' id='word_1_717' title='bbox 1719 4322 1764 4382; x_wconf 77' lang='grc' dir='ltr'><strong>υ</strong></span> <span class='ocrx_word' id='word_1_718' title='bbox 1789 4306 1866 4352; x_wconf 92' lang='lat' dir='ltr'><strong>tes</strong></span> <span class='ocrx_word' id='word_1_719' title='bbox 1894 4299 2023 4352; x_wconf 79' lang='lat' dir='ltr'><strong>fiunt</strong></span> <span class='ocrx_word' id='word_1_720' title='bbox 2051 4301 2259 4364; x_wconf 85' lang='lat' dir='ltr'><strong>vovisti,</strong></span> <span class='ocrx_word' id='word_1_721' title='bbox 2282 4316 2446 4356; x_wconf 89' lang='lat' dir='ltr'><strong>annos</strong></span> <span class='ocrx_word' id='word_1_722' title='bbox 2478 4313 2589 4357; x_wconf 91' lang='lat' dir='ltr'><strong>tres</strong></span> <span class='ocrx_word' id='word_1_723' title='bbox 2610 4308 2864 4371; x_wconf 73' lang='lat' dir='ltr'><strong>pumileas</strong></span> 
     </span>
    </p>
   </div>
   <div class='ocr_carea' id='block_1_105' title="bbox 1856 4386 3301 4470">
    <p class='ocr_par' dir='ltr' id='par_1_105' title="bbox 1856 4386 3301 4470">
     <span class='ocr_line' id='line_1_105' title="bbox 1856 4386 3301 4470; baseline 0.013 -32"><span class='ocrx_word' id='word_1_724' title='bbox 1856 4386 2041 4440; x_wconf 88' lang='lat' dir='ltr'><strong>Tulisti</strong></span> <span class='ocrx_word' id='word_1_725' title='bbox 2070 4387 2263 4455; x_wconf 88' lang='lat' dir='ltr'><strong>aliquid</strong></span> <span class='ocrx_word' id='word_1_726' title='bbox 2302 4391 2536 4456; x_wconf 71' lang='lat' dir='ltr'><strong>pecuniae</strong></span> <span class='ocrx_word' id='word_1_727' title='bbox 2574 4392 2638 4445; x_wconf 92' lang='lat' dir='ltr'><strong>de</strong></span> <span class='ocrx_word' id='word_1_728' title='bbox 2685 4395 2925 4449; x_wconf 87' lang='lat' dir='ltr'><strong>ecclesia.</strong></span> <span class='ocrx_word' id='word_1_729' title='bbox 2955 4398 3060 4452; x_wconf 78' lang='lat' dir='ltr'><strong>Aut</strong></span> <span class='ocrx_word' id='word_1_730' title='bbox 3096 4400 3149 4454; x_wconf 91' lang='lat' dir='ltr'><strong>in</strong></span> <span class='ocrx_word' id='word_1_731' title='bbox 3172 4416 3301 4470; x_wconf 78' lang='lat' dir='ltr'><strong>qua-</strong></span> 
     </span>
    </p>
   </div>
   <div class='ocr_carea' id='block_1_106' title="bbox 1787 4472 3022 4548">
    <p class='ocr_par' dir='ltr' id='par_1_106' title="bbox 1787 4472 3022 4548">
     <span class='ocr_line' id='line_1_106' title="bbox 1787 4472 3022 4548; baseline 0.011 -24"><span class='ocrx_word' id='word_1_732' title='bbox 1787 4472 2025 4540; x_wconf 88' lang='lat' dir='ltr'><strong>druplum</strong></span> <span class='ocrx_word' id='word_1_733' title='bbox 2053 4475 2287 4539; x_wconf 89' lang='lat' dir='ltr'><strong>restitue,</strong></span> <span class='ocrx_word' id='word_1_734' title='bbox 2313 4483 2403 4527; x_wconf 89' lang='lat' dir='ltr'><strong>aut</strong></span> <span class='ocrx_word' id='word_1_735' title='bbox 2424 4482 2531 4530; x_wconf 84' lang='lat' dir='ltr'><strong>tres</strong></span> <span class='ocrx_word' id='word_1_736' title='bbox 2553 4492 2717 4533; x_wconf 88' lang='lat' dir='ltr'><strong>annos</strong></span> <span class='ocrx_word' id='word_1_737' title='bbox 2747 4484 3022 4548; x_wconf 71' lang='lat' dir='ltr'><strong>paenitens.</strong></span> 
     </span>
    </p>
   </div>
   <div class='ocr_carea' id='block_1_107' title="bbox 1852 4578 3299 4661">
    <p class='ocr_par' dir='ltr' id='par_1_107' title="bbox 1852 4578 3299 4661">
     <span class='ocr_line' id='line_1_107' title="bbox 1852 4578 3299 4661; baseline 0.016 -30"><span class='ocrx_word' id='word_1_738' title='bbox 1852 4580 2130 4637; x_wconf 84' lang='lat' dir='ltr'><strong>Perdidisti</strong></span> <span class='ocrx_word' id='word_1_739' title='bbox 2181 4584 2408 4653; x_wconf 91' lang='lat' dir='ltr'><strong>aliquem</strong></span> <span class='ocrx_word' id='word_1_740' title='bbox 2447 4601 2539 4655; x_wconf 87' lang='lat' dir='ltr'><strong>per</strong></span> <span class='ocrx_word' id='word_1_741' title='bbox 2561 4589 2806 4657; x_wconf 89' lang='lat' dir='ltr'><strong>injustam</strong></span> <span class='ocrx_word' id='word_1_742' title='bbox 2835 4578 3143 4661; x_wconf 71' lang='lat' dir='ltr'><strong>delaturum,</strong></span> <span class='ocrx_word' id='word_1_743' title='bbox 3190 4607 3299 4657; x_wconf 88' lang='lat' dir='ltr'><strong>tres</strong></span> 
     </span>
    </p>
   </div>
   <div class='ocr_carea' id='block_1_108' title="bbox 1786 4672 2693 4738">
    <p class='ocr_par' dir='ltr' id='par_1_108' title="bbox 1786 4672 2693 4738">
     <span class='ocr_line' id='line_1_108' title="bbox 1786 4672 2693 4738; baseline 0.009 -17"><span class='ocrx_word' id='word_1_744' title='bbox 1786 4684 1948 4724; x_wconf 88' lang='lat' dir='ltr'><strong>annos</strong></span> <span class='ocrx_word' id='word_1_745' title='bbox 1972 4672 2244 4738; x_wconf 69' lang='lat' dir='ltr'><strong>pumileas.</strong></span> <span class='ocrx_word' id='word_1_746' title='bbox 2690 4700 2693 4705; x_wconf 58' lang='grc' dir='ltr'>ν</span> 
     </span>
    </p>
   </div>
   <div class='ocr_carea' id='block_1_109' title="bbox 1854 4779 3289 4864">
    <p class='ocr_par' dir='ltr' id='par_1_109' title="bbox 1854 4779 3289 4864">
     <span class='ocr_line' id='line_1_109' title="bbox 1854 4779 3289 4864; baseline 0.015 -33"><span class='ocrx_word' id='word_1_747' title='bbox 1854 4779 2056 4834; x_wconf 77' lang='lat' dir='ltr'><strong>Duxisti</strong></span> <span class='ocrx_word' id='word_1_748' title='bbox 2080 4792 2169 4835; x_wconf 91' lang='lat' dir='ltr'><strong>aut</strong></span> <span class='ocrx_word' id='word_1_749' title='bbox 2204 4785 2789 4864; x_wconf 84' lang='lat' dir='ltr'><strong>transmisistialiqnem</strong></span> <span class='ocrx_word' id='word_1_750' title='bbox 2823 4792 2874 4844; x_wconf 89' lang='lat' dir='ltr'><strong>in</strong></span> <span class='ocrx_word' id='word_1_751' title='bbox 2918 4796 3289 4863; x_wconf 88' lang='lat' dir='ltr'><strong>captivitatem,</strong></span> 
     </span>
    </p>
   </div>
   <div class='ocr_carea' id='block_1_110' title="bbox 1790 4870 2372 4936">
    <p class='ocr_par' dir='ltr' id='par_1_110' title="bbox 1790 4870 2372 4936">
     <span class='ocr_line' id='line_1_110' title="bbox 1790 4870 2372 4936; baseline 0.012 -20"><span class='ocrx_word' id='word_1_752' title='bbox 1790 4871 1894 4918; x_wconf 88' lang='lat' dir='ltr'><strong>tres</strong></span> <span class='ocrx_word' id='word_1_753' title='bbox 1913 4882 2075 4921; x_wconf 88' lang='lat' dir='ltr'><strong>annos</strong></span> <span class='ocrx_word' id='word_1_754' title='bbox 2100 4870 2372 4936; x_wconf 69' lang='lat' dir='ltr'><strong>pmniteas.</strong></span> 
     </span>
    </p>
   </div>
   <div class='ocr_carea' id='block_1_111' title="bbox 1852 4975 3290 5045">
    <p class='ocr_par' dir='ltr' id='par_1_111' title="bbox 1852 4975 3290 5045">
     <span class='ocr_line' id='line_1_111' title="bbox 1852 4975 3290 5045; baseline 0.011 -17"><span class='ocrx_word' id='word_1_755' title='bbox 1852 4975 2026 5029; x_wconf 82' lang='lat' dir='ltr'><strong>Editio</strong></span> <span class='ocrx_word' id='word_1_756' title='bbox 2063 4976 2523 5034; x_wconf 70' lang='lat' dir='ltr'><strong>Ilei&#39;mrrstadiensis</strong></span> <span class='ocrx_word' id='word_1_757' title='bbox 2579 4984 2648 5034; x_wconf 78' lang='lat' dir='ltr'><strong>ita</strong></span> <span class='ocrx_word' id='word_1_758' title='bbox 2700 4984 2845 5037; x_wconf 81' lang='lat' dir='ltr'><strong>habet</strong></span> <span class='ocrx_word' id='word_1_759' title='bbox 2898 5002 2915 5038; x_wconf 92' lang='lat'><em>:</em></span> <span class='ocrx_word' id='word_1_760' title='bbox 2965 4987 3165 5041; x_wconf 80' lang='lat' dir='ltr'><strong>Duxisti</strong></span> <span class='ocrx_word' id='word_1_761' title='bbox 3201 5001 3290 5045; x_wconf 89' lang='lat' dir='ltr'><strong>aut</strong></span> 
     </span>
    </p>
   </div>
   <div class='ocr_carea' id='block_1_112' title="bbox 1785 5064 3291 5144">
    <p class='ocr_par' dir='ltr' id='par_1_112' title="bbox 1785 5064 3291 5144">
     <span class='ocr_line' id='line_1_112' title="bbox 1785 5064 3291 5144; baseline 0.011 -30"><span class='ocrx_word' id='word_1_762' title='bbox 1785 5064 2117 5118; x_wconf 90' lang='lat' dir='ltr'><strong>transmisisti</strong></span> <span class='ocrx_word' id='word_1_763' title='bbox 2148 5066 2305 5119; x_wconf 88' lang='lat' dir='ltr'><strong>ullum</strong></span> <span class='ocrx_word' id='word_1_764' title='bbox 2344 5066 2603 5121; x_wconf 87' lang='lat' dir='ltr'><strong>hominem</strong></span> <span class='ocrx_word' id='word_1_765' title='bbox 2631 5069 2975 5124; x_wconf 86' lang='lat' dir='ltr'><strong>Christianum</strong></span> <span class='ocrx_word' id='word_1_766' title='bbox 2998 5074 3050 5125; x_wconf 91' lang='lat' dir='ltr'><strong>in</strong></span> <span class='ocrx_word' id='word_1_767' title='bbox 3077 5078 3291 5144; x_wconf 80' lang='lat' dir='ltr'><strong>captivi-</strong></span> 
     </span>
    </p>
   </div>
   <div class='ocr_carea' id='block_1_113' title="bbox 1785 5154 3290 5232">
    <p class='ocr_par' dir='ltr' id='par_1_113' title="bbox 1785 5154 3290 5232">
     <span class='ocr_line' id='line_1_113' title="bbox 1785 5154 3290 5232; baseline 0.011 -30"><span class='ocrx_word' id='word_1_768' title='bbox 1785 5159 1962 5214; x_wconf 82' lang='lat' dir='ltr'><strong>tatem,</strong></span> <span class='ocrx_word' id='word_1_769' title='bbox 1993 5161 2099 5207; x_wconf 86' lang='lat' dir='ltr'><strong>tres</strong></span> <span class='ocrx_word' id='word_1_770' title='bbox 2126 5168 2305 5207; x_wconf 82' lang='lat' dir='ltr'><strong>annos.</strong></span> <span class='ocrx_word' id='word_1_771' title='bbox 2334 5154 2659 5210; x_wconf 72' lang='lat' dir='ltr'><strong>Bura/tardus</strong></span> <span class='ocrx_word' id='word_1_772' title='bbox 2688 5160 2739 5211; x_wconf 79' lang='lat' dir='ltr'><strong>in</strong></span> <span class='ocrx_word' id='word_1_773' title='bbox 2765 5158 2893 5211; x_wconf 80' lang='lat' dir='ltr'><strong>libro</strong></span> <span class='ocrx_word' id='word_1_774' title='bbox 2924 5174 3011 5213; x_wconf 74' lang='lat' dir='ltr'><strong>xu</strong></span> <span class='ocrx_word' id='word_1_775' title='bbox 3032 5163 3183 5232; x_wconf 86' lang='lat' dir='ltr'><strong>paulo</strong></span> <span class='ocrx_word' id='word_1_776' title='bbox 3209 5166 3290 5231; x_wconf 82' lang='lat' dir='ltr'><strong>fu-</strong></span> 
     </span>
    </p>
   </div>
   <div class='ocr_carea' id='block_1_114' title="bbox 1784 5245 3291 5313">
    <p class='ocr_par' dir='ltr' id='par_1_114' title="bbox 1784 5245 3291 5313">
     <span class='ocr_line' id='line_1_114' title="bbox 1784 5245 3291 5313; baseline 0.009 -17"><span class='ocrx_word' id='word_1_777' title='bbox 1784 5245 1906 5305; x_wconf 76' lang='lat' dir='ltr'><strong>sius,</strong></span> <span class='ocrx_word' id='word_1_778' title='bbox 1940 5254 1985 5297; x_wconf 82' lang='lat' dir='ltr'><strong>et</strong></span> <span class='ocrx_word' id='word_1_779' title='bbox 2010 5261 2121 5296; x_wconf 85' lang='lat' dir='ltr'><strong>cum</strong></span> <span class='ocrx_word' id='word_1_780' title='bbox 2150 5246 2318 5313; x_wconf 80' lang='lat' dir='ltr'><strong>aliqua</strong></span> <span class='ocrx_word' id='word_1_781' title='bbox 2344 5247 2650 5300; x_wconf 79' lang='lat' dir='ltr'><strong>discrimine.</strong></span> <span class='ocrx_word' id='word_1_782' title='bbox 2689 5249 2907 5313; x_wconf 82' lang='lat' dir='ltr'><strong>Duxisti,</strong></span> <span class='ocrx_word' id='word_1_783' title='bbox 2941 5265 3031 5307; x_wconf 87' lang='lat' dir='ltr'><strong>aut</strong></span> <span class='ocrx_word' id='word_1_784' title='bbox 3051 5258 3291 5309; x_wconf 83' lang='lat' dir='ltr'><strong>transmi-</strong></span> 
     </span>
    </p>
   </div>
   <div class='ocr_carea' id='block_1_115' title="bbox 1785 5331 3291 5408">
    <p class='ocr_par' dir='ltr' id='par_1_115' title="bbox 1785 5331 3291 5408">
     <span class='ocr_line' id='line_1_115' title="bbox 1785 5331 3291 5408; baseline 0.008 -25"><span class='ocrx_word' id='word_1_785' title='bbox 1785 5331 1919 5395; x_wconf 90' lang='lat' dir='ltr'><strong>sisti,</strong></span> <span class='ocrx_word' id='word_1_786' title='bbox 1949 5331 2027 5385; x_wconf 86' lang='lat' dir='ltr'><strong>vcl</strong></span> <span class='ocrx_word' id='word_1_787' title='bbox 2068 5333 2341 5387; x_wconf 82' lang='lat' dir='ltr'><strong>vendidisti</strong></span> <span class='ocrx_word' id='word_1_788' title='bbox 2370 5334 2591 5401; x_wconf 89' lang='lat' dir='ltr'><strong>aliquem</strong></span> <span class='ocrx_word' id='word_1_789' title='bbox 2622 5337 2879 5391; x_wconf 88' lang='lat' dir='ltr'><strong>hominem</strong></span> <span class='ocrx_word' id='word_1_790' title='bbox 2929 5342 2981 5395; x_wconf 87' lang='lat' dir='ltr'><strong>in</strong></span> <span class='ocrx_word' id='word_1_791' title='bbox 3023 5342 3291 5408; x_wconf 61' lang='lat' dir='ltr'><strong>captivitao</strong></span> 
     </span>
    </p>
   </div>
   <div class='ocr_carea' id='block_1_116' title="bbox 1788 5421 3284 5499">
    <p class='ocr_par' dir='ltr' id='par_1_116' title="bbox 1788 5421 3284 5499">
     <span class='ocr_line' id='line_1_116' title="bbox 1788 5421 3284 5499; baseline 0.011 -28"><span class='ocrx_word' id='word_1_792' title='bbox 1788 5428 1908 5484; x_wconf 86' lang='lat' dir='ltr'><strong>tem,</strong></span> <span class='ocrx_word' id='word_1_793' title='bbox 1939 5421 2035 5475; x_wconf 89' lang='lat' dir='ltr'><strong>nisi</strong></span> <span class='ocrx_word' id='word_1_794' title='bbox 2057 5436 2151 5489; x_wconf 92' lang='lat' dir='ltr'><strong>pro</strong></span> <span class='ocrx_word' id='word_1_795' title='bbox 2189 5436 2314 5490; x_wconf 88' lang='lat' dir='ltr'><strong>pace</strong></span> <span class='ocrx_word' id='word_1_796' title='bbox 2337 5425 2615 5479; x_wconf 89' lang='lat' dir='ltr'><strong>communi.</strong></span> <span class='ocrx_word' id='word_1_797' title='bbox 2649 5424 2703 5479; x_wconf 89' lang='lat' dir='ltr'><strong>Si</strong></span> <span class='ocrx_word' id='word_1_798' title='bbox 2734 5426 2916 5499; x_wconf 79' lang='lat' dir='ltr'><strong>fecisti,</strong></span> <span class='ocrx_word' id='word_1_799' title='bbox 2955 5430 3111 5486; x_wconf 85' lang='lat' dir='ltr'><strong>reduc</strong></span> <span class='ocrx_word' id='word_1_800' title='bbox 3148 5446 3284 5499; x_wconf 89' lang='lat' dir='ltr'><strong>cum,</strong></span> 
     </span>
    </p>
   </div>
  </div>
