3922 6222
560 320 656 379 98⁷

1494 314 1825 370 TIIEODDRI
1862 312 2167 368 ARCHIEP.
2206 307 2735 367 CANTUAIUENSIS

3586 303 3691 357 968

559 427 603 479 si
625 423 835 495 poteris.
890 420 978 472 Sin
1008 428 1199 480 autem,
1234 420 1360 473 duos
1388 432 1551 470 annos
1595 433 1685 484 per
1707 418 1967 484 legitimas
1992 418 2065 471 fe~
2092 424 2135 480 Α
2164 415 2237 468 De
2267 391 2568 484 temporibui
2606 412 2800 495 quibus.
2821 425 2873 463 se
2913 413 3164 495 cioullinere
3208 390 3385 463 debent
3429 412 3696 480 conjugali

561 514 670 566 rius
693 510 962 581 pmuiteas.

627 592 878 652 Cremasti
910 593 1117 645 domum
1148 600 1236 643 aut
1272 604 1445 643 aream
1493 590 1723 651 alterius,
1776 600 1881 643 tres
1907 604 2070 659 annos

557 684 831 751 pumileas.

625 770 812 822 Fecisti
840 768 1088 820 vomitum
1126 781 1220 834 per
1247 767 1578 831 ebrietatem,
1619 766 1923 834 quindecim
1960 766 2071 818 dies

555 852 827 922 pmniteas.
889 853 943 905 Si
993 867 1086 922 per
1133 856 1545 916 contentionem,
1594 852 1953 924 quadraginta.
2010 852 2068 905 Si

555 943 813 1005 nesciens,
839 958 926 997 sex
956 942 1067 997 dies
1084 945 1356 1011 poeniteas.

621 1024 796 1081 Editio
848 1014 1315 1084 Helmirstadiemis
1366 1044 1384 1080 :
1433 1027 1626 1086 Fecisti
1680 1030 1930 1083 vomitum
1978 1042 2071 1097 per

550 1114 879 1180 ebrietatem,
908 1115 975 1169 is
1001 1105 1112 1170 dies
1160 1117 1434 1185 pmoiteas.
1465 1114 1520 1169 Si
1543 1131 1637 1184 per
1663 1116 2069 1179 contentionem,

551 1199 638 1253 40.
688 1198 744 1252 Si
774 1202 1034 1264 nesciens,
1066 1200 1095 1252 7
1121 1201 1234 1255 dies
1279 1202 1555 1271 paenitens.
1604 1199 1857 1256 Similitér
1878 1202 1925 1255 si
1952 1216 2073 1255 san-

551 1285 762 1353 guinem
787 1287 1094 1359 comederis.
1922 1323 1934 1335 ι

621 1369 945 1426 Mauducasti
998 1372 1271 1427 morticina
1324 1380 1416 1427 aut
1463 1371 1747 1427 dilacerata
1792 1388 1822 1427 a
1866 1373 2069 1435 bestiis,

549 1459 895 1529 quadraginta
942 1459 1055 1514 dies
1081 1463 1356 1531 pmniteas.
1387 1462 1643 1517 Similiter
1668 1462 1714 1517 si
1766 1461 2071 1529 sanguinem

548 1548 861 1603 comederis.
1220 1554 1221 1557 “
1976 1610 1980 1614 .

612 1636 798 1689 Bibisti
825 1638 889 1691 de
932 1638 1134 1705 liquore
1158 1630 1213 1692 in
1237 1655 1341 1707 quo
1369 1654 1488 1691 mus
1514 1636 1596 1694 vel
1624 1638 1842 1692 mustela
1867 1646 2070 1691 mortua

546 1723 755 1801 iuventa
796 1722 974 1787 fuerit,
1000 1726 1341 1794 quadraginta
1368 1726 1479 1779 dies
1526 1726 1796 1792 pcenlteas.

604 1807 995 1877 Contempsist‘s
1041 1811 1291 1864 indictum
1328 1810 1583 1878 jejunium
1630 1812 1682 1863 in
1728 1811 1960 1864 Ecclesia
1990 1810 2068 1863 vel

543 1894 757 1947 decreta
782 1897 1068 1960 seniorum,
1116 1897 1464 1966 quadraginta
1492 1898 1605 1951 dies
1628 1896 1903 1965 pmnitea's.
1937 1898 1992 1951 Si
2020 1898 2071 1950 in

545 1982 947 2050 quadragesima
968 2000 1127 2038 unum
1152 2000 1366 2038 annum.
2008 2028 2011 2031 -

610 2071 930 2142 Oppressisti
977 2073 1226 2128 infantem
1284 2083 1451 2138 tuum,
1501 2074 1730 2143 quinque
1768 2088 1931 2128 annos
1985 2080 2076 2127 aut

543 2168 651 2212 tres
675 2161 932 2227 pmnitere
959 2160 1136 2213 debes.

612 2234 796 2301 Bibisti
824 2248 984 2300 ullum
1012 2247 1344 2311 maleficium,
1386 2250 1440 2303 id
1466 2257 1547 2303 est
1571 2249 1780 2311 herbas,
1813 2248 1893 2302 vel
1941 2249 2072 2303 alias

541 2352 751 2400 causas,
781 2345 950 2393 utnon
971 2338 1232 2405 potuisses
1253 2337 1478 2392 infantes
1494 2339 1709 2400 habere,
1742 2347 1829 2389 aut
1851 2338 1953 2389 alio
1978 2339 2072 2389 do-

545 2427 702 2490 nasti,
732 2436 823 2480 aut
851 2428 1113 2481 hominem
1159 2443 1253 2496 per
1284 2427 1607 2481 mortiferam
1644 2429 1907 2495 potionem
1936 2427 2070 2499 occi-

541 2518 668 2571 dere
705 2516 934 2578 voluisti,
976 2523 1066 2567 aut
1094 2516 1251 2567 alium
1277 2516 1377 2567 hoc
1405 2513 1583 2567 facere
1608 2514 1850 2576 docuisti,
1881 2520 1971 2565 aut
2011 2513 2075 2565 de

542 2607 742 2660 semine
778 2606 878 2657 viri
906 2604 1125 2673 gustasti
1152 2611 1209 2655 ut
1236 2604 1286 2657 in
1318 2610 1545 2657 amorem
1576 2611 1719 2655 tuum
1764 2602 2075 2655 exardesce-

545 2702 641 2757 ret,
673 2705 763 2747 aut
802 2696 1029 2748 chrisma
1059 2695 1235 2748 bibisti
1278 2704 1368 2750 aut
1415 2696 1481 2749 ad
1534 2696 1937 2748 subvertendum
1981 2694 2075 2747 Dei

538 2784 791 2851 judicium
820 2780 969 2837 alteri
997 2785 1207 2849 dedisti,
1250 2794 1350 2840 etc.
1384 2786 1441 2840 Si
1468 2786 1589 2853 quid
1634 2784 1930 2850 hujusmodi
1951 2799 2076 2853 ope-

542 2880 689 2924 ratus
714 2886 795 2935 es,
822 2880 1021 2940 septem
1049 2888 1213 2925 annos
1251 2874 1529 2940 pmniteas.
1651 2867 1667 2948 _'
1778 2874 1783 2879 ’

612 2962 820 3016 Necasti
846 2961 1138 3014 voluntarie
1164 2969 1346 3029 partus
1372 2970 1510 3027 tuos,
1542 2964 1726 3017 decem
1768 2977 1933 3017 annos
1960 2975 2073 3032 pm—

544 3050 733 3102 niteas.
763 3049 826 3101 Et
876 3049 919 3102 si
944 3048 1109 3102 lilium
1139 3050 1219 3101 vel
1266 3049 1426 3103 tiliam
1468 3052 1722 3114 occidisti,
1774 3050 2068 3103 duodecim.

546 3140 609 3192 Et
635 3140 677 3191 si
705 3148 856 3193 utero
900 3146 1021 3193 ante
1056 3148 1388 3207 conceptum,
1423 3156 1584 3194 unum
1615 3156 1826 3194 annum.
1859 3140 1914 3193 Si
1959 3146 2080 3208 post

542 3239 869 3298 conceptum,
921 3238 1028 3283 tres
1058 3244 1241 3282 annos.
1274 3229 1328 3283 Si
1355 3238 1475 3283 tuus
1506 3230 1677 3284 infans
1701 3246 1795 3301 per
1822 3239 1963 3283 tuam
1990 3244 2079 3282 ne-

543 3318 843 3387 giigentiam
873 3320 985 3371 sine
1013 3318 1273 3385 baptismo
1298 3326 1539 3371 mortuus
1566 3327 1666 3381 est,
1697 3334 1890 3370 annum
1915 3333 2076 3370 unum

545 3406 823 3473 pueniteas,
852 3412 905 3456 et
932 3417 1191 3471 nusquam
1229 3404 1301 3456 sis
1333 3404 1445 3456 sine
1474 3403 1645 3471 aliqua
1682 3400 2006 3472 paenitentia.

610 3490 805 3543 Fecisti
851 3490 1046 3557 aliquid
1098 3489 1177 3543 vel
1225 3489 1399 3543 dixisti
1446 3490 1496 3543 in
1544 3486 1859 3558 quocunque
1921 3503 2080 3558 opere

546 3580 685 3649 quod
714 3578 931 3631 inchoas
951 3593 1046 3645 per
1066 3577 1367 3645 sortilegam
1389 3576 1467 3630 vel
1490 3579 1746 3644 magicam
1767 3586 1958 3639 artem,
1986 3592 2079 3628 an-

550 3682 675 3722 num
704 3680 863 3717 unum
890 3664 1168 3732 poeniteas.

617 3752 804 3807 Misisti
832 3750 992 3802 filium
1017 3760 1162 3802 tuum
1187 3764 1346 3818 super
1371 3757 1562 3803 tectum
1602 3758 1690 3802 aut
1716 3764 1883 3823 super.
1900 3749 2079 3803 foma-

550 3857 663 3895 cem
705 3856 802 3910 pro
847 3839 1020 3906 aliqua
1050 3839 1295 3899 sanitate,
1337 3838 1419 3889 vel
1458 3839 1733 3892 incendisti
1784 3854 1949 3908 grana
1992 3838 2083 3893 ubi

554 3938 788 3985 mortuus
817 3931 973 3982 homo
1004 3927 1191 3987 fuerat,
1220 3928 1449 3994 quinque
1476 3943 1640 3980 annos
1666 3929 1937 3996 pmoiteas.

621 4016 855 4069 Cantasti
879 4015 1113 4067 carmina
1143 4015 1401 4067 diabolica
1439 4030 1595 4082 super
1614 4024 1870 4077 mortuos,
1899 4015 2082 4083 viginti

553 4104 667 4155 dies
695 4102 970 4169 pumileas.

620 4188 845 4243 Junxisti
873 4197 925 4242 te
983 4188 1189 4243 mulieri
1240 4196 1475 4258 tempore
1519 4198 1808 4253 menstruo,
1857 4188 2086 4256 quadra-

553 4280 696 4349 ginta
724 4278 835 4331 dies
857 4278 1129 4349 pmniteas.

626 4365 855 4433 Nupsisti
888 4382 1004 4419 cum
1034 4346 1197 4418 uxore
1225 4374 1333 4427 tua,
1362 4373 1634 4432 postquam
1674 4356 1895 4433 peperit,
1934 4372 2081 4417 ante-

556 4470 714 4527 quam
743 4455 1086 4523 quadraginta
1131 4454 1242 4506 dies
1271 4453 1696 4523 adimplerentur,
1720 4452 1933 4521 triginta
1973 4452 2084 4529 dies

559 4545 833 4615 preniteas.

634 4629 1043 4684 Communicasti
1095 4628 1159 4682 de
1184 4627 1444 4682 sacrificio
1470 4627 1694 4690 Domini,
1722 4636 1774 4680 et
1799 4642 1899 4680 non
1943 4628 2089 4695 prius

567 4719 861 4773 abstinuisti
908 4719 973 4770 ab
1017 4718 1196 4771 uxoris
1222 4718 1484 4786 amplexu,
1525 4716 1753 4785 quinque
1782 4726 1871 4768 aut
1892 4723 2088 4783 septem

564 4807 764 4869 diebus,
791 4808 903 4859 dies
933 4806 1112 4873 viginti
1140 4806 1413 4875 pmniteas.

634 4893 892 4964 Operatus
914 4908 973 4946 es
997 4895 1189 4963 aliquid
1218 4895 1271 4947 in
1300 4893 1567 4947 Dominica
1594 4893 1699 4957 die,
1744 4901 1943 4961 septem
1983 4892 2092 4945 dies
2192 4938 2195 4939 ν

603 4984 841 5039 (eniteas.

603 5000 841 5039 (eniteas.

570 5000 602 5055 Ρ
637 5071 915 5124 Detraxisti
956 5046 1035 5122 vel
1071 5069 1386 5124 maledixisti
1420 5070 1642 5137 aliquem
1680 5086 1837 5125 causa
1870 5069 2088 5131 invidiae,

571 5167 769 5230 septem
794 5160 907 5213 dies
936 5161 1212 5229 pumileas.
1263 5159 1384 5214 Vide
1407 5176 1560 5229 supra
1583 5176 1694 5229 qum
1716 5171 2007 5229 sequuntur.

645 5284 671 5314 ι
702 5272 918 5337 Burch.,
947 5274 982 5325 ι.
1011 5290 1121 5337 xix,
1144 5290 1190 5327 c.
1219 5274 1301 5329 76.

644 5342 671 5379 ιι
699 5342 916 5405 Burch.,
942 5342 978 5395 1.
1007 5359 1043 5405 ι,
1070 5358 1116 5397 c.
1141 5344 1227 5396 ἤ.

648 5421 669 5448 ε
694 5409 909 5475 Burch.,
938 5411 972 5463 l.
996 5426 1070 5473 vi,
1095 5427 1142 5465 c.
1170 5412 1257 5465 52.

644 5479 670 5517 δ
709 5479 817 5551 «ιω
862 5480 1143 5551 poeniteat.
1161 5487 1220 5533 ut
1246 5480 1524 5551 homicidia
1560 5488 1747 5551 sponte
1796 5482 2095 5543 commissa,

577 5560 697 5604 cum
724 5548 833 5617 ipsa
861 5548 1059 5604 Veritas
1087 5548 1258 5604 dicat:
1292 5549 1419 5603 Mihi
1438 5548 1740 5617 vindictam,
1769 5560 1815 5604 et
1843 5565 1931 5620 ego
1959 5551 2099 5604 retri-

2747 478 2810 531 σὺ
2851 477 3108 530 uxoribus.
3182 502 3185 505 -

2574 568 2669 637 (Ex
2693 566 3036 620 Paenitentiali
3059 565 3286 633 eodem.)

2158 670 2167 681 ’
2234 681 2358 733 αλιι.
2402 694 2637 733 cccxxix.
2678 678 2938 731 Uxoratus
2974 677 3239 732 contineat
3264 691 3321 729 se
3344 676 3693 745 quadraginta

2166 769 2277 820 dies
2318 775 2438 821 ante
2476 767 2675 821 Pascha
2716 773 2770 818 et
2809 764 3169 828 Pentecosten,
3215 780 3305 818 seu
3342 774 3463 818 ante
3505 764 3695 818 Natale

2166 854 2391 918 Domini,
2419 862 2471 906 et
2491 868 2698 907 omnem
2724 853 3045 919 Dominicam
3078 861 3304 915 noctem,
3351 862 3405 906 et
3445 862 3692 919 quartam

2121 1004 2124 1012 λ
2165 949 2219 992 et
2264 949 2464 992 sextam
2520 937 2740 999 feriam,
2796 946 2850 990 et
2897 952 2925 988 ει
2970 932 3308 1005 conceptione
3355 939 3692 991 manifestata

2168 1041 2332 1093 usque
2355 1034 2471 1093 post
2498 1032 2673 1077 natam
2697 1023 2945 1077 sobolem.
2986 1023 3127 1076 Uxor
3164 1033 3281 1092 post
3315 1033 3488 1078 natam
3531 1024 3694 1077 sobo-

2166 1114 2268 1167 lem
2310 1113 2569 1167 abstineat
2610 1127 2665 1166 se
2706 1109 2772 1166 ab
2811 1113 3139 1174 Ecclesna,.si
3165 1113 3301 1169 filius
3323 1124 3418 1173 est,
3458 1115 3569 1166 dies
3596 1115 3697 1166 tri-

2147 1201 2339 1269 ginta;
2372 1200 2417 1253 si
2445 1200 2567 1261 tilia,
2596 1199 2710 1252 dies
2734 1201 3098 1269 quadraginta.
3148 1199 3331 1253 Mulier
3356 1216 3411 1253 se
3429 1200 3699 1254 abstineat

2167 1302 2195 1338 a
2222 1287 2343 1339 viro
2379 1296 2487 1339 tres
2534 1301 2741 1358 menses
2780 1294 2901 1339 ante
2943 1295 3170 1353 partum,
3218 1295 3271 1340 et
3315 1295 3437 1353 post
3477 1295 3696 1354 partum

2165 1370 2509 1439 quadraginta
2553 1370 2679 1423 dies.
2732 1369 2829 1435 Qui
2877 1379 3053 1424 autem
3093 1372 3328 1440 nupserit
3365 1362 3449 1425 bis
3483 1373 3695 1435 diebus,

2168 1457 2349 1526 viginti
2376 1456 2488 1509 dies
2519 1455 2789 1523 poeniteat.

2740 1541 2817 1597 De
2853 1539 3027 1595 eadem
3072 1559 3145 1597 re.
3490 1589 3509 1601 ι

2236 1618 2363 1683 Car.
2394 1643 2613 1683 cccxxx.
2644 1641 2669 1668 ι
2696 1627 2795 1693 Qui
2817 1631 2868 1682 in
2900 1632 3298 1700 quadragesima
3331 1640 3452 1685 ante
3488 1632 3696 1687 Pascha

2100 1703 2143 1765 Β
2168 1718 2469 1786 cognoverit
2512 1732 2727 1770 uxorem
2767 1732 2915 1769 suam
2961 1726 3015 1770 et
3057 1718 3285 1771 noluerit
3324 1719 3585 1773 abstinere
3630 1721 3701 1772 ab

2169 1819 2253 1869 ea,
2279 1792 2383 1857 uno
2395 1818 2531 1874 anno
2551 1804 2802 1869 pmniteat
2823 1802 2985 1872 [EdiL
3018 1802 3279 1856 Ilelmwsl.
3307 1820 3471 1857 annos
3496 1806 3559 1857 i5
3580 1821 3699 1871 pa:-

2171 1890 2375 1960 uiteat],
2413 1898 2503 1943 aut
2536 1890 2763 1958 pretium
2792 1905 2961 1953 suum,
2986 1890 3228 1944 videlicet
3250 1891 3432 1958 viginti
3457 1906 3549 1943 sex
3573 1892 3704 1945 soli-

2171 1978 2264 2031 dos
2284 1978 2348 2030 ad
2375 1977 2647 2031 ecclesiam
2679 1977 2886 2040 tribuat,
2928 1985 3018 2030 aut
3046 1978 3363 2046 pauperibus
3385 1979 3597 2033 dividat.
3640 1976 3700 2030 SI

2170 2080 2264 2135 per
2287 2064 2593 2118 ebrietatem
2634 2073 2689 2118 et
2727 2065 2838 2117 sine
2871 2065 3244 2118 consuetudine
3271 2066 3538 2128 acciderit,
3569 2079 3706 2132 qua-

2170 2154 2422 2222 draginta'
2435 2152 2545 2204 dies
2572 2152 2840 2220 prruiteat.

2172 2239 2320 2304 Quod
2359 2249 2476 2293 ante
2517 2239 2916 2291 communionem
2964 2238 3213 2291 abstinere
3244 2238 3384 2289 debet
3410 2254 3441 2288 ιι
3462 2237 3702 2305 conjuge.

2240 2328 2364 2382 Car.
2407 2344 2646 2383 cccxxxi.
2674 2329 2702 2366 δ
2727 2326 3099 2383 Omnishomo
3140 2336 3261 2383 ante
3299 2342 3500 2381 sacram
3550 2344 3702 2381 com-

2172 2418 2469 2470 munionem
2491 2431 2521 2471 a
2551 2417 2761 2486 propria
2785 2432 2949 2473 uxore
2984 2417 3250 2472 abstinere
3279 2416 3431 2471 debet
3454 2416 3507 2479 7,
3529 2423 3620 2467 aut
3644 2415 3703 2475 5,

2170 2511 2259 2555 aut
2282 2504 2314 2555 3
2342 2503 2472 2556 dies.

2169 2605 2236 2643 εχ
2275 2605 2375 2643 ΗΒ.
2422 2606 2461 2643 ll
2511 2606 2781 2644 REGINONIS
2818 2606 2881 2643 DE
2923 2603 3332 2644 ECCLESIASTICIS
3372 2600 3702 2642 οιεοιριιιεις.

2452 2677 2550 2739 Qui
2570 2694 2659 2743 per
2680 2677 2872 2743 [nidum
2893 2677 3144 2729 hominem
3168 2675 3420 2727 occiderit.

2503 2763 2615 2831 .(Ex
2644 2763 2991 2816 Poenitentiali
3023 2779 3127 2830 quo
3148 2761 3349 2831 supra.)

2239 2851 2363 2904 er.
2413 2867 2563 2903 xxm.
2595 2862 2616 2889 ο
2647 2851 2745 2917 Qui
2772 2867 2866 2919 pro
2892 2853 3121 2905 vindicta
3161 2850 3339 2905 fratris
3365 2858 3453 2902 aut
3480 2850 3704 2903 aliorum

2169 2950 2443 3010 parentum
2479 2941 2731 2994 occiderit
2766 2942 3051 3003 hominem,
3103 2954 3297 2992 annum
3338 2952 3497 2990 unum
3535 2938 3706 3004 pani—

2175 3038 2280 3083 teat
2300 3027 2327 3066 ἀ
2354 3036 2407 3080 et
2432 3015 2769 3094 sequentibus
2800 3025 2999 3079 duobus
3025 3034 3135 3077 tres
3156 3024 3583 3092 quadragesimae
3603 3024 3707 3076 ob-

2174 3127 2349 3175 servet
2378 3126 2432 3172 et
2457 3118 2715 3187 legitimas
2736 3115 2914 3181 ferias,
2935 3116 2988 3169 id
3007 3123 3107 3179 est,
3131 3113 3434 3175 secundam,
3459 3119 3707 3179 quartam

2174 3216 2227 3261 et
2252 3216 2453 3261 sextam
2484 3205 2689 3259 feriam.

2758 3290 2829 3342 De
2851 3291 3025 3343 eadem
3054 3306 3125 3342 re.

2766 3379 2865 3449 (Ex
2894 3377 3125 3448 eodem.)

2248 3469 2371 3523 Car.
2404 3483 2545 3521 xxxv.
2586 3466 2684 3532 Qui
2730 3481 2824 3535 per
2866 3467 2995 3519 iram
3031 3475 3086 3520 et
3121 3465 3288 3519 rixam
3311 3472 3371 3517 et
3395 3464 3712 3517 ebrietatem

2177 3558 2350 3612 subito
2405 3558 2671 3611 hominem
2733 3556 3024 3620 occiderit,
3087 3564 3313 3625 quatuor
3371 3569 3539 3609 annos
3596 3568 3714 3621 pte-

2179 3646 2361 3698 niteat.

2768 3730 2845 3784 De
2863 3732 3038 3787 eadem
3060 3748 3129 3783 re.

2774 3818 2873 3886 (Ex
2902 3817 3131 3884 eodem.)
3352 3874 3360 3890 ί

2250 3905 2375 3959 Cxp‘.
2407 3920 2528 3957 xxv.
2561 3905 2619 3958 Si
2646 3904 2763 3973 quis
2793 3906 2942 3969 liber,
2964 3904 3181 3971 iubente
3207 3904 3416 3957 domino
3446 3917 3561 3965 suo,
3592 3917 3715 3955 ser-

2184 4010 2302 4046 vum
2323 3994 2595 4055 occiderit,
2633 3993 2977 4060 quadraginta
3001 3992 3115 4044 dies
3136 3992 3406 4059 preniteat.
3436 3990 3503 4043 Et
3526 3990 3571 4043 si
3592 3991 3718 4057 quis

2182 4078 2334 4140 liber,
2354 4077 2571 4146 jubente
2592 4077 2805 4141 domino
2827 4092 2937 4139 suo,
2979 4077 3253 4131 hominem.
3274 4077 3602 4129 innocentem
3627 4089 3717 4128 oe-

2182 4167 2388 4231 ciderit,
2435 4180 2632 4220 annum
2676 4181 2839 4220 unum
2871 4167 3147 4234 paeniteat,
3189 4165 3321 4219 etin
3350 4163 3549 4224 duobus
3595 4163 3717 4217 aliis

2185 4255 2337 4310 annis
2355 4264 2460 4309 tres
2478 4256 2901 4324 quadragesimas
2922 4255 3165 4318 observet
3188 4263 3241 4307 et
3256 4254 3511 4321 legitimas
3530 4252 3712 4307 ferias.

2390 4344 2450 4399 Si
2472 4345 2655 4414 aliquis
2675 4344 2941 4397 ordinatus
2964 4345 3293 4399 homicidium
3316 4344 3504 4411 fecerit.

2531 4432 2629 4503 (Ex
2656 4432 3009 4487 Ptenitentiali
3038 4448 3142 4500 quo
3166 4432 3366 4501 supra.)

2254 4518 2380 4572 Cap.
2424 4534 2565 4573 XLVI.
2599 4530 2621 4557 ο
2653 4518 2707 4573 Si
2750 4520 2869 4588 quis
2902 4521 3174 4588 episcopus
3208 4527 3299 4576 aut
3344 4518 3531 4587 aliquis
3572 4517 3719 4573 ordi-

2188 4617 2340 4661 natus
2384 4608 2724 4662 homicidium
2769 4608 2971 4673 fecerit,
3016 4610 3195 4663 decem
3239 4623 3403 4664 annos
3439 4607 3715 4677 paeniteat,

2187 4706 2296 4750 tres
2315 4712 2379 4751 ex
2399 4697 2484 4750 his
2504 4698 2553 4749 in
2584 4711 2715 4766 pane
2738 4704 2792 4750 et
2815 4712 2968 4764 aqua.
2994 4694 3001 4701 ’

2193 4808 2250 4861 Si
2273 4809 2382 4877 quis
2404 4808 2709 4861 consenserit
2732 4808 2805 4862 vel
2825 4808 3119 4945 cgnsiliatus
3140 4808 3293 4877 fuerit
3313 4816 3366 4859 ut
3385 4808 3535 4859 homo
3557 4805 3719 4858 inter-

2883 4887 3066 4930 Ctalur.

2883 4887 3066 4930 ctalur.

2774 4992 2872 5058 (Ex
2910 4988 3137 5058 eodem.)
3540 5040 3565 5073 λ

2263 5081 2388 5135 (In.
2442 5096 2601 5135 XLVII.
2642 5080 2660 5119 ί
2694 5079 2749 5135 Si
2774 5080 2890 5147 quis
2934 5080 3005 5133 ad
3040 5078 3377 5134 homicidium
3422 5072 3722 5128 faciendun

2196 5170 2529 5231 consenserit~
2546 5177 2599 5222 et
2627 5168 2898 5223 consilium
2938 5169 3159 5232 dederit,
3198 5174 3250 5220 et
3297 5167 3494 5219 factum
3538 5161 3723 5230 fuerit,

2198 5280 2365 5331 buam.
2393 5298 2409 5328 ι
2435 5278 2576 5331 Idem
2596 5275 3138 5346 habetPaanitentiale
3160 5272 3449 5329 Romanum
3470 5285 3538 5327 ex
3556 5269 3731 5335 Thm-

2197 5349 2344 5401 doro.
2377 5347 2503 5400 Vide
2528 5360 2703 5414 supra.
3672 5356 3683 5389 ,ι

2273 5427 2294 5455 ε
2324 5415 2603 5481 Halitgar.,
2631 5414 2720 5467 lib.
2747 5429 2888 5481 vr,c.
2916 5414 2965 5470 l.

2274 5483 2293 5521 ί
2324 5483 2513 5551 llalitg.
2527 5523 2540 5549 ,
2566 5483 2697 5537 ibid.
