3922 6222
225 412 324 467 969

225 620 334 664 tres
359 622 523 661 annos
542 606 798 674 pmniteat

221 702 411 771 Siquis
444 698 870 766 consanguineum
903 714 1048 750 suum
1090 697 1327 750 occiderit
1362 706 1449 749 aut
1474 696 1737 750 seniorem.

803 784 899 851 (Ex
938 784 1166 853 eodem.)

287 877 415 930 Car.
448 892 631 930 XLVIII.
674 873 728 927 Si
756 874 874 941 quis
901 874 1194 941 proximum
1224 879 1276 924 et
1299 872 1740 940 consanguineum

898 404 1429 459 POENITENTIALE.
1470 433 1535 441 —
1567 403 1894 458 CAPITULA
1934 404 2274 461 COLLECTA
2314 408 2396 462 EX
2438 410 2683 466 FRAGM.

224 532 420 591 septem
447 531 612 572 annos
638 517 905 585 poeniteat.
944 516 1000 568 Si
1044 532 1166 569 vero
1210 532 1308 568 non
1346 516 1504 570 fuerit
1527 515 1739 577 factum,
1769 518 1814 573 Α
2032 516 2090 569 Si
2117 534 2255 570 uxori

3255 420 3355 473 970

2032 516 2090 569 Si
2117 528 2358 571 uroratus
2390 518 2625 570 ancillam
2651 521 2907 587 propriam
2930 526 3163 575 tenuerit.

1908 603 2031 658 Car.
2079 621 2268 657 cxxxv.
2305 606 2359 659 Si
2390 617 2639 660 uxoratus
2686 608 2927 661 ancillam
2974 612 3237 679 propriam
3283 592 3361 667 te?

1841 693 2028 752 nuerit,
2067 706 2260 743 annum
2288 706 2446 743 unum
2482 693 2753 758 paeniteat,
2776 694 2855 745 vel
2888 694 2938 746 iu
2964 696 3066 747 alio
3090 711 3228 751 anno
3251 706 3359 752 tres

1840 778 2267 846 quadragesimus
2296 786 2349 830 et
2376 779 2631 845 legitimas
2656 780 2830 844 ferias,
2870 790 2923 835 et
2962 784 3127 836 tribus
3162 786 3357 838 mensi-

1840 867 1935 917 bus
1964 867 2108 933 prius
2132 882 2187 919 se
2222 882 2250 919 a
2278 882 2371 919 sua
2414 868 2677 919 contineat
2715 869 2952 936 conjuge.
2980 870 3181 922 Ancilla
3210 886 3355 933 vero,

213 980 367 1018 suum
412 964 685 1026 occiderit,
734 963 913 1016 decem
958 975 1123 1013 annos
1164 960 1433 1029 paeniteat.
1490 959 1742 1013 Similiter
1837 956 1881 1006 si
1914 956 2018 1008 vim
2052 971 2204 1023 passa
2241 964 2339 1017 est,
2384 958 2724 1023 quadraginta
2772 958 2916 1020 dies;
2949 960 2993 1011 si
3031 962 3358 1014 consentiens

212 1053 256 1105 si
298 1051 417 1119 quis
460 1051 718 1104 seniorem
756 1056 812 1101 et
854 1046 1119 1100 dominum
1165 1060 1316 1099 suum
1351 1046 1469 1099 dolo
1514 1048 1739 1100 trucida-

212 1140 366 1191 verit.

277 1244 353 1297 De
375 1247 454 1297 Itis
476 1260 561 1309 qui
592 1259 682 1308 pro
715 1243 868 1296 nihilo
891 1244 1080 1295 ducunt
1108 1230 1435 1295 homicidium
1462 1244 1515 1295 in
1542 1242 1669 1295 bello

792 1322 1152 1379 perpetratum.

518 1399 611 1467 (Ex
649 1397 1000 1452 Pmuitentiali
1038 1413 1142 1465 quo
1170 1396 1371 1467 supra.)

274 1486 403 1541 Cu.
436 1503 506 1540 ιι.
564 1486 620 1539 Si
653 1487 770 1553 quis
812 1487 1078 1557 homjnem
1116 1486 1168 1538 in
1196 1485 1335 1538 bello
1361 1484 1569 1551 publico
1594 1486 1731 1538 oeci-

208 1573 365 1637 derit,
389 1574 732 1642 quadraginta
754 1574 1150 1643 digpaaniteat.

408 1664 489 1715 (De
515 1662 693 1716 clerico
724 1664 811 1732 qui
835 1664 1121 1730 proximum
1146 1679 1295 1715 suum
1322 1662 1521 1715 occidit.

768 1750 884 1816 ’(Ex
920 1750 1152 1817 eodem.)

269 1835 399 1889 Cu.
431 1853 523 1889 ur.
565 1835 619 1889 Si
666 1836 889 1889 clericus
910 1815 1249 1889 homicidium
1274 1834 1457 1889 fecerit
1476 1841 1530 1887 et
1553 1831 1730 1902 proxi-
1758 1815 1803 1872 Β

205 1937 351 1975 mum
377 1937 529 1976 suum
558 1924 812 1978 occiderit
838 1924 946 1977 odii
973 1923 1332 1987 meditatione,
1361 1924 1509 1977 exsul
1532 1931 1730 1991 septem

205 2011 357 2065 annis
378 2012 648 2079 pmniteat.

764 2098 851 2151 .De
873 2099 1159 2166 parricidis.

782 2186 887 2255 (-Ex
920 2186 1147 2253 eodem.)

178 2270 402 2335 χρη.
432 2288 548 2326 un.
607 2270 664 2325 Si
688 2273 806 2340 quis
827 2274 927 2327 hoc
954 2274 1150 2327 crimen
1174 2272 1571 2343 perpetraverit,
1617 2274 1732 2341 qui-

206 2362 323 2414 dam
358 2358 725 2427 iudicaverunt
773 2368 831 2413 ut
877 2368 1077 2428 septem
1129 2361 1282 2414 annis
1320 2360 1592 2428 paeniteat,
1647 2359 1731 2413 vel

205 2449 601 2517 quatuordecim
640 2450 1001 2516 penitentiam
1044 2448 1237 2517 egisset
1257 2439 1277 2512 ς’
1311 2449 1522 2516 quidam
1565 2463 1731 2515 usque

205 2537 268 2590 ad
308 2538 466 2590 tinem
507 2537 659 2601 vitae,
702 2538 841 2590 sicut
886 2536 1014 2591 Cain
1041 2576 1054 2601 ,
1094 2537 1183 2605 qui
1234 2538 1424 2591 similia
1465 2547 1731 2605 perpetra-

206 2624 357 2676 verit.

205 2730 277 2786 De
314 2733 510 2799 femina
548 2748 695 2801 cujus
729 2730 867 2799 filius
898 2746 988 2799 per
1025 2730 1380 2800 negligentiam
1421 2730 1598 2783 abierit
1630 2746 1729 2783 non

804 2801 1108 2869 baptizatus.

420 2889 518 2957 (Ex
539 2888 888 2943 Pmnitentlali
915 2904 1017 2957 quo
1042 2903 1219 2957 supra,
1250 2903 1366 2956 cap.
1399 2888 1506 2958 l7.)

266 2974 392 3031 Gn.
426 2960 554 3030 ιέιι.
610 2976 828 3030 Pariens
858 2975 1073 3039 femina,
1100 2974 1251 3041 cujus
1276 2974 1415 3027 filius
1445 2990 1538 3043 per
1562 2974 1727 3041 negli-

203 3066 426 3132 gentiam
454 3080 557 3119 non
583 3064 880 3132 baptizatus
908 3062 1120 3126 obierit,
1160 3076 1353 3115 annum
1378 3077 1535 3114 unum
1562 3062 1730 3128 poeni-

204 3161 327 3214 teat,
364 3160 417 3205 et
446 3166 709 3217 nunquam
741 3152 811 3204 sit
844 3151 956 3204 sine
997 3148 1171 3217 aliqua
1196 3147 1522 3215 pmnitentia.
1552 3147 1606 3199 Si
1639 3162 1729 3199 al-

205 3249 304 3292 tem
344 3256 439 3307 per
474 3239 842 3308 negligentiam
884 3238 1192 3300 sacerdotis,
1232 3237 1441 3304 require
1482 3237 1534 3288 in
1560 3236 1731 3304 primo

204 3326 373 3380 libello
397 3342 511 3394 cap.
542 3326 662 3379 129.

344 3442 345 3445 η
406 3410 477 3466 δί
498 3420 599 3480 qua
618 3410 800 3463 mulier
823 3420 1025 3479 partum
1043 3426 1192 3463 suum
1216 3419 1511 3463 excusserit.

608 3498 705 3567 (Ex
730 3498 1081 3552 Pmnitentiali
1105 3497 1333 3568 eodem.)

273 3589 396 3642 Car.
428 3602 570 3642 LXVI.
610 3586 667 3639 Si
697 3603 797 3654 qua
829 3588 1016 3639 mulier
1042 3595 1250 3653 partum
1279 3601 1429 3637 suum
1459 3593 1579 3638 ante
1604 3598 1732 3651 qua-

206 3680 442 3747 draginta
480 3679 600 3736 dies
641 3677 692 3729 in
740 3685 889 3728 utero
933 3686 1115 3742 sponte
1162 3674 1486 3741 perdiderit,
1536 3688 1730 3724 annum

208 3783 363 3819 unum
400 3767 669 3834 paeniteat.
702 3764 755 3818 Si
785 3780 909 3817 vero
948 3771 1068 3831 post
1106 3761 1446 3830 quadraginta
1475 3760 1585 3812 dies
1614 3775 1729 3812 eum

208 3859 471 3917 occiderit,
516 3864 623 3909 tres
667 3870 831 3909 annos
870 3855 1137 3922 pmniteat.
1184 3852 1243 3904 Si
1289 3865 1412 3903 vero
1456 3858 1741 3916 postquam

210 3948 466 3998 animatus
511 3942 693 4004 fuerit,
738 3956 856 3993 eum
903 3938 1224 4005 perdiderit,
1272 3936 1421 4002 quasi
1468 3934 1729 3986 homicida

210 4036 474 4101 pmniteat.
505 4030 608 4083 Sed
642 4029 801 4081 distat
841 4026 1057 4099 multum
1096 4032 1270 4075 utrum
1295 4020 1607 4088 paupercula
1630 4034 1730 4085 pro

211 4119 507 4175 difﬁcultate
538 4114 819 4175 nutriendi,
848 4121 940 4165 aut
960 4110 1240 4164 fornicaria
1261 4122 1418 4161 causa
1441 4106 1527 4169 sit,
1559 4115 1610 4157 et
1636 4120 1731 4173 pro

210 4210 287 4262 sui
320 4207 535 4262 sceleris
556 4205 757 4257 celandi
787 4201 941 4254 faciat
966 4213 1143 4252 causa.

296 4295 372 4348 De
399 4292 586 4362 femina
616 4306 727 4361 qua:
752 4290 914 4341 virum
934 4303 1024 4353 per
1048 4286 1353 4351 maleficium
1376 4283 1632 4349 interﬁcit.

481 4381 577 4449 (Ex
600 4379 779 4432 eodem
800 4373 1173 4434 Pmnitentiali,
1200 4387 1317 4439 cap.
1350 4370 1453 4439 l5.)

278 4472 398 4524 Cn.
428 4478 626 4522 Lx'xxn.
667 4466 869 4527 Mulier,
904 4465 947 4516 si
987 4464 1187 4529 aliquos
1211 4461 1465 4515 interimit
1490 4467 1601 4512 arte
1626 4472 1732 4510 ma-

210 4560 375 4620 lefica,
412 4557 464 4609 id
488 4564 569 4608 est
613 4564 708 4622 per
744 4553 987 4622 poculum
1027 4540 1248 4617 aut'per
1287 4549 1513 4617 aliquam
1544 4557 1727 4608 artem,

214 4656 406 4712 septem
428 4643 580 4696 annis
604 4644 869 4709 pteniteat.
894 4640 948 4693 Si
971 4639 1281 4709 paupercula
1311 4637 1485 4701 fuerit,
1510 4645 1734 4704 quatuor

215 4732 363 4785 annis
386 4731 652 4799 poeniteat.

218 4838 348 4904 Quid
377 4840 422 4893 si
456 4855 587 4893 unus
617 4839 893 4971 absolutus!
911 4845 956 4887 et
986 4836 1125 4915 alter
1158 4834 1420 4902 copulatus
1461 4833 1733 4886 adulterati

892 4914 1071 4955 uennt.

892 4914 1071 4955 uomit.

536 4994 635 5061 (Ex
659 4991 1012 5048 Pmnitentiali
1041 4992 1175 5043 unde
1200 4992 1398 5059 supra.)

280 5079 405 5133 Car.
430 5096 638 5134 cxxxrv.
665 5082 718 5132 Si
748 5082 885 5146 quis,
908 5093 1098 5130 vacans
1125 5093 1301 5139 uxore,
1330 5076 1509 5145 polluit
1536 5090 1591 5128 se
1616 5089 1732 5127 cum

220 5171 429 5225 alterius
456 5187 638 5235 uxore,
681 5173 829 5222 annis
874 5171 1074 5223 duobus
1098 5171 1365 5237 pazniteat.
1396 5168 1647 5219 Similiter
1672 5168 1735 5219 de

222 5256 422 5312 feminis
447 5259 844 5311 observandum.

284 5440 308 5467 ι
338 5426 551 5489 Burch.,
571 5426 607 5478 l.
632 5443 703 5486 Ix,
729 5443 774 5480 c.
800 5427 881 5481 68.

288 5496 321 5565 bi
350 5495 485 5565 idem
516 5504 607 5565 _est
647 5496 786 5565 quod
828 5510 979 5565 supra
1029 5495 1184 5548 habet
1227 5495 1493 5565 inquisitio
1532 5496 1617 5556 65.
1655 5498 1737 5553 his

226 5564 425 5615 verbis:
470 5561 1209 5615 stnitentiale’Romanum
1267 5561 1340 5615 vel
1386 5580 1414 5617 a
1464 5564 1737 5621 Theodoro

228 5631 480 5698 epismpo,
509 5637 598 5681 aut
630 5644 658 5680 a
680 5644 796 5681 von.
828 5633 1133 5698 presbytero
1158 5632 1293 5686 Beda
1321 5633 1535 5687 editum.
1558 5652 1576 5686 ι

571 5736 833 5796 ΡΑτιιοι..
878 5739 1093 5797 XCIX.

1836 1042 2013 1106 fuerit,
2041 1051 2146 1095 tres
2170 1044 2220 1095 in
2246 1059 2383 1096 anno
2407 1044 2828 1112 quadragesimus
2853 1053 2903 1097 ct
2927 1044 3181 1113 legitimas
3202 1046 3357 1099 ferias

1834 1131 2101 1197 paeniteat.

1970 1217 2028 1271 Si
2050 1218 2213 1271 laicus
2236 1234 2347 1270 cum
2369 1219 2501 1269 laico
2526 1219 2712 1285 femina
2737 1221 3017 1287 fornicatus
3043 1220 3215 1287 fuerit.

2424 1304 2519 1374 (Ex
2544 1306 2772 1375 eodem.)

1902 1390 2030 1445 CAP.
2077 1407 2285 1445 cxxxvr.
2314 1403 2337 1430 α
2364 1391 2417 1443 Si
2448 1392 2609 1444 laicus
2637 1407 2755 1445 cum
2783 1392 2912 1445 laica
2941 1393 3153 1457 femina,
3179 1396 3231 1447 id
3250 1404 3352 1456 est,

1831 1478 2052 1549 uterque
2090 1482 2356 1535 absolutus
2384 1498 2412 1536 a
2446 1482 2558 1550 lege
2586 1479 2831 1550 conjugii,
2864 1490 2971 1534 tres
2994 1498 3158 1535 annos
3184 1484 3355 1551 pomi-

1832 1578 1971 1632 tcat;
2005 1579 2058 1623 et
2097 1578 2291 1637 quanto
2320 1570 2506 1636 saepius
2548 1577 2599 1621 et
2648 1569 2993 1637 negligentius
3036 1583 3097 1621 ea
3137 1578 3353 1638 peccata

1830 1661 2226 1723 commiserunt,
2260 1668 2402 1713 tanto
2433 1660 2597 1726 magis
2623 1668 2673 1711 et
2697 1667 2898 1726 tempus
2926 1658 3146 1711 addatur
3165 1666 3218 1711 et
3241 1673 3353 1711 mo-
3383 1649 3392 1657 ’

1831 1745 1929 1799 dus
1948 1748 2284 1813 pmniteutim.

2016 1833 2091 1886 De
2118 1835 2453 1901 fornicatione
2473 1836 2783 1886 diversarum
2810 1850 3159 1902 personarum.

1829 1920 1926 1987 (Ex
1970 1920 2319 1975 Pmnitentiali
2369 1924 2602 1976 Romano
2622 1925 2669 1986 δ,
2718 1923 2977 1976 Theodori
3013 1921 3263 1991 episcopi,
3298 1930 3352 1976 et

2333 2010 2483 2063 Beda:
2508 2011 2842 2077 presbyteri.)

1807 2146 1813 2152 .
1895 2094 2020 2148 CAP.
2065 2110 2267 2149 CCXLVI.
2304 2096 2617 2148 Adolescens
2639 2098 2681 2149 si
2705 2112 2822 2149 cum
2858 2098 3059 2165 virgine
3091 2111 3349 2164 peccave-

1830 2182 1916 2245 rit,
1964 2197 2157 2235 annum
2200 2184 2467 2251 poeniteat.
2505 2184 2559 2235 Si
2590 2185 2748 2237 semel
2774 2194 2827 2237 et
2855 2184 3069 2238 fortuito
3093 2200 3240 2248 casu,
3277 2185 3352 2239 le-

1826 2269 2035 2335 vigetur
2070 2270 2117 2322 ei
2160 2271 2488 2338 pmnitentia,
2527 2280 2581 2325 et
2610 2280 2810 2340 tantum
2851 2286 3015 2340 usque
3040 2274 3118 2327 ad
3154 2288 3348 2327 annum

1826 2354 2032 2422 plenum
2060 2355 2329 2423 pmniteat.
2364 2357 2419 2409 Si
2454 2357 2587 2410 infra
2617 2354 2829 2428 triginta
2858 2376 3022 2413 annos
3050 2361 3347 2415 adolescens

1826 2440 2225 2495 fornicationem
2267 2442 2443 2505 faciat,
2478 2452 2583 2497 tres
2620 2446 3042 2513 quadragesimas
3081 2456 3135 2498 et
3176 2446 3351 2515 legiti-

1829 2548 1943 2586 mas
1970 2533 2150 2588 ferias.
2196 2534 2251 2587 Si
2288 2545 2501 2603 pr0pter
2536 2535 2637 2588 hoc
2680 2544 2947 2603 peccatum
2994 2536 3347 2589 serVitiobu-

1762 2672 1775 2691 ,
1827 2640 1983 2680 nano
2013 2624 2205 2678 addicti
2232 2634 2371 2685 sunt,
2410 2626 2756 2693 quadraginta
2801 2626 2912 2679 dies
2950 2626 3253 2694 pmniteant.
3291 2623 3345 2677 Si

1827 2720 2077 2767 uxoratus
2114 2726 2230 2766 cum
2272 2714 2472 2781 virgine
2510 2712 2796 2767 fornicatus
2824 2713 3001 2776 fuerit,
3031 2713 3161 2767 duos
3192 2726 3354 2766 annos

1827 2806 2096 2875 paeniteat,
2141 2804 2213 2855 ita
2259 2803 2484 2870 primum
2529 2804 2781 2864 omnium,
2813 2810 2870 2854 ut
2902 2818 2932 2855 a
2956 2817 3056 2855 sua
3098 2816 3153 2854 se
3187 2803 3349 2855 conti-

1827 2902 1968 2947 neat.
2002 2891 2056 2945 Si
2086 2892 2133 2945 ei
2154 2891 2501 2953 consenserit,
2549 2890 2699 2943 uxori
2739 2890 2897 2942 etiam
2923 2888 3144 2941 addatur
3171 2889 3355 2942 modus

1826 2982 2167 3052 paenitentiae.
2194 2980 2247 3033 Si
2270 2981 2435 3033 laicus
2454 2980 2716 3033 eumlaica
2743 2978 3032 3033 fornicatus
3055 2977 3231 3039 fuerit,
3248 2984 3357 3029 tres

1830 3086 1995 3125 annos
2020 3071 2303 3137 poeniteat;
2335 3077 2387 3122 et
2412 3077 2609 3135 quanto
2634 3069 2839 3136 saepius,
2869 3075 3012 3120 tanto
3037 3067 3203 3134 magis
3232 3074 3358 3119 tem-

1830 3174 1929 3227 pus
1974 3159 2211 3211 addatur.
2261 3156 2451 3208 Laicus
2498 3157 2764 3208 maculans
2792 3172 2848 3208 se
2874 3170 2991 3208 cum
3028 3154 3212 3206 ancilla
3241 3153 3354 3219 Dei,

1829 3248 1961 3300 duos
2004 3259 2169 3297 annos
2199 3243 2471 3311 pmniteat.
2516 3242 2571 3294 Si
2602 3243 2840 3311 genuerit
2865 3257 2928 3296 ex
2956 3257 3017 3295 ea
3050 3242 3235 3306 filium,
3262 3256 3361 3296 an-

1829 3348 1925 3387 nos
1953 3341 2063 3385 tres
2096 3310 2365 3400 poeniteat.
2412 3330 2467 3382 Si
2513 3331 2623 3382 sine
2664 3310 2910 3398 conjiigio
2950 3339 3047 3394 est,
3089 3340 3196 3385 tres
3222 3345 3359 3399 qua-

1828 3420 2152 3489 dragesimas
2195 3428 2249 3471 et
2296 3418 2554 3487 legitimas
2593 3416 2768 3470 ferias.
2803 3418 2857 3469 Si
2884 3418 3121 3471 canonici
3150 3426 3271 3471 sunt
3305 3425 3360 3472 et

1828 3508 2174 3570 fornicantur,
2218 3521 2408 3558 annum
2451 3522 2641 3570 unum;
2679 3507 2721 3557 si
2752 3506 3051 3573 frequenter
3073 3506 3220 3558 duos.
3257 3503 3358 3569 Qui

1829 3596 1879 3646 in
1912 3596 2074 3662 gradu
2104 3600 2203 3656 est,
2243 3608 2407 3645 annos
2450 3601 2553 3645 tres
2598 3593 2865 3659 pmniteat.
2917 3591 3199 3644 Monachus
3241 3593 3356 3645 sine
3450 3652 3453 3655 λ

1828 3682 2011 3749 gradu,
2035 3680 2116 3734 vel
2142 3682 2421 3735 canonieus
2448 3680 2663 3751 gradum
2695 3682 2910 3741 habens,
2950 3680 2994 3733 si
3023 3695 3141 3733 cum
3180 3679 3349 3748 puel'a

1828 3772 1960 3825 laica
2006 3768 2427 3832 fornicati'sunt,
2477 3785 2641 3823 annos
2667 3777 2773 3835 tres
2796 3771 3101 3837 pmniteant.
3144 3770 3199 3823 Si
3234 3785 3352 3824 cum

1828 3858 2209 3911 sanctimoniali
2238 3896 2251 3919 ,
2304 3871 2468 3908 annos
2510 3864 2707 3924 septem
2753 3858 3056 3924 pmniteant.
3116 3858 3353 3912 Monacbi

1828 3960 1947 3998 cum
1986 3946 2153 4012 gradu
2193 3943 2590 3997 fornicationem
2634 3942 2902 4006 facientes,
2945 3952 3137 4011 septem
3188 3958 3352 3998 annos

1826 4034 2130 4101 pmniteant.
2173 4031 2228 4084 Si
2266 4032 2549 4084 monachus
2577 4031 2760 4084 laicam
2793 4032 3019 4093 duxerit,
3052 4039 3156 4084 tres
3185 4046 3351 4085 annos

1826 4120 2097 4187 pceniteat,
2148 4118 2234 4169 illa
2280 4119 2408 4171 duos
2432 4125 2485 4170 et
2514 4118 2771 4185 legitimas
2799 4117 2974 4177 ferias.
3001 4117 3055 4171 Si
3084 4133 3246 4187 usque
3282 4119 3347 4173 ad

1828 4209 2222 4275 generationem
2248 4206 2357 4267 lilii,
2390 4213 2614 4272 quatuor
2633 4221 2798 4259 annos
2829 4207 3093 4274 pmnileat.
3134 4206 3187 4262 Si
3221 4210 3354 4261 occi-

1828 4296 1985 4354 derit,
2012 4302 2209 4360 septem
2251 4308 2414 4345 annos
2442 4295 2709 4359 paeniteat.
2745 4292 2800 4344 Si
2829 4295 3101 4361 episcopus
3129 4294 3354 4347 fornica-

1722 4419 1729 4425 .
1764 4420 1805 4475 D
1831 4391 1914 4434 lus
1957 4380 2133 4442 fuerit,
2176 4389 2293 4433 octo
2337 4395 2503 4433 annos
2536 4380 2804 4447 paeniteat.
2850 4379 2950 4431 Alii
2986 4379 3352 4446 iudicaverunt

1832 4469 2104 4523 duodecim
2149 4482 2401 4519 annorum
2442 4468 2824 4533 paenitentiam.
2866 4466 2988 4520 Post
3010 4482 3200 4523 annum
3246 4477 3350 4521 ter-

1829 4557 1957 4608 tium
2005 4555 2167 4612 levius
2206 4555 2474 4623 pmniteat.
2519 4554 2795 4622 Presbyter
2837 4570 2955 4607 cum
2994 4556 3161 4621 puella
3190 4555 3352 4609 forni-

1829 4658 1973 4704 cans,
1999 4658 2163 4695 annos
2190 4650 2414 4707 quatuor
2442 4642 2627 4711 cures
2655 4642 3079 4710 quadragesimas
3105 4645 3156 4696 in
3188 4660 3345 4705 anno.

1808 4740 1883 4782 'et
1927 4730 2084 4782 ferias
2130 4738 2367 4797 quartam
2409 4739 2462 4781 et
2502 4738 2701 4782 sextam
2730 4731 2781 4782 in
2813 4745 2945 4799 pane
2972 4739 3026 4783 et
3060 4745 3212 4797 aqua.
3238 4741 3258 4768 ο
3290 4730 3345 4785 Si

1831 4836 1947 4875 cum
1974 4820 2158 4872 ancilla
2188 4820 2274 4872 Dei
2312 4819 2595 4873 fornicatus
2623 4816 2795 4881 fuerit,
2825 4828 3020 4887 septem
3047 4834 3209 4873 annos
3234 4834 3347 4890 pm-

1830 4910 2011 4961 niteat.
2056 4905 2358 4976 Episcopus,
2391 4909 2685 4975 presbyter,
2716 4914 2770 4960 et
2796 4909 3061 4972 diaconus,
3090 4908 3133 4963 si
3163 4910 3214 4960 in
3241 4908 3347 4961 for-
3374 4948 3381 4951 ι

1831 4999 2106 5061 nicatione,
2137 4995 2382 5066 periurio,
2408 5003 2509 5048 etc.
2530 4994 2577 5047 δ.

2359 5086 2488 5140 Item
2512 5086 2573 5138 de
2594 5086 2813 5138 incestis.

1899 5176 2022 5229 CAP.
2053 5188 2275 5228 conv".
2318 5172 2374 5225 Si
2408 5172 2709 5226 adolescens
2736 5184 2967 5223 sororem
3010 5184 3152 5221 suam
3183 5168 3344 5223 duxe-

1833 5262 1918 5321 rit,
1969 5260 2197 5327 quinque
2240 5272 2402 5311 annos
2448 5258 2717 5325 pmniteat.
2763 5254 2818 5307 Si
2860 5262 3098 5314 matrem.
3145 5264 3344 5320 septem

1903 5443 1924 5470 ο
1964 5432 2178 5494 Burch.,
2210 5432 2245 5483 l.
2275 5447 2402 5492 xvn,
2424 5445 2473 5483 c.
2494 5430 2582 5483 59.
2914 5493 2919 5494 ί
2985 5488 3012 5494 _,

1898 5499 1937 5568 ἀν
1953 5499 2022 5553 Ut
2052 5486 2206 5568 supra
2228 5500 2281 5552 in
2301 5486 2467 5568 prima
2493 5497 2793 5553 collectione
2812 5488 3153 5563 capitulbrum
3174 5486 3344 5547 τεκο-

1833 5566 1964 5622 dori.

2819 5739 2888 5799 31
