3922 6222
575 339 672 395 tm

1539 332 1868 386 THEODORl
1905 331 2204 385 ARCHIEP.
2246 330 2768 384 CANTUARlENSlS

3584 334 3689 387 1'72

579 466 760 503 annos.
789 448 851 503 Et
876 447 1097 514 quandiu
1126 445 1330 503 vixerit,
1371 457 1631 508 nunquam
1661 443 1728 494 sit
1757 443 1865 494 sine
1908 442 2073 494 conti-
2100 449 2142 504 Α
2171 450 2276 494 tres
2304 455 2506 492 menses
2527 440 2790 506 prrnitcat.
2837 438 2932 503 Qui
2975 454 3065 507 per
3105 438 3475 507 turpileiquium
3497 443 3690 509 pollui-

579 537 750 588 ucntia
777 535 788 602 ί
800 530 1142 600 pmnitentia}.

636 673 646 683 ,
1200 617 1324 669 Item
1351 616 1455 668 ehi.

647 715 742 779 Qui
769 728 886 765 cum
918 717 1080 762 matre
1103 707 1382 759 fornicatus
1403 705 1574 762 fuerit,
1606 704 1895 770 quindecim
1919 718 2079 755 annos

580 804 844 870 posuiteat.
881 800 977 863 Qui
1003 813 1117 851 cum
1158 798 1256 848 tilia
1288 795 1365 847 vel
1393 809 1570 847 sorore
1599 792 1879 844 fornicatus
1905 791 2075 851 fuerit,

581 889 645 941 ab
668 883 809 939 omni
846 900 1000 946 carne
1021 900 1074 936 se
1096 884 1373 941 abstineat,
1402 888 1451 933 et
1477 878 1764 945 quindecim
1790 892 1951 930 annos
1976 892 2080 944 po:-

581 978 762 1032 nitcat.
801 974 1048 1027 Si‘mater
1067 987 1182 1022 cum
1212 970 1315 1021 ﬁlio
1338 982 1429 1019 suo
1455 967 1665 1035 parvulo
1695 965 1944 1018 fornicata
1970 964 2080 1017 fue-

582 1067 670 1127 rit,
713 1073 819 1116 tres
856 1075 1018 1114 annos
1057 1058 1307 1110 abstineat
1338 1071 1390 1108 se
1419 1071 1445 1106 a
1470 1069 1642 1118 carne,
1673 1062 1726 1106 et
1757 1054 1893 1106 diem
1919 1067 2078 1104 unum

580 1153 629 1201 in
684 1161 988 1214 unaquaque
1046 1143 1362 1197 hcbdomada
1418 1138 1614 1207 jejunet
1667 1152 1831 1205 usque
1881 1137 1944 1189 ad
1992 1152 2080 1189 ve-

578 1249 802 1302 cperam.

1261 1318 1405 1370 Item.

644 1408 738 1472 Qui
769 1409 918 1460 habet
944 1415 1162 1458 matrem
1185 1413 1236 1457 ct
1265 1405 1440 1468 tiliam,
1469 1403 1594 1456 duas
1620 1415 1842 1464 sorores,
1867 1413 2078 1453 uxorem

577 1495 740 1561 patris
763 1503 815 1546 et
838 1492 1032 1555 fratris,
1063 1491 1308 1560 patruelis
1330 1499 1417 1544 aut
1440 1489 1698 1550 avunculi,
1739 1495 1946 1556 neptem
1989 1491 2080 1537 aut

577 1570 956 1638 consobrinam,
993 1589 1083 1631 aut
1109 1581 1196 1646 qui
1236 1581 1286 1631 in
1327 1580 1514 1644 prima,
1547 1577 1790 1638 secunda,
1816 1575 1895 1628 vel
1928 1572 2079 1628 tertia

578 1668 907 1736 generatione
937 1664 1102 1730 juncti
1145 1672 1282 1726 sunt,
1331 1664 1445 1716 istis
1484 1663 1719 1715 volumus
1763 1662 1992 1715 indicare
2020 1670 2077 1714 ut

2177 535 2277 588 tur,
2317 535 2510 592 septem
2551 527 2661 578 dies
2687 527 2948 593 pmnitcat.
3032 525 3239 592 Premys
3271 547 3306 575 -γ
3354 531 3392 577 si
3424 529 3687 581 osculatus

2178 613 2331 666 fuerit
2362 613 2600 666 feminam
2626 629 2718 680 per
2746 613 3060 666 immundum
3104 615 3256 667 desii?»
3285 616 3415 666 tium
3447 657 3458 675 ,
3505 619 3684 684 viginti

2178 702 2285 754 dies
2321 705 2588 768 pmniteat.
2656 701 2709 752 Si
2755 702 3049 781 inqitiuatus
3114 702 3284 760 fuerit,
3342 705 3687 771 quadraginta

2176 791 2284 842 dies
2306 791 2574 858 pmniteat.
2602 788 2696 852 Qui
2722 791 2773 841 in
2798 789 3012 842 ecclesia
3043 805 3131 857 per
3155 807 3390 842 30:;illl1m
3417 793 3684 859 polluitur,

2175 883 2280 928 tres
2321 877 2430 928 dies
2468 876 2732 942 poeniteat.
2792 875 2888 938 Qui
2940 876 2990 928 in
3030 877 3222 928 somnis
3265 879 3528 930 voluntate
3570 876 3686 947 poi.

2177 962 2312 1015 lutus
2330 973 2424 1025 est,
2460 973 2655 1030 surgat,
2683 972 2733 1016 et
2768 972 2937 1015 cantet
2965 974 3156 1031 septem
3183 965 3406 1030 psalmos
3429 967 3687 1032 pmniten—

2177 1047 2341 1111 tiales,
2364 1056 2416 1101 et
2441 1048 2550 1101 dies
2583 1050 2809 1115 triginta.
2866 1048 2961 1112 Qui
2985 1064 3200 1116 peccare
3230 1051 3450 1103 voluerit
3473 1053 3524 1104 in
3548 1067 3688 1105 soni-

2175 1137 2273 1198 nis,
2305 1145 2356 1190 et
2383 1151 2484 1189 non
2507 1135 2661 1190 fuerit
2696 1137 2934 1204 pollutus,
2978 1140 3183 1204 triginta
3211 1148 3433 1204 quatuor
3456 1142 3687 1208 psalmos

2175 1230 2366 1274 cantet.

2646 1288 2716 1340 De
2745 1289 2999 1355 fundendo
3023 1305 3207 1341 semen.

2242 1375 2366 1428 Car.
2396 1390 2546 1429 ccut.
2585 1375 2611 1414 ἀ
2661 1376 2887 1430 Clericus
2926 1379 2969 1429 si
3015 1392 3190 1430 semen
3220 1376 3410 1430 fuderit
3436 1393 3534 1430 non
3563 1386 3686 1431 tan-

2176 1463 2359 1530 gendo,
2385 1472 2578 1531 septem
2622 1463 2734 1518 dies
2777 1465 3042 1532 paeniteat.
3076 1465 3131 1517 Si
3168 1467 3332 1533 tangit
3360 1480 3476 1517 cum
3505 1480 3687 1528 manu,

2175 1549 2353 1616 viginti
2383 1549 2510 1602 dies.
2543 1549 2596 1603 Si
2623 1551 2890 1613 diaconus,
2921 1552 3129 1619 triginta
3150 1552 3276 1605 dies.
3312 1551 3366 1603 Si
3392 1551 3683 1619 presbyter.

2175 1637 2522 1691 hebdomadas
2570 1647 2809 1707 quatuor.
2859 1639 3154 1709 Presbyter,
3196 1642 3239 1694 si
3273 1656 3450 1694 semen
3489 1641 3690 1693 fuderit

579 1729 898 1821 separentur.
942 1729 1008 1802 Et
1051 1758 1258 1817 pr0pter
1305 1748 1555 1801 novellam
1583 1747 1951 1816 plantationem
1980 1747 2077 1800 Ec-

2175 1742 2268 1794 per
2293 1729 2679 1796 cogitationem,
2705 1737 2899 1795 septem
2929 1730 3038 1782 dies
3073 1730 3338 1795 poeniteat.
3405 1729 3690 1781 Monachus

579 1839 765 1899 clesite,
811 1845 869 1889 ut
913 1845 1104 1904 septem
1152 1850 1312 1887 annos
1358 1844 1509 1902 agant
1559 1835 1932 1908 paenitentiam,
1974 1841 2077 1887 tres

578 1929 770 1997 primos
809 1939 992 1987 annos,
1029 1932 1133 1977 tres
1159 1925 1268 1977 dies
1296 1924 1346 1976 in
1374 1923 1710 1984 lichdomada,
1744 1924 1794 1975 id
1820 1930 1918 1987 est,
1950 1921 2076 1975 feria

578 2013 823 2074 secunda,
851 2020 903 2064 et
929 2020 1134 2077 quarta,
1165 2017 1212 2061 ct
1240 2020 1402 2069 sexta,
1435 2008 1772 2074 quadraginta
1815 2007 1924 2058 dies
1959 2013 2077 2056 ante

580 2101 792 2161 Pascha,
821 2100 1000 2165 viginti
1027 2107 1145 2150 ante
1181 2097 1390 2149 missam
1430 2097 1591 2148 sancti
1631 2094 1862 2156 Jmnuis,
1899 2094 2079 2162 viginti

579 2194 699 2238 ante
720 2184 896 2236 Natale
916 2184 1137 2236 Domini.
1155 2183 1388 2247 Quatuor
1407 2197 1528 2235 vero
1551 2183 1772 2248 reliquos
1793 2196 1973 2242 annos,
2005 2180 2078 2231 fe-

577 2274 654 2325 ria
688 2282 869 2340 quarta
913 2281 964 2325 et
1007 2279 1170 2333 sexta,
1213 2279 1264 2324 et
1310 2270 1695 2338 quatuordccim
1740 2278 1916 2322 noctes
1960 2277 2080 2321 ante

578 2359 788 2412 missam
835 2359 1000 2412 sancti
1044 2355 1357 2410 Joannis'et
1401 2357 1528 2409 alias
1580 2365 1699 2407 ante
1753 2354 1934 2406 Natale
1973 2353 2077 2405 Do-

579 2444 721 2497 mini.
749 2443 801 2497 Si
829 2459 885 2496 se
909 2444 1161 2498 redimere
1185 2443 1314 2504 vult,
1337 2443 1490 2496 donet
1516 2456 1671 2494 unum
1699 2440 1964 2493 denarium
1992 2449 2081 2492 aut

579 2531 801 2598 pretium
828 2529 982 2581 unius
1019 2528 1215 2581 denarii
1257 2542 1350 2594 pro
1397 2541 1496 2579 uno
1537 2528 1634 2579 die.
1680 2525 1734 2578 Si
1761 2541 1956 2595 pauper
1980 2535 2079 2590 est,

577 2615 737 2671 donet
761 2615 1029 2669 dimidium
1055 2613 1345 2668 denarium.

947 2701 1022 2754 De
1057 2700 1395 2752 tordidatione
1431 2715 1718 2768 puerorum.

654 2787 778 2844 Car.
823 2803 1062 2842 CCXLVIII.
1099 2787 1250 2839 Pueri
1298 2802 1355 2840 se
1398 2789 1635 2841 manibus
1675 2789 1895 2842 invicem
1938 2790 2080 2842 coin-

579 2883 868 2950 quinantes,
892 2880 1234 2946 quadraginta
1259 2879 1368 2931 dies
1389 2880 1692 2946 pceniteant,
1719 2878 1940 2944 majores
1959 2895 2084 2934 vero

525 2995 532 3002 -
583 2974 790 3021 centum
841 2966 967 3018 dies.
1023 2964 1175 3017 Pueri
1223 2979 1278 3019 se
1319 2967 1453 3019 inter
1498 2967 1694 3020 femora
1737 2969 2080 3030 sordidantes,

582 3063 786 3108 centum
814 3051 926 3105 dies
945 3053 1249 3119 poeniteant,
1282 3053 1505 3121 majores
1529 3063 1636 3108 tres
1661 3054 2083 3122 quadragesimas

579 3150 631 3198 et
663 3141 921 3211 legitimas
962 3141 1136 3194 ferias.
1185 3141 1434 3196 Parvulus
1473 3159 1502 3196 a
1541 3142 1737 3210 majore
1784 3160 2079 3212 oppressus,

581 3236 776 3295 septem
801 3228 909 3280 dies
935 3228 1200 3294 poeniteat.
1247 3227 1302 3281 Si
1344 3232 1680 3291 consenserit,
1730 3231 1908 3298 viginti
1952 3232 2080 3283 dies.

585 3314 720 3368 Puer
742 3317 1030 3369 voluntarie
1069 3331 1123 3370 se
1156 3317 1406 3385 polluens,
1449 3318 1660 3387 triginta
1702 3319 1833 3382 dies,
1876 3321 2082 3387 juvenis

579 3416 705 3457 vero
725 3403 1062 3471 quadraginta
1087 3405 1195 3457 dies
1226 3404 1489 3470 pmniteat.

915 3489 990 3542 De
1014 3493 1277 3543 menstruis
1298 3493 1622 3558 abstinendis,
1643 3504 1742 3547 etc.

654 3577 776 3629 Cn.
824 3592 1023 3631 coxam.
1063 3578 1160 3642 Qui
1184 3593 1301 3629 cum
1328 3579 1540 3633 muliere
1566 3591 1880 3634 menstruam
1902 3599 2082 3651 nupse-

585 3665 670 3727 rit,
712 3664 1047 3731 quadraginta
1092 3663 1200 3716 dies
1238 3665 1506 3731 pmniteat.
1541 3665 1597 3720 Si
1622 3668 1738 3735 quis
1770 3683 1888 3722 cum
1925 3686 2083 3725 uxore

497 3791 500 3794 .
583 3762 674 3800 sua
702 3757 839 3800 retro
863 3750 1113 3814 nupserit,
1142 3749 1483 3816 quadraginta
1507 3753 1618 3805 dies
1642 3755 1910 3821 pmniteat.
1946 3755 2000 3809 Si
2030 3759 2081 3810 in

585 3843 724 3900 terga
749 3835 997 3900 nupserit,
1031 3842 1136 3885 trcs
1158 3847 1321 3887 annos
1343 3873 1359 3898 ,
1385 3837 1505 3902 quia
1532 3835 1892 3893 sodomiticum
1917 3842 2084 3896 scelus

583 3926 679 3968 est.
709 3918 815 3969 \‘iri
840 3918 971 3969 inter
993 3916 1198 3970 femora
1214 3916 1548 3985 fornicantes,
1577 3936 1769 3977 annum
1793 3940 1952 3978 unum
1972 3940 2084 3996 pm-

587 4003 800 4054 niteant.
829 4001 882 4053 Si
909 4003 960 4054 in
995 4012 1157 4071 terga,
1196 4011 1301 4057 tres
1325 4020 1506 4061 annos.
1531 4008 1587 4060 Si
1607 4011 1753 4077 pueri
1780 4021 1921 4070 sunt,
1956 4014 2083 4067 duos

585 4104 742 4142 annos
767 4090 1069 4155 pteniteant.

959 4174 1032 4228 De
1054 4174 1319 4230 mulierum
1348 4178 1698 4246 fornicatione.

650 4260 775 4311 CAP.
820 4275 929 4313 cce.
975 4273 999 4300 ο
1027 4262 1208 4315 Mulier
1257 4278 1562 4334 quocunque
1604 4271 1866 4326 molimine
1911 4285 2001 4330 aut
2029 4275 2081 4328 in

584 4347 749 4413 seipsa
787 4355 875 4399 aut
915 4363 1030 4401 cum
1075 4349 1234 4403 altera
1271 4350 1550 4418 fornicans,
1582 4363 1688 4410 tres
1714 4354 1876 4414 annos
1910 4363 2079 4428 poeni-

585 4442 687 4485 teat
698 4475 708 4486 .

1152 4521 1293 4576 Unde
1328 4542 1497 4593 supra.

651 4628 677 4665 δ
714 4626 770 4681 Si
791 4628 1192 4683 sanctimonialis
1212 4643 1328 4683 cum
1344 4631 1442 4684 alia
1470 4636 1846 4690 sanctimoniali
1872 4655 1964 4707 per
1987 4643 2080 4695 ali-

585 4716 719 4782 quod
740 4717 1204 4770 machinamentum
1227 4717 1528 4787 fornicatur,
1569 4732 1764 4793 septem
1785 4741 1948 4781 annos
1970 4745 2079 4797 pa:-

585 4807 762 4861 niteat.

1001 4894 1076 4946 De
1101 4893 1386 4950 illecebroso
1399 4893 1652 4966 amplexu.

649 4983 772 5038 Car.
801 5000 931 5038 ccu.
957 4997 976 5023 ε
1002 4985 1096 5051 Qui
1117 5001 1210 5053 per
1230 4987 1555 5043 illecebrosos
1586 4992 1851 5059 amplexus
1877 4993 2079 5048 femina:

583 5068 662 5120 vel
693 5083 785 5136 per
828 5072 1054 5124 osculum
1095 5073 1355 5141 polluitur,
1407 5077 1613 5144 triginta
1645 5079 1755 5132 dies
1809 5083 2074 5148 pcnnitcat.

584 5153 684 5223 Qui
704 5156 931 5224 tetigerit
967 5159 1304 5215 inverecunde
1346 5177 1552 5215 carnem
1607 5161 1832 5230 ejusdem
1855 5168 2074 5232 feminae,

586 5296 920 5420 ugtﬁgrch”
944 5302 978 5354 l.
1008 5318 1134 5366 xvn,
1157 5321 1203 5358 c.
1241 5306 1327 5368 27,
1357 5322 1418 5361 ex
1455 5308 1796 5366 l‘mnitentiali
1824 5314 2078 5371 Theodori

656 5434 682 5472 δ
713 5434 927 5503 βαι-ἀλ,
959 5437 1046 5489 lib.
1074 5453 1198 5501 xvii,
1222 5454 1267 5492 c.
1294 5439 1379 5503 28,
1403 5456 1464 5494 ex
1494 5442 1681 5498 Potuit.
1714 5447 1908 5502 Theod.

655 5509 676 5537 ο
713 5501 918 5568 Burch.,
943 5505 975 5556 ι.
1006 5519 1096 5571 vtt,
1125 5521 1172 5560 c.
1206 5505 1285 5559 42.

2175 1814 2431 1867 similiter.
2495 1815 2592 1879 Qui
2621 1815 2906 1869 voluntarie
2929 1831 3102 1868 semen
3127 1816 3260 1869 fudit
3291 1819 3342 1870 in
3379 1819 3614 1876 ecclesia,
3643 1817 3692 1867 si

2165 1900 2503 1964 elericusest,
2520 1903 2904 1970 quatuordccim
2922 1920 2935 1965 ;
2956 1904 2999 1955 si
3013 1905 3295 1957 monachus
3315 1914 3402 1956 aut
3421 1905 3693 1964 diaconus,

2175 1990 2384 2058 triginta
2407 1989 2546 2051 dies;
2597 1991 2639 2042 si
2671 1991 2956 2058 presbyter,
2994 1991 3364 2059 quadraginta;
3401 1994 3444 2045 si
3486 1993 3695 2060 episeo-

2174 2092 2288 2144 pus,
2328 2079 2698 2147 quinquaginta
2725 2080 2834 2131 dies
2861 2079 3127 2145 poeniteat.

2508 2166 2581 2218 De
2593 2166 2970 2233 quadrupedum
2995 2166 3341 2232 fornicatione.

2242 2251 2364 2305 Car.
2382 2267 2554 2326 CCt.l_ll.
2578 2263 2599 2289 ο
2616 2252 2842 2316 Quicu‘in
2858 2253 3052 2319 pecude
3070 2262 3269 2321 peccat,
3293 2268 3483 2306 annum
3505 2268 3692 2306 unum.

2175 2339 2393 2404 Quidam
2415 2341 2651 2407 iudicant
2671 2354 2834 2392 annos
2861 2341 3058 2404 decem,
3101 2341 3309 2409 quidam
3337 2351 3553 2408 septem,
3571 2343 3694 2408 qui—

2177 2427 2295 2480 dam
2348 2436 2585 2494 quatuor,
2630 2428 2837 2494 quidam
2889 2437 3096 2480 centum
3134 2430 3262 2482 dies.
3329 2429 3382 2481 Si
3424 2429 3539 2495 quis
3582 2430 3697 2481 cle—

2178 2517 2317 2569 ricus
2384 2531 2502 2568 cum
2556 2515 2888 2582 quadrupede
2950 2515 3234 2568 fornicatus
3281 2515 3478 2575 fuerit,
3527 2529 3699 2567 annos

2174 2606 2344 2667 duos,
2420 2605 2763 2657 subdiaconus
2811 2613 2919 2656 tres
2951 2643 2966 2666 ,
3018 2605 3266 2656 diaconus
3309 2613 3362 2656 et
3408 2604 3700 2655 monachus

2175 2693 2422 2760 quinque,
2463 2693 2736 2760 presbyter
2760 2701 2976 2759 septem,
3049 2693 3321 2760 episcOpus
3357 2693 3536 2745 decem
3579 2706 3696 2758 pa:-

2180 2781 2358 2832 niteat.

2729 2847 2798 2899 De
2825 2847 3116 2901 Sedomitis.

2247 2934 2367 2986 CAP.
2385 2949 2551 2988 ccuv.
2587 2933 2603 2972 ί
2629 2933 3086 2998 Quifornicaverit,
3112 2933 3556 2997 sicutSodomitaa,
3578 2937 3701 3003 qui-

2107 3018 2152 3076 C
2182 3021 2298 3072 dam
2321 3021 2678 3087 judicaverunt
2701 3021 2876 3073 decem
2894 3036 3074 3083 annos,
3114 3021 3323 3088 quidam
3352 3029 3572 3088 septem,
3601 3022 3699 3074 alii

2181 3122 2357 3159 unum.
2436 3107 2586 3160 Pueri
2632 3115 2840 3160 centum
2882 3109 3021 3167 dies.
3092 3109 3596 3176 Aliijudicaverunt,
3645 3111 3696 3164 si

2181 3191 2232 3242 in
2255 3191 2620 3246 consuetudine
2664 3201 2763 3255 est,
2797 3195 2957 3246 laicus
2989 3209 3152 3246 annos
3189 3196 3433 3261 quinque.
3472 3195 3700 3248 clericus

2180 3289 2396 3348 septem,
2453 3283 2796 3336 subdiaconus
2846 3293 2900 3336 et
2936 3285 3219 3336 monachus
3251 3291 3386 3343 octo,
3439 3284 3697 3335 diaconus

2180 3369 2378 3430 decem,
2407 3370 2674 3436 presbyter
2702 3371 2987 3433 duodecim,
3019 3373 3290 3438 episcopus
3312 3370 3560 3424 tredecim
3581 3384 3698 3438 po-

2175 3457 2358 3509 niteat.

2435 3545 2675 3600 ABRINC
2705 3548 2787 3599 Dii
2814 3548 3036 3603 FURTO
3058 3549 3141 3601 ET
3169 3549 3430 3602 RAPINA.

2518 3636 2614 3704 (Ex
2629 3637 2973 3690 Pcenitentiali
2996 3639 3128 3691 unde
3149 3640 3349 3706 supra.)

2244 3721 2365 3775 CAP.
2405 3738 2587 3793 ccuv.
2642 3724 2738 3788 Qui
2777 3725 3055 3792 cupiditate
3089 3738 3271 3792 captus
3310 3729 3500 3779 furtum
3548 3732 3692 3782 few

2180 3809 2262 3871 rit,
2309 3810 2443 3875 quod
2472 3812 2742 3866 abstulerit
2781 3814 2976 3877 reddat,
3019 3823 3072 3867 et
3112 3829 3276 3868 annos
3324 3817 3552 3882 quinque
3579 3830 3695 3882 pc-

2179 3894 2356 3948 niteat.

2752 3963 2824 4018 De
2847 3966 3020 4018 eadem
3045 3983 3116 4018 re.

2259 4122 2261 4124 η
2749 4053 2847 4122 (Ex
2889 4055 3117 4123 eodem.)

2244 4137 2365 4191 Car.
2394 4154 2614 4195 ccum.
2654 4141 2750 4208 Qui
2770 4158 2902 4212 saepe
2930 4143 3122 4197 furtum
3146 4143 3343 4206 fecerit,
3373 4155 3569 4212 septem
3596 4162 3688 4198 an-

2179 4243 2273 4282 nos
2287 4229 2552 4298 pmniteat.

2761 4297 2905 4352 Unde
2927 4316 3099 4367 supra.

2244 4380 2367 4434 CAP.
2397 4397 2639 4436 ccuvm.
2681 4383 2736 4436 Si
2780 4385 2897 4452 quis
2939 4385 3232 4450 sepulcrum
3267 4387 3559 4442 violaverit.
3604 4402 3694 4440 ce-

2173 4475 2315 4536 ptem
2335 4483 2497 4523 annos
2532 4471 2796 4538 pteniteat,
2824 4480 2928 4525 tres
2949 4487 3010 4524 ex
3040 4473 3120 4525 his
3147 4472 3197 4524 in
3229 4487 3360 4540 pauc
3381 4482 3435 4526 et
3461 4487 3614 4540 aqua.

2749 4559 2820 4612 De
2840 4562 3011 4612 eadem
3041 4578 3109 4612 re.

2575 4646 2670 4716 (Ex
2686 4647 2865 4699 eodem
2891 4646 3278 4714 Pmnitcntiali.)

2240 4733 2362 4787 CAP.
2390 4751 2603 4789 ccuxv.
2630 4736 2684 4789 Si
2709 4736 2894 4804 aliquis
2916 4739 2977 4790 de
2999 4737 3282 4789 ministerio
3303 4735 3540 4789 ecclesia:
3561 4751 3694 4804 quo-

2172 4819 2298 4872 libet
2332 4823 2483 4874 modo
2510 4822 2700 4888 aliquid
2727 4822 2926 4876 furatus
2950 4823 3124 4885 fuerit,
3157 4831 3352 4888 septem
3381 4838 3550 4876 annos
3578 4838 3695 4892 pta-

2173 4906 2352 4959 niteat.

2760 4997 2835 5048 De
2854 5011 3110 5064 penuria.-

2569 5083 2664 5149 (Ex
2693 5085 2868 5135 eodem
2893 5082 3284 5150 Pornitcntiali.)

2243 5166 2363 5219 Car.
2415 5182 2644 5219 cccxxiv.
2702 5171 2725 5207 8
2769 5169 3068 5236 Quicunque
3125 5171 3293 5224 sciens
3334 5171 3702 5240 perjuravodt

2241 5317 2266 5357 δ
2306 5318 2515 5372 Burcb..
2546 5316 2577 5367 l.
2610 5333 2732 5377 xvii,
2765 5334 2810 5370 c.
2835 5319 2918 5370 43.

2248 5398 2270 5423 ε
2308 5384 2517 5446 Burch.,
2554 5382 2589 5435 l.
2616 5400 2742 5446 xvii,
2761 5399 2807 5436 c.
2834 5384 2916 5436 5‘2.

2251 5452 2269 5488 ί
2310 5452 2518 5514 Burch.,
2557 5453 2590 5502 Ι.
2623 5467 2746 5513 xvii,
2775 5465 2820 5502 c.
2843 5451 2926 5504 31.

2250 5521 2273 5558 ⁸
2311 5518 2517 5583 Burch.,
2559 5519 2590 5570 l.
2628 5533 2723 5581 xu,
2749 5532 2794 5570 c.
2815 5519 2864 5573 8.
