3922 6222
210 377 321 432 973

865 373 1398 432 consuemus.
1436 401 1502 412 -
1534 369 1860 426 camus
1902 373 2238 430 COLHZCTA
2278 380 2368 434 ex
2407 383 2658 439 FRAGM.
3219 390 3318 446 οη

206 496 410 554 septem
437 500 599 540 annos
625 486 890 554 pmniteat,
935 495 987 539 et
1030 494 1148 553 post
1172 485 1280 538 inec
1302 481 1710 537 communionem
1739 481 1779 537 Α
1812 489 1920 570 tum
1945 498 1972 535 a
2011 483 2174 539 bestia
2201 487 2501 553 domestica.
2534 495 2583 547 id
2608 502 2707 558 est,
2735 511 2760 548 a
2788 513 2914 553 cane
2937 503 3012 556 vel
3029 514 3171 570 cato,
3194 509 3324 559 (ιιιος

205 572 451 639 accipiat.

610 657 689 710 Er
711 655 1047 708 Pa'nitcntiali
1075 666 1127 708 ut
1153 672 1323 721 supra.

270 741 398 795 Car.
424 759 634 796 cccxxv.
665 742 718 793 Si
758 744 874 809 quis
908 740 1267 810 perjuraverit,
1291 739 1423 794 ultra
1447 740 1512 794 ad
1546 754 1711 795 sacra-

201 840 440 884 mentum
460 846 561 882 non
590 829 908 882 admittatur.

762 917 830 970 ne
877 917 1051 968 eadem
1102 932 1168 970 rc.

787 1006 880 1074 (Ex
914 1003 1142 1072 eodem.)

265 1095 396 1150 Car.
433 1110 666 1148 cccxx“.
695 1106 719 1132 ι
743 1092 796 1145 Si
826 1093 940 1158 quis
967 1092 1262 1166 suspicatur
1283 1091 1420 1157 quod
1449 1090 1513 1143 ad
1540 1092 1713 1158 periu-

192 1183 337 1238 rium
363 1182 640 1241 inducitur,
689 1190 740 1235 et
768 1189 940 1234 tamen
968 1194 1032 1233 ex
1070 1193 1320 1238 consensu
1359 1177 1524 1244 jurat,
1587 1180 1715 1232 duos

191 1284 364 1324 annos
382 1271 629 1338 pmniteat
659 1269 704 1319 δ.

781 1352 923 1407 Unde
951 1369 1123 1421 supra.

255 1445 387 1499 CAP.
423 1459 677 1498 cccxxvu.
711 1455 731 1481 ε
763 1442 817 1496 Si
849 1443 964 1508 quis
1008 1439 1352 1508 periuraverit
1377 1453 1470 1505 per
1513 1436 1711 1505 cupidi-

188 1539 376 1594 tatem,
421 1546 603 1586 omnes
642 1545 725 1583 res
765 1544 885 1583 suas
923 1529 1130 1591 vendat,
1160 1536 1215 1581 et
1259 1527 1569 1596 pauperibus
1605 1525 1710 1577 dis-

188 1619 412 1684 tribuat,
453 1628 505 1673 et
544 1617 912 1672 monasterium
943 1615 1208 1684 ingressus
1243 1613 1351 1682 jugi
1391 1612 1709 1680 pmnitentia:

179 1705 246 1761 'se
275 1708 483 1762 subdat.

775 1789 918 1844 Unde
948 1805 1122 1859 supra.

254 1878 384 1934 Car.
412 1894 687 1950 cccxxvm.
751 1879 808 1933 Si
857 1880 973 1948 quis
1009 1876 1291 1947 periurium
1342 1876 1543 1938 fecerit,
1585 1876 1704 1929 laici

185 1979 358 2020 annos
380 1973 507 2030 tres,
545 1967 718 2021 clerici
744 1967 992 2034 quinque,
1015 1965 1316 2018 subdiaconi
1345 1978 1458 2026 sev,
1500 1963 1703 2018 diaconi

183 2062 326 2117 octo,
376 2054 667 2121 presbyteri
695 2054 894 2116 decem,
948 2053 1176 2120 episcopi
1223 2052 1495 2110 duodecim
1541 2065 1705 2104 annos

184 2138 494 2207 pteniteant.

356 2226 434 2281 De
453 2227 869 2291 incantatoribus,
905 2225 1170 2295 maleﬁcia,
1196 2235 1242 2278 et
1261 2225 1526 2294 sortilegis.

529 2337 627 2407 (Ex
665 2337 1012 2392 Pmnitentiali
1035 2352 1139 2406 quo
1163 2335 1364 2406 supra.)

246 2445 380 2508 Car.
413 2460 591 2499 ccccv.
619 2443 644 2483 ἀ
673 2443 771 2509 Qui
811 2452 1066 2497 nocturna
1115 2442 1369 2497 sacriilcia
1409 2441 1700 2496 daemonum

178 2533 585 2596 celebraverint,
629 2531 708 2586 vel
730 2531 1167 2586 incantationibus
1193 2531 1454 2585 dmmones
1493 2531 1702 2584 invoca-

183 2623 374 2684 verint,
399 2621 568 2690 capite
589 2621 887 2690 puniantur.
1709 2686 1711 2689 ι

250 2708 598 2764 Camcccnvn
647 2707 744 2774 Qui
786 2707 1014 2776 auguriis
1055 2705 1136 2760 vel
1169 2704 1572 2760 divinationibus
1616 2703 1698 2756 in-

184 2796 459 2862 serviunt,
517 2797 746 2864 quinque
795 2810 959 2849 annos
1000 2795 1304 2864 poeniteant.
1377 2793 1702 2848 lmmissores

180 2890 554 2951 tempestatum
573 2889 770 2950 septem
798 2895 961 2934 annos
984 2881 1288 2949 pteniteant.

250 2969 378 3024 Cap.
409 2984 629 3024 CCCLVII.
667 2967 850 3021 Mulier
894 2967 937 3021 si
981 2965 1324 3020 divinationes
1350 2965 1429 3020 vel
1472 2966 1701 3020 incanta-

179 3057 356 3112 tiones
375 3057 655 3112 diabolicas
681 3055 884 3119 fecerit,
929 3049 1299 3107 annum’unum
1323 3053 1596 3122 pmniteat,
1621 3053 1702 3106 vel
1725 3060 1770 3122 ο

184 3156 294 3202 tres
329 3146 774 3216 quadragesimae,
798 3143 880 3197 vel
909 3143 1254 3211 quadraginta
1277 3144 1388 3198 dies
1412 3142 1696 3197 secundum

183 3233 489 3303 qualitatem
515 3231 708 3286 delicti.

251 3322 378 3378 Car.
417 3335 657 3375 occulti.
687 3332 712 3360 ο
762 3321 1012 3392 Auguria,
1061 3319 1142 3373 vel
1172 3327 1340 3379 sortes
1364 3332 1481 3386 quae
1512 3317 1694 3370 dicun-

184 3417 272 3463 tur
293 3408 425 3462 false
449 3417 763 3474 sanctorum,
810 3409 892 3463 vel
915 3408 1275 3469 divinationes,
1297 3407 1385 3476 qui
1409 3420 1498 3460 eas
1520 3405 1698 3458 obser-

181 3497 406 3559 vaverit,
446 3496 528 3549 vel
551 3511 976 3566 quarumcunque
997 3497 1406 3565 Scripturarum,
1452 3495 1534 3548 vel
1575 3502 1696 3549 vota

184 3585 390 3640 vnverit
426 3584 505 3638 vel
539 3585 844 3655 persolverit
879 3585 944 3638 ad
988 3586 1230 3639 arborem
1261 3623 1275 3647 ,
1323 3585 1404 3637 vel
1459 3585 1537 3640 ad
1569 3584 1698 3652 lapi—

187 3670 322 3732 dem,
358 3673 440 3727 vel
481 3674 547 3727 ad
597 3673 880 3742 quamlibet
911 3688 1022 3727 rem
1067 3680 1282 3740 excepto
1327 3671 1390 3725 ad
1425 3671 1697 3726 ecclesiam

187 3771 371 3812 omnes
394 3760 923 3814 exoommunicentur.
992 3758 1047 3813 Si
1074 3759 1139 3812 ad
1162 3758 1517 3826 penitentiam
1546 3771 1700 3812 vene—

187 3846 310 3909 rint,
343 3845 518 3902 clerici
547 3860 712 3899 annos
737 3854 842 3898 tres
888 3845 1004 3898 laici
1030 3860 1188 3897 unum
1207 3852 1259 3897 et
1295 3844 1562 3896 dimidium
1591 3858 1698 3911 pte-

189 3932 408 3988 niteant.

201 4051 209 4056 -
750 4020 826 4074 De
846 4020 1142 4074 morticinis.

524 4127 625 4196 (Bx
652 4126 998 4182 Pmnitentiali
1035 4141 1138 4194 quo
1161 4126 1359 4196 supra.)
1427 4127 1460 4152 κ

248 4231 376 4288 Cn.
408 4247 637 4288 eccum.
664 4233 684 4271 ί
709 4233 808 4298 Qui
827 4234 1103 4287 manducat
1130 4248 1338 4288 carnem
1361 4234 1699 4299 immundam,

1813 567 1921 620 dies
1950 571 2217 636 poeniteat.

2415 663 2490 714 Dc
2508 663 2714 732 liquore.

2402 747 2498 817 (Ex
2520 752 2744 822 eodem.)
3039 816 3047 824 η

1880 825 2002 882 αλιι.
2030 845 2289 885 eccum.
2318 835 2341 872 δ
2355 833 2412 886 Si
2434 836 2554 902 quis
2572 839 2769 893 dederit
2795 843 2946 898 alicui
2962 841 3206 916 liquorem
3227 855 3321 911 alio

1713 963 1716 966 .
1813 929 1968 980 quem
1993 915 2040 967 in
2070 933 2173 984 quo
2193 934 2308 972 mus
2352 922 2431 973 vel
2461 925 2674 978 mustela
2718 932 3067 998 mortuisunt,
3096 941 3137 991 si
3160 939 3320 999 laicus

1812 1009 1911 1063 est,
1970 1013 2166 1071 septem
2208 1007 2319 1059 dies
2357 1010 2621 1074 pmniteat.
2697 1013 2750 1067 Si
2786 1025 2955 1072 autem
2997 1024 3047 1076 in
3087 1030 3320 1084 emnobio

1813 1097 1950 1178 sunt,
1999 1091 2245 1146 ducentos
2303 1099 2529 1162 psalmos
2571 1109 2796 1157 cantent.
2838 1106 2941 1171 Qui
2990 1121 3166 1178 postea
3228 1134 3320 1172 no—

1812 1177 1944 1228 verit
1995 1179 2128 1246 quod
2164 1181 2314 1235 talem
2361 1193 2539 1252 potum
2591 1189 2754 1252 bibit,
2804 1208 2960 1248 unum
2995 1177 3311 1267 psalterium

1812 1274 2005 1318 cantet.

2382 1360 2458 1414 De
2484 1366 2744 1434 sanguine.

2384 1448 2480 1516 (Ex
2521 1453 2745 1522 eodem.)

1874 1523 1996 1578 Car.
2026 1541 2300 1582 cccuxut.
2348 1532 2402 1586 Si
2430 1536 2545 1600 quis
2560 1538 2856 1606 sanguinem
2883 1545 3096 1613 alicujus
3121 1555 3320 1611 anima-

1807 1615 1871 1670 lis
1892 1620 2300 1685 manducavcrit,
2334 1626 2672 1695 quadraginta
2710 1633 2820 1686 dies
2845 1638 3110 1702 pmnitcat.

2076 1707 2207 1760 Item
2229 1719 2281 1776 ut
2302 1711 2470 1765 nullus
2486 1717 2777 1782 sanguinem
2803 1724 3044 1778 comedat.

1654 1795 1658 1799 '
1736 1775 1783 1834 Β
1873 1789 1996 1844 Car.
2025 1807 2292 1847 cccuxtv.
2342 1775 2662 1855 Admoneudi
2692 1815 2810 1858 sunt
2844 1775 3043 1876 ﬁdeles,
3071 1825 3122 1867 ut
3149 1818 3315 1875 nullus

1802 1888 2081 1944 praesumat
2103 1883 2402 1950 sanguinem
2429 1887 2757 1942 manducare.
2810 1893 2938 1949 Nam
2961 1898 3010 1950 in
3040 1903 3312 1974 principio.

1803 1966 2010 2032 quando
2035 1968 2230 2023 homini
2258 1971 2464 2028 licentia
2490 1975 2606 2028 data
2633 1986 2713 2031 est
2741 1995 2768 2032 a
2791 1981 2894 2036 Deo
2929 1966 3136 2042 carnem
3171 1966 3315 2047 nian-

1802 2052 2047 2116 ducandi,
2094 2056 2394 2123 sanguinem
2424 2059 2750 2118 interdictum
2771 2067 3009 2137 legimus.
3054 2075 3142 2130 Ait
3175 2073 3311 2135 enim

1801 2138 2052 2193 Dominus
2076 2142 2140 2195 ad
2170 2142 2274 2196 Noe
2301 2153 2353 2197 et
2385 2145 2516 2201 filios
2546 2149 2683 2217 ejus:
2731 2154 2891 2208 Omne
2935 2161 3068 2226 quod
3095 2177 3315 2219 movetur

1799 2238 1847 2280 et
1872 2231 2006 2292 vivit,
2037 2233 2130 2283 erit
2164 2234 2295 2286 vobis
2321 2235 2371 2287 in
2391 2236 2571 2302 cjbum,
2596 2253 2795 2311 excepto
2821 2248 2954 2314 quod
2981 2266 3178 2305 carnem
3199 2271 3312 2309 cum

1797 2321 2042 2386 sanguine
2068 2337 2166 2373 non
2187 2325 2473 2378 comedetis.
2527 2327 2830 2412 S9nguinem
2861 2337 2992 2390 enim
3029 2341 3312 2396 animarum

1797 2417 2072 2460 vestrarum
2102 2411 2350 2478 requiram
2377 2415 2438 2465 de
2467 2411 2619 2468 manu
2646 2430 2938 2476 cunctarum
2966 2427 3232 2484 bestiarum
3266 2446 3314 2487 et

1798 2495 1861 2546 de
1895 2512 2048 2548 manu
2075 2498 2309 2552 hominis.
2362 2500 2508 2568 (Cen.
2545 2520 2616 2566 Ix,
2645 2506 2784 2576 3-5).
2838 2510 2984 2575 Quod
3019 2531 3119 2568 non
3145 2519 3310 2574 solum

1799 2581 1851 2633 in
1878 2581 2178 2650 lege-veteri
2203 2588 2486 2655 smpissime
2507 2591 2786 2658 inhibetur,
2837 2613 3014 2654 verum
3055 2604 3209 2658 etiam
3254 2608 3308 2660 in

1798 2681 1932 2761 novo
1958 2665 2502 2740 testamentoapostoli
2530 2679 2804 2745 primitiva:
2831 2684 3072 2742 Ecclesia:
3098 2704 3160 2743 ex
3183 2707 3309 2761 gen—

1799 2755 1936 2809 tibus
1961 2758 2056 2810 sub
2085 2773 2267 2827 magna
2291 2760 2662 2818 deliberatione
2687 2768 2918 2824 scribunt
2937 2781 2994 2825 ut
3016 2755 3312 2833 abstineant

1797 2857 1855 2896 se
1875 2859 1903 2896 a
1920 2849 2442 2931 contaminationibus
2456 2851 2846 2910 simulacrorum
2871 2867 2924 2912 et
2950 2845 3318 2931 fornicatione,

1797 2937 1851 2982 et
1876 2930 2160 3025 sull’ocatis,
2187 2943 2239 3025 et
2263 2937 2529 3025 sanguine.
2579 2939 2725 3006 Quod
2759 2957 3020 3012 esponens
3061 2930 3312 3025 Hierony-Q

1801 3030 1916 3069 mus
1943 3018 2094 3110 dicit:
2148 3037 2166 3068 ‹
2196 3019 2350 3110 Iusta
2370 3023 2596 3080 litteram
2631 3031 2672 3091 ί,
2698 3029 2884 3100 inquit,
2915 3033 3031 3090 haec
3053 3018 3308 3110 μηρορῶ

1799 3107 2111 3160 conveniunt
2140 3109 2280 3162 omni
2304 3109 2623 3179 Christiano,
2661 3127 2717 3170 ut
2743 3121 3070 3178 morticinum
3093 3142 3194 3182 non
3222 3107 3312 3185 co-

1795 3193 1989 3256 medat,
2043 3203 2146 3248 tam
2174 3198 2238 3250 de
2271 3199 2452 3253 avibus
2474 3217 2630 3270 quam
2657 3206 2720 3258 de
2740 3209 3033 3274 pecoribus,
3082 3229 3303 3282 quorum

1795 3293 2122 3348 nequaquam
2151 3287 2361 3352 sanguis
2388 3287 2581 3343 effusus
2605 3300 2702 3346 est.
2747 3293 2870 3359 Quae
2898 3303 3190 3358 necessario
3211 3309 3305 3360 ob-

1797 3368 2049 3455 servanda
2078 3372 2424 3436 apostolorum
2466 3375 2530 3428 de
2571 3375 2857 3434 Jerusalem
2895 3386 3050 3440 missa
3087 3389 3305 3455 epistola

1796 3461 1990 3505 monet.
2033 3454 2576 3525 Etcaptumabestia,
2627 3465 2748 3531 quia
2793 3475 2846 3519 et
2870 3469 3034 3537 ipsum
3074 3454 3312 3530 similiter

1796 3537 2099 3592 suil'ocatum
2148 3552 2246 3595 est.
2278 3543 2292 3591 i
2341 3545 2404 3598 Et
2427 3551 2696 3617 sanguine,
2745 3551 2794 3606 id
2829 3564 3056 3616 est,non
3096 3563 3309 3616 mandu-

1796 3627 1962 3681 cando
1979 3643 2097 3682 cum
2127 3633 2393 3700 sanguine.
2454 3635 2508 3690 Si
2545 3652 2668 3706 ergo
2687 3641 2751 3694 de
2777 3643 2950 3710 gentili
2967 3647 3071 3699 vita
3099 3650 3308 3705 venien-

1797 3713 1935 3768 tibus
1986 3729 2081 3784 pro
2125 3719 2251 3786 ipsis
2278 3719 2398 3775 fidei
2443 3724 2748 3781 rudimentis
2785 3736 2838 3782 et
2877 3731 3157 3788 inveterata
3190 3752 3312 3792 con-

1796 3802 2067 3856 suetudine
2114 3805 2416 3872 gentilitatis
2465 3809 2574 3863 haec
2587 3800 2633 3871 ,Ψ
2651 3814 2796 3878 quasi
2831 3816 2930 3870 sibi
2979 3819 3045 3870 ad
3090 3821 3305 3876 salutent

1797 3887 2110 3976 sufﬁcerent.
2145 3893 2336 3960 scripta
2360 3903 2498 3958 sunt,
2528 3897 2645 3965 quis
2674 3907 3023 3971 transgressor
3056 3905 3166 3960 btec
3183 3923 3306 3976 par—

1795 3973 2068 4041 vipendat?
2103 3977 2268 4032 Simul
2295 3990 2348 4034 et
2373 3983 2470 4035 hoc
2501 3985 2952 4052 considerandum,
2981 3992 3117 4058 quod
3141 3973 3304 4048 idolo-

1795 4058 1964 4114 latria:
1982 4069 2035 4115 et
2052 4062 2383 4150 fornicationi
2406 4067 2707 4125 suifocatum
2741 4081 2795 4126 et
2825 4077 3036 4144 sanguis
3074 4081 3304 4150 :equipa-

1797 4155 1996 4236 rantur.
2048 4148 2191 4204 Unde
2223 4154 2462 4207 omnibus
2489 4159 2821 4214 annuntietur
2855 4171 3101 4230 quantum
3125 4148 3308 4236 piacu-

1797 4234 1901 4287 lum
1932 4238 1998 4290 sit
2024 4240 2324 4306 sanguinem
2355 4245 2643 4305 comedere,
2671 4248 2805 4311 quod
2829 4249 2979 4304 idolis
2999 4261 3048 4303 et
3078 4234 3302 4309 fornicao

186 4326 274 4371 aut
306 4318 656 4380 morticinum,
695 4325 782 4370 aut
829 4317 1170 4372 dilaceratum
1198 4335 1226 4370 a
1259 4320 1441 4380 bestia,
1472 4320 1696 4386 qnadra-
1717 4339 1769 4398 ι)
1797 4321 1922 4374 tioni
1946 4331 2294 4391 comparatur.
2319 4325 2372 4379 Si
2393 4329 2510 4396 quis
2529 4330 2639 4382 hmc
2662 4331 2922 4388 Dominica
2953 4345 3002 4388 et
3023 4341 3301 4405 apostolica

186 4406 324 4472 ginta
362 4405 472 4458 dies
508 4407 775 4470 paeniteat.
826 4405 880 4458 Si
917 4406 1034 4474 quis
1060 4407 1368 4460 necessitate
1404 4407 1555 4462 famis
1607 4424 1694 4463 co—

186 4499 336 4560 gente
365 4493 709 4553 manducavit,
741 4493 903 4545 multo
927 4493 1088 4547 levius
1115 4495 1382 4563 pmniteat.

249 4576 378 4629 Car.
411 4591 622 4629 cccux.
673 4577 770 4641 Qui
813 4577 1125 4643 fraudatum,
1173 4591 1397 4649 raptum,
1453 4584 1528 4635 vel
1562 4584 1701 4637 fura-

185 4669 290 4714 tum
316 4664 488 4716 sciens
511 4664 802 4726 manducat,
852 4666 896 4719 si
918 4682 1112 4734 pauper
1131 4676 1228 4729 est,
1259 4678 1456 4735 septem
1485 4670 1628 4733 dies;
1652 4672 1697 4724 si

188 4755 389 4810 potztis,
437 4749 773 4818 quadraginta
797 4752 907 4804 dies
930 4753 1196 4818 pmniteat.
1245 4753 1437 4806 Infirmi
1471 4770 1612 4818 vero,
1652 4758 1696 4810 si

188 4835 376 4892 sciunt,
409 4836 701 4902 quindecim
731 4837 840 4888 dics
868 4841 1170 4902 pmniteant.

253 4923 376 4976 Car.
414 4937 645 4976 cccuxt.
690 4927 713 4996 β
763 4925 859 4990 Qui
900 4928 1123 4978 comedit
1159 4936 1211 4980 et
1232 4929 1360 4980 bibit
1384 4931 1698 4983 contamina-

254 5059 279 5087 ι
315 5048 526 5109 Burch.,
548 5078 580 5099 ι.
604 5063 698 5108 xu,
719 5066 766 5102 c.
801 5052 848 5103 l.

216 5114 282 5194 ..δ
308 5115 384 5193 ’60
405 5115 786 5194 dicspmnitcat,
802 5128 854 5194 et
872 5128 1140 5188 sequentes
1158 5135 1337 5184 annos,
1361 5130 1412 5176 et
1432 5140 1694 5194 nunquam

189 5183 254 5232 sit
279 5183 391 5234 sine
418 5185 558 5248 gravi
586 5185 903 5250 poenitentia.

257 5257 280 5286 α
318 5248 530 5304 Burcln.
556 5250 590 5301 Ι.
631 5266 724 5304 xu.
754 5267 799 5303 c.
823 5253 884 5304 5..

361 5264 530 5311 urcn.,
556 5264 590 5301 ι.
631 5266 724 5312 xu,
754 5267 799 5303 c.
823 5264 884 5304 ὁ..

254 5314 281 5353 δ
315 5314 530 5376 Burch.,
569 5316 603 5368 Ι.
625 5331 695 5380 'x,
717 5333 762 5371 c.
787 5319 871 5370 3i.

258 5391 285 5446 ξ
319 5381 534 5446 Burch.,
571 5383 605 5434 l.
637 5400 686 5444 ι,
720 5400 765 5436 c.
792 5386 842 5439 9.

260 5445 283 5487 ί
320 5448 537 5509 Burch.,
573 5449 609 5500 l.
644 5466 817 5510 κως.
847 5453 930 5506 88.

259 5515 286 5556 ⁸
318 5515 532 5579 Burch.,
569 5515 604 5568 l.
633 5531 807 5580 amo.
831 5519 944 5573 106.

1793 4421 2052 4479 prmoepta
2084 4415 2367 4479 violaverit,
2393 4432 2419 4469 a
2448 4423 2803 4476 communione
2823 4426 3170 4484 ecclesiastica
3194 4420 3304 4486 ἔπιεν-

1793 4501 2065 4568 pendatur,
2097 4519 2255 4570 usque
2283 4506 2434 4572 digne
2455 4509 2719 4572 pmniteat.

2103 4593 2173 4644 De
2201 4593 2390 4660 liquore
2418 4598 2469 4647 in
2493 4613 2590 4664 quo
2615 4615 2724 4652 anus
2750 4602 3000 4656 ceciderit.

2138 4679 2233 4748 (Ex
2269 4681 2611 4735 Paenitentiali
2640 4701 2742 4752 quo
2769 4689 2965 4755 supra.)

1862 4765 1985 4818 CAP.
2012 4781 2310 4819 ccccxxsw.
2351 4768 2458 4820 llus
2498 4771 2540 4822 si
2565 4772 2806 4824 ceciderit
2829 4776 2878 4826 in
2912 4776 3179 4842 liquorem,
3202 4781 3301 4832 tola

1793 4853 1930 4906 latur
1955 4855 2088 4912 inde.
2139 4863 2189 4906 et
2210 4867 2510 4924 aspergatur
2551 4874 2680 4926 aqua
2719 4863 3002 4925 benedicta,
3033 4875 3085 4917 et
3128 4882 3299 4918 suma-

1795 4949 1896 4992 tur.
1961 4940 2015 4992 Si
2046 4955 2166 4992 vero
2204 4953 2402 4995 mortua
2436 4945 2836 5010 fueritinvcnta,
2875 4953 3140 5016 abjieiatur
3163 4961 3300 5006 totus

1859 5072 1884 5110 ιι
1926 5070 2140 5132 Burch.,
2181 5072 2214 5121 l.
2239 5088 2346 5131 xxv,
2371 5089 2419 5126 c.
2458 5073 2567 5125 l06.

1864 5141 1879 5176 ἱ
1930 5139 2040 5210 alit
2060 5141 2204 5210 juxta
2228 5139 2472 5210 litteram,
2494 5142 2629 5192 omni
2656 5146 2825 5210 generi
2850 5145 3011 5198 electo
3029 5187 3041 5209 ,
3070 5146 3221 5210 regali
3247 5157 3302 5204 ei

1791 5206 2138 5276 sacerdotali,
2179 5207 2312 5276 quod
2342 5210 2547 5274 proprie
2585 5206 2680 5276 rad'
2698 5206 3296 5276 (jln'iSIiannsrefertur,
3337 5257 3352 5263 -

1791 5272 1878 5389 ὖιιὶ
1928 5274 2063 5322 uncti
2095 5284 2212 5324 sunt
2239 5272 2356 5325 oleo
2399 5272 2635 5338 spiritali,
2667 5278 2726 5328 tle
2752 5294 2852 5343 quo
2894 5283 3136 5347 scriptum
3173 5294 3252 5335 (νει
3281 5272 3295 5335 ξ

1844 5340 1949 5388 ιιι-ξι
1977 5348 2021 5388 te
2052 5339 2187 5389 Deus
2215 5350 2329 5389 tuus
2353 5343 2459 5389 οιεο
2478 5340 2823 5389 ι’ἔῑδυίιαίίοηίε
2851 5363 2952 5389 nt‘m
2976 5350 3295 5389 nm‘n'a‘t'm'bux

1844 5340 2021 5416 {mitte
2052 5339 2187 5390 Deus
2215 5350 2329 5416 tuus
2353 5343 2459 5416 oleo
2478 5339 2823 5396 exsultatiouis
2850 5343 2952 5414 prie
2972 5339 3298 5416 participibus

1793 5404 1888 5472 tuis
1911 5407 2062 5472 {inec
2081 5415 2351 5472 praecepta,
2377 5415 2479 5460 etc.

1863 5471 1878 5520 i
1925 5471 1978 5525 S.
2011 5471 2354 5540 Hieronymus
2375 5475 2426 5527 in
2447 5475 2786 5540 Ezechielcm,
2801 5492 2914 5546 cap.
2945 5479 3025 5533 45.
