3922 6222
574 284 676 340 9Ἰ9

1488 284 1823 339 THEODORI
1860 286 2162 341 ARClllEP.
2201 288 2733 345 CAN'IUARIENSIS

3595 286 3709 339 980

572 408 675 445 nua
701 392 909 461 pietatis
933 391 1105 445 clausa
1148 391 1402 456 videatur,
1427 380 1747 447 orationibus
1772 403 1822 446 et
1849 394 2082 447 consola-
2110 400 2149 456 Α
2179 412 2295 450 cum
2326 397 2515 464 puella,
2544 397 2711 450 tribus
2748 395 2897 448 annis
2936 396 3183 462 paeniteat
3242 396 3298 448 Si
3345 409 3460 448 cum
3507 398 3711 447 sancti-

570 481 796 533 tionibus
825 481 1187 535 ecclesiasticis
1231 497 1377 534 sacra
1416 497 1532 535 cum
1576 482 1818 535 unctione
1843 484 1942 536 olei
1971 486 2081 536 ani-

568 566 717 629 mati,
749 568 1023 619 secundum
1063 574 1254 618 statuta
1298 578 1591 619 sanctorum
1619 559 1829 621 Patrum
1856 584 2081 622 commu-

566 651 722 703 nione
744 652 912 704 viatici
931 653 1247 704 reficiantur.
1269 664 1291 690 ιι
1311 651 1365 704 Si
1386 663 1553 705 autem
1571 661 1837 721 peccatum
1862 655 2079 708 mortale

562 734 721 789 fuerit
760 738 849 790 sed
897 738 1177 800 occultum,
1229 739 1596 792 innotescenda
1643 740 1722 792 eis
1774 741 2078 807 pmnitentia

562 834 677 887 qua:
712 822 1079 888 imponeretur,
1107 824 1148 876 si
1180 832 1449 890 peccatum
1483 823 1743 889 publicum
1787 835 1957 889 esset;
1988 827 2078 879 sed

560 911 698 963 nulla
745 921 865 964 sunt
890 913 1197 980 imponenda
1227 927 1341 980 qum
1367 913 1630 965 observari
1659 914 1853 980 absque
1880 915 2074 981 peccati

558 1000 905 1065 publicatione
930 1017 1032 1054 non
1070 1009 1314 1067 possunt,
1342 999 1491 1067 quale
1515 1008 1596 1053 est
1625 1010 1769 1053 extra
1803 1003 2074 1054 ecclesiam

556 1089 830 1153 pmnitere,
861 1097 914 1141 et
957 1089 1145 1142 similia
1177 1102 1291 1155 qua:
1339 1086 1541 1138 nonnisi
1588 1086 1731 1139 laicis
1777 1098 1829 1141 et
1872 1089 2071 1155 publice

556 1177 891 1241 peccantibus
912 1185 1030 1229 sunt
1057 1175 1382 1243 injungenda.
1412 1174 1485 1226 Ex
1515 1175 1612 1227 hoc
1638 1191 1759 1228 vero
1789 1176 2073 1243 intelligant

557 1263 624 1314 ad
648 1264 770 1329 quid
798 1272 1070 1317 teneantur
1092 1280 1153 1317 ex
1187 1266 1392 1326 merito,
1420 1264 1498 1315 vel
1526 1272 1776 1328 quantum
1798 1264 1874 1318 eis
1894 1279 2069 1331 parca-

554 1357 661 1412 tur,
702 1366 763 1403 eo
802 1353 935 1418 quod
980 1367 1074 1419 per
1118 1360 1370 1405 secretam
1398 1350 1774 1403 confessionem
1805 1348 1926 1403 facti
1956 1358 2076 1404 sunt

555 1440 781 1507 ipsorum
812 1442 963 1508 primi
1000 1450 1355 1504 accusatores;
1386 1448 1437 1492 et
1478 1447 1534 1492 ut
1579 1454 1674 1506 pro
1714 1427 2073 1492 erubescentia

555 1545 708 1597 quam
737 1534 1050 1585 sustinerent
1078 1534 1127 1584 in
1150 1532 1352 1599 publica
1382 1532 1705 1599 paenitentia,
1732 1531 2074 1584 abundantio-

550 1633 663 1672 rem
690 1622 859 1673 cordis
885 1622 1245 1673 eontritioncm
1287 1629 1340 1673 et
1375 1621 1721 1683 devotionem,
1748 1634 1865 1673 cum
1900 1620 2071 1673 chari-

549 1707 674 1758 tatis
697 1707 938 1773 operibus
969 1713 1380 1774 recompensent.

1278 1791 1336 1844 ll.

548 1877 621 1931 Ex
661 1880 1150 1949 interrogationibus
1176 1880 1240 1933 ad
1269 1880 1649 1935 confessionem
1677 1884 1920 1949 dandam,
1951 1897 2067 1949 quae

617 1948 959 2026 subjiciuntur
989 1950 1387 2026 antiquissima:
1434 1964 1723 2026 canonum
1762 1948 2067 2026 collectioni

617 2017 810 2134 coﬂieis
832 2018 928 2070 viri
956 2015 1231 2070 clarissimi
1256 2017 1466 2069 Antonii
1495 2016 1675 2070 Vionis
1693 2016 1887 2070 domini
1909 2015 2069 2069 Hero-

615 2097 676 2134 va
719 2100 774 2135 ιι.

618 2169 905 2224 Theodorus
924 2171 1048 2225 dixit
1072 2184 1089 2221 :
1111 2170 1392 2226 Monachus
1411 2170 1437 2209 δ
1460 2170 1854 2225 fornicationem
1873 2169 2071 2224 faciens

616 2314 642 2371 9
680 2301 953 2371 [lucusque
978 2304 1166 2358 Burch.
1195 2305 1283 2359 lib.
1316 2322 1463 2368 xvm,
1493 2321 1541 2358 c.
1570 2305 1653 2357 14.

616 2369 643 2409 δ
679 2370 805 2426 Vide
827 2369 1053 2427 canones
1074 2374 1223 2428 Bedae
1245 2377 1309 2428 ad
1331 2374 1554 2428 remedia
1579 2380 1930 2442 peccatorum.
1954 2370 2067 2425 Lib.

2180 487 2411 548 moniali,
2442 494 2636 553 septem
2664 487 2814 537 annis
2840 484 3109 552 pmniteat.
3141 484 3325 536 Laicus
3354 482 3631 535 maculans
3652 498 3711 536 se

2178 587 2295 625 cum
2325 570 2507 623 ancilla
2552 570 2661 632 Dei,
2694 570 2912 622 duobus.
2948 568 3002 621 Si
3043 570 3278 637 genuerit
3329 583 3391 621 ex
3422 582 3482 621 ea
3512 567 3709 632 lilium,

2178 659 2345 711 tribus
2374 657 2539 709 annis.
2572 655 2625 709 Si
2672 656 2783 709 sine
2818 657 3117 718 concubitu,
3167 656 3331 708 tribus
3359 655 3708 722 quadragesi-

2177 747 2295 801 mis.
2326 747 2544 813 Quidam
2569 744 2908 813 quadraginta
2937 744 3047 796 dies
3062 741 3313 809 iudicant.

2176 988 2265 1041 ΕΧ
2297 984 2752 1041 COLLECTIONE
2776 980 3113 1043 CANONUM,
3137 978 3294 1045 QUAE
3335 970 3708 1030 SERVA'I'UB

2439 1072 2504 1125 IN
2538 1071 2970 1126 BIBLIOTHECA
3007 1068 3061 1121 S.
3103 1064 3425 1121 VICTORIS.

2605 1217 2699 1254 CAP
2709 1242 2719 1253 .
2760 1214 2961 1253 CONTRA
2995 1213 3037 1250 Si
3046 1212 3255 1251 HONIAK.

2708 1331 2803 1396 (Ex
2830 1329 3144 1397 Theodoro.)

2178 1450 2242 1504 Ut
2271 1451 2437 1504 nullus
2475 1451 2737 1503 ordinatus
2784 1449 2847 1501 de
2893 1448 3177 1503 ministeriis
3226 1445 3465 1499 Ecclesia
3502 1443 3704 1511 aliquid

2657 1518 2868 1571 cendere
2893 1527 3185 1585 prwsumat.

2242 1648 2295 1702 Si
2325 1649 2441 1716 quis
2465 1648 2759 1715 presbyter,
2789 1654 2878 1699 aut
2902 1646 3151 1698 diaconus
3175 1645 3416 1697 inventus
3444 1642 3605 1694 fuerit
3634 1646 3705 1693 de

2097 1711 2138 1769 Β
2167 1734 2470 1788 ministeriis
2494 1732 2739 1789 Ecclesia:
2778 1729 2969 1798 aliquid
3005 1729 3349 1791 vennndasse,
3378 1729 3501 1796 quia
3530 1728 3703 1779 sacri-

2128 1808 2135 1818 “
2164 1821 2355 1888 legium
2401 1820 2680 1880 commisit,
2708 1819 2901 1885 placuit
2927 1832 3045 1871 eum
3075 1816 3124 1867 in
3166 1814 3493 1868 ordinatione
3520 1813 3702 1865 Eccle-

2164 1910 2254 1962 siae
2283 1924 2384 1961 non
2412 1908 2610 1959 haberi.
2646 1905 2846 1959 Judicio
2870 1913 3040 1957 tamen
3068 1904 3295 1971 epise0pi
3321 1900 3699 1954 dimittendum

2163 2006 2260 2059 est,
2314 1998 2422 2050 sive
2470 1995 2538 2049 sit
2580 1996 2798 2065 dignus,
2834 1995 2941 2049 sive
2984 1994 3255 2062 indignus,
3290 1992 3341 2043 in
3386 2004 3482 2043 suo
3529 1989 3699 2054 recipi

2165 2086 2348 2154 gradu.

2161 2302 2345 2422 εἰ)ωηίιί
2376 2314 2414 2362 ι,
2458 2296 2655 2367 Andeg.
2687 2297 2793 2349 edit
2823 2296 2869 2349 J.
2903 2294 3100 2350 Morino
3138 2295 3190 2347 in
3229 2268 3530 2361 appendice
3554 2289 3592 2343 l.
3636 2291 3705 2343 de

2218 2384 2320 2422 (Bm
2351 2406 2362 2419 .

2218 2384 2362 2422 ωηιι.

571 2494 3694 2520 Mm

1649 2608 2019 2680 TITULI
2098 2604 2567 2675 CAPITUM

1270 2769 1527 2844 LlBlil
1591 2768 2390 2847 HENITENTIALIS
2445 2766 2953 2843 TIlEODOBI

1067 2920 1229 2991 Quos
1273 2920 1573 2978 Henricus
1623 2918 1902 2996 Spelman
1948 2915 2135 2977 edidit
2176 2919 2241 2977 in
2274 2916 2506 2975 Concil.
2548 2914 2864 2991 Anglican.
2909 2921 3052 2971 tom.
3095 2911 3148 2968 l.

609 3144 857 3207 ﬂabetur,
888 3146 1073 3213 inquit,
1122 3145 1174 3197 in
1211 3144 1403 3199 celebri
1431 3144 1743 3213 bibliotheca
1769 3146 1932 3200 sancti
1961 3146 2056 3200 Be-
2082 3146 2129 3209 C

538 3214 729 3269 nedicti
757 3214 1200 3280 Cantabrigensis,
1215 3213 1345 3267 liber
1366 3213 1461 3266 iste
1482 3212 1859 3267 Pmnitentialis
1882 3215 2051 3267 Theo—

538 3282 652 3350 dori
696 3282 1071 3350 archiepiscopi
1102 3280 1459 3344 Dorobernize;
1510 3283 1599 3333 Sed
1647 3297 1763 3335 cum
1804 3284 2055 3349 prolixior

536 3348 607 3404 sit
654 3365 808 3417 quam
852 3348 907 3401 uit
954 3348 1223 3403 commode
1259 3350 1343 3402 hic
1402 3350 1694 3410 inseratur,
1748 3348 1845 3404 nec
1898 3351 2052 3404 facile

539 3419 855 3471 concedatur
908 3421 1053 3471 venia
1103 3417 1479 3472 transcribendi
1537 3427 1701 3470 totum
1762 3419 1994 3473 codicem
2031 3457 2047 3482 ,

535 3500 631 3538 nos
652 3487 872 3553 capitula
893 3488 1213 3541 solummodo
1236 3487 1317 3540 vel
1342 3486 1514 3555 potius
1532 3487 1876 3555 capitulorum
1904 3486 2049 3541 fasti-

535 3554 616 3621 gia
645 3555 995 3608 adnectemus.

602 3638 640 3675 ι.
681 3621 753 3673 De
777 3623 926 3674 initio
955 3630 1223 3675 creatum.

604 3705 663 3741 ιι.
706 3690 967 3760 Praecepta
994 3692 1197 3760 legalja.

602 3772 684 3815 tu.
722 3756 971 3827 Dogmata
997 3756 1293 3826 evangelica
1320 3760 1603 3815 secundum
1631 3758 1949 3813 Matthzeum.

601 3829 672 3878 ιγ’.
714 3825 1006 3879 Secundum
1037 3827 1283 3880 Marcum.

602 3907 652 3945 v.
691 3892 986 3947 Secundum
1017 3896 1229 3948 Lucam.

601 3975 671 4013 vi.
715 3960 1004 4015 Secundum
1036 3962 1307 4015 Joannem.

599 4043 691 4081 vn.
727 4030 962 4100 Qualiter
988 4030 1117 4099 apud
1142 4030 1421 4100 orientales
1443 4031 1735 4100 provincias
1756 4030 2049 4085 Germania:

534 4106 689 4169 atque
721 4098 957 4151 Saxonim
988 4115 1082 4165 pro
1117 4099 1335 4153 diversis
1382 4098 1686 4154 criminibus
1732 4100 2050 4169 pmnitentize

531 4167 838 4220 observatur
874 4169 1076 4222 modus.

600 4249 712 4288 vru.
754 4239 824 4290 De
853 4236 1193 4304 temperantia
1217 4237 1599 4303 pmnitentium.

602 4321 674 4357 ιι.
707 4305 776 4356 De
805 4307 1023 4359 diversis
1046 4305 1353 4372 homicidiis.

602 4388 653 4424 κ.
685 4374 811 4425 ltetn
840 4378 900 4425 de
928 4375 1246 4441 poenitentia.

601 4456 671 4494 xx.
703 4442 770 4493 De
801 4444 1168 4508 pmnitentibus
1195 4453 1251 4493 ut
1277 4458 1303 4492 a
1330 4442 1646 4510 presbyteris
1678 4456 1779 4495 non
1812 4442 2040 4494 reconci-

536 4509 726 4562 lientur
752 4549 767 4574 ,
803 4510 899 4563 nisi
929 4511 1260 4577 praecipiente
1288 4509 1528 4578 episcopo
1554 4526 1620 4564 ex
1655 4510 1876 4565 concilio
1900 4510 2043 4563 Afri-

534 4592 679 4629 cano.

602 4660 693 4697 xu.
731 4645 857 4697 Item
889 4660 950 4698 ex
981 4646 1198 4700 concilio
1228 4646 1623 4714 Carthaginensi
1657 4647 1721 4700 de
1751 4648 1933 4701 eadem
1964 4662 2039 4701 re.

603 4728 715 4765 xm.
747 4714 818 4766 De
846 4716 1151 4781 capitalibus
1180 4716 1501 4769 criminibus.
1957 4746 1963 4752 -

601 4796 707 4832 ιιν.
742 4782 995 4849 Incipiunt
1022 4784 1245 4849 capitula
1277 4785 1340 4836 de
1366 4785 1522 4838 vitiis.

603 4864 685 4901 xv.
712 4850 783 4901 De
814 4852 947 4902 inani
974 4851 1154 4918 gloria.

602 4932 706 4970 ινι.
733 4918 804 4970 De
828 4919 1036 4972 invidia.

604 5001 730 5039 xvn.
760 4986 946 5039 Deira.

604 5068 751 5107 xvm.
786 5056 856 5107 De
882 5054 1087 5109 tristitia
1111 5054 1303 5107 sreculi.

602 5136 711 5175 ιτς.
742 5125 811 5175 l)e
840 5124 1074 5176 avaritia.

604 5206 689 5243 xx.
722 5191 796 5243 De
818 5194 1009 5261 ventris
1033 5190 1270 5261 ingluvie.

602 5274 709 5311 xxx.
742 5261 811 5311 De
840 5260 1058 5311 luxuria.

604 5341 733 5379 χχιι.
763 5330 833 5380 De
860 5328 1196 5380 fornicatione
1215 5325 1482 5377 laicorum.

603 5410 755 5450 χχιιι.
788 5398 858 5450 De
890 5396 1250 5450 observatione
1278 5392 1688 5461 coniugatorum.

606 5481 749 5521 xxiv.
784 5465 856 5519 De
891 5465 1230 5521 fornicatione
1258 5463 1563 5517 clericorum
1606 5464 1715 5516 sive
1761 5465 2038 5518 sanctimo-

540 5535 773 5587 nialium.

2224 3160 2345 3198 xxv.
2375 3144 2449 3198 De
2478 3142 2751 3197 adulterio.

2226 3230 2369 3266 xxvi.
2400 3214 2471 3266 De
2493 3210 2820 3265 incestuosis.

2226 3296 2387 3334 xxvii.
2420 3280 2492 3332 De
2519 3277 2829 3331 homicidiis.

2224 3365 2409 3402 xxvin.
2436 3348 2511 3401 De
2536 3346 2665 3399 falso
2692 3346 2988 3398 testimonio
3010 3353 3063 3398 et
3090 3342 3378 3397 mendacio.

2222 3434 2367 3471 xxix.
2411 3417 2485 3469 De
2513 3416 2652 3470 furto
2679 3423 2731 3468 et
2760 3415 2999 3468 incendio
3025 3424 3078 3468 et
3119 3412 3483 3480 sepulcrorum
3522 3413 3693 3468 viola-

2154 3488 2372 3541 toribus.

2225 3572 2346 3607 xxx.
2387 3555 2460 3607 De
2494 3552 2744 3621 perjurio.

2222 3638 2364 3675 xui.
2398 3624 2469 3675 De
2495 3618 2677 3688 rapina
2707 3628 2761 3672 et
2785 3619 2848 3673 de
2875 3633 3064 3680 usura;
3094 3629 3147 3671 et
3172 3618 3543 3688 quighospites
3582 3634 3687 3672 non

2156 3692 2343 3758 recipit
2365 3699 2417 3743 ct
2446 3685 2686 3758 man-data
2716 3689 3011 3757 evangelica
3040 3703 3142 3741 non
3168 3685 3364 3755 implet.

2222 3757 2387 3811 xxx".
2420 3760 2490 3811 De
2514 3757 2765 3809 ebrietate
2788 3766 2842 3810 et
2870 3758 3084 3808 vomitu.

2221 3843 2407 3879 xxxiii.
2442 3828 2512 3878 De
2540 3825 2828 3890 idololatria
2852 3834 2904 3878 et
2926 3824 3227 3893 sacrilegio;
3260 3830 3311 3877 et
3343 3822 3432 3890 qui
3463 3821 3682 3893 angelos

2152 3896 2347 3955 colunt,
2375 3902 2428 3947 et
2467 3894 2758 3954 maleficos,
2790 3894 3014 3956 ariolos,
3046 3891 3325 3951 veneficos,
3354 3891 3633 3957 sortilegos
3660 3930 3677 3950 ,

2152 3963 2353 4015 divinos
2375 3971 2426 4014 et
2460 3972 2577 4013 vota
2610 3963 2903 4024 rcddentes,
2931 3963 3029 4014 nisi
3060 3962 3122 4013 ad
3147 3960 3417 4013 ecclesiam
3453 3957 3584 4021 Dei;
3620 3971 3674 4011 et

2152 4032 2202 4082 in
2228 4030 2487 4083 Kalendas
2514 4028 2803 4091 Januarias,
2837 4031 2887 4081 in
2915 4030 3122 4083 cr-rvulo
3150 4037 3202 4082 et
3231 4030 3280 4081 in
3305 4029 3477 4081 vetula
3505 4027 3673 4089 vadit,

2147 4108 2201 4152 et
2232 4099 2628 4151 mathematicos
2654 4106 2707 4149 ct
2730 4098 3006 4151 cmissores
3036 4106 3419 4165 tempestatum.

2213 4176 2389 4220 χχχιιι.
2436 4167 2508 4219 De
2548 4166 2835 4229 sodomitis,
2866 4173 2919 4218 et
2956 4167 3229 4228 mollibus,
3276 4174 3328 4218 et
3376 4165 3665 4221 immundis

2212 4235 2527 4289 llutionibus.

2143 4250 2527 4303 pouunomnus.

2070 4279 2117 4336 D
2212 4315 2368 4356 “xv.
2402 4303 2473 4355 De
2503 4302 2860 4355 maledictione
2882 4311 2934 4354 et
2957 4302 3297 4356 detractione.

2214 4372 2390 4424 χ’χχνι.
2423 4372 2494 4422 De
2522 4372 2882 4424 communione
2907 4372 3289 4423 lizereticorum.

2213 4456 2411 4493 xxxvii.
2440 4440 2511 4490 De
2534 4441 2846 4492 discretione
2873 4441 3109 4497 ciborum
3148 4440 3352 4491 mundis
3371 4449 3424 4493 et
3443 4439 3665 4492 immun-

2142 4509 2241 4561 dis.
3038 4539 3046 4547 .

2211 4592 2429 4629 xxxviii.
2474 4577 2546 4628 De
2588 4576 2671 4629 bis
2715 4576 2803 4642 qui
2849 4574 3197 4644 ecclesiastica
3236 4574 3433 4644 jejunia
3464 4575 3661 4644 absque

2141 4646 2449 4698 necessitate
2471 4644 2786 4697 dissolvunt:
2810 4643 2941 4699 etde
2968 4645 3049 4697 bis
3077 4644 3165 4712 qui
3189 4643 3490 4698 venationes
3510 4643 3662 4698 exer-

2141 4722 2277 4767 cent.
2536 4746 2547 4753 α

2140 4849 2155 4901 1
2209 4797 2387 4861 mox.
2421 4779 2493 4833 De
2524 4779 2789 4833 otiositate
2814 4818 2829 4842 ,
2878 4787 2932 4832 et
2974 4781 3288 4834 verbositate
3312 4820 3326 4843 ,
3359 4789 3413 4833 et
3442 4794 3659 4836 somno—

2158 4858 2313 4901 entia.

2158 4852 2313 4903 entia.

2207 4934 2291 4970 XL.
2320 4917 2393 4969 De
2419 4916 2765 4969 inobedicntia
2797 4925 2849 4970 et
2874 4916 3210 4983 blasphemia.
3247 4933 3254 4940 ·

2205 5000 2309 5038 xu.
2346 4985 2420 5037 De
2448 4984 2846 5051 cogitationibus
2872 4986 3036 5038 malis.

2146 5116 2147 5119 η
2206 5069 2332 5106 mi.
2366 5052 2440 5105 De
2460 5053 2618 5105 verbo
2642 5054 2829 5106 otioso.

2207 5137 2352 5174 mn.
2386 5122 2459 5173 De
2483 5121 2805 5175 curiositate.

2205 5206 2344 5242 xuv.
2378 5191 2451 5242 De
2478 5190 2735 5259 baptismo
2775 5190 3038 5259 reiterato,
3066 5200 3123 5243 et
3142 5190 3206 5243 de
3226 5204 3387 5259 opere
3422 5190 3513 5244 die
3560 5189 3670 5247 Do-

2137 5259 2349 5319 minico,
2377 5268 2429 5309 et
2454 5258 2651 5327 quidie
2680 5256 2946 5327 Dominieo
2964 5258 3219 5327 jejunant.

2205 5342 2321 5380 xm.
2348 5327 2420 5379 De
2443 5325 2751 5392 negligentia
2775 5325 3129 5381 Eucharistim.

2205 5410 2343 5466 xcvi.
2375 5395 2446 5446 De
2472 5394 2782 5466 negligentia
2804 5395 2922 5448 novi
2946 5410 3006 5449 ac
3030 5396 3337 5450 sanctificati
3359 5397 3545 5466 panis.
3573 5401 3691 5456 sive

2140 5463 2206 5517 de.
2226 5464 2341 5517 aliis
2370 5462 2644 5516 creaturis.

2213 5546 2369 5584 xrvu.
2401 5532 2473 5584 De
2503 5530 2920 5587 reconciliatione
2947 5533 3328 5601 poenitentium.
