3922 6222
271 371 370 425 93‘.

345 497 521 534 nviu.
560 481 626 531 I‘e
649 481 1008 532 communione
1032 478 1322 530 JUdCI'OI'IIIII
1351 478 1426 530 vel
1459 476 1739 542 gentilium.
1804 481 1848 535 Α

342 563 482 600 nix.
512 547 583 599 De
611 547 925 612 presbyteris
949 548 1033 610 qui
1065 547 1400 597 morientibus
1424 545 1778 612 pwnitentiam

265 611 551 682 denegauit.
662 615 747 679 qui
771 611 1009 682 inﬁrmos
1032 628 1132 682 non
1161 611 1440 682 baptizaut.

343 698 390 734 ι..
415 679 571 744 Ὀιιοό
599 681 766 733 εἶναιςί
795 681 1008 744 singulis
1031 680 1307 730 Dominicis
1331 679 1725 731 communicent.

344 763 411 800 LI.
441 750 510 800 De
536 749 1024 801 commemoratione
1047 746 1422 804 defunctorum,
1442 747 1516 795 vel
1535 747 1597 795 de
1624 746 1778 797 missa

265 830 370 881 pro
395 817 486 866 eis.
517 815 578 866 Et
610 830 704 866 cur
732 813 934 873 tertius,
963 815 1229 878 septimus,
1264 814 1342 866 vel
1369 814 1659 880 trigesimus
1689 827 1776 864 an~

267 884 589 935 nivei-sarius
615 883 725 933 dies
751 881 1056 933 celebretur.

341 965 430 1002 LII.
466 949 537 999 lle
565 951 660 999 ritu
693 948 964 999 mulierum
988 949 1036 998 in
1059 947 1293 999 ecclesia.

342 1031 447 1066 I.III.
489 1017 558 1066 De
583 1015 800 1066 ecclesia
840 1015 888 1065 in
937 1031 1034 1081 qua
1071 1023 1389 1064 mortuorum
1432 1013 1680 1065 cadavera
1717 1010 1776 1064 ﬁ-

263 1082 460 1137 delium
487 1083 592 1133 sive
624 1081 900 1134 inlidelium
935 1081 1267 1147 sepeliuntur.

340 1165 439 1201 Liv.
473 1150 543 1200 De
565 1149 792 1216 reliquiis
821 1156 1136 1208 sanctorum,
1178 1147 1256 1200 vel
1294 1147 1392 1216 ritu
1428 1147 1774 1208 sacerdotum,

261 1225 324 1268 et
354 1214 707 1274 diaconoruni,
748 1216 1097 1282 laicorumque
1126 1217 1174 1266 in
1202 1214 1435 1266 ecclesia.

338 1299 417 1336 Lv.
451 1284 594 1346 Quod
617 1283 740 1334 nulli
767 1283 832 1335 sit
854 1283 1030 1334 ultima
1051 1283 1350 1348 poenitentia
1380 1282 1696 1348 deneganda.

336 1365 438 1402 ιιι.
479 1351 548 1402 De
585 1351 666 1402 his
706 1352 793 1417 qui
840 1347 1179 1402 morientibus
1217 1348 1570 1417 pmnitentiam
1615 1347 1777 1401 dene-

263 1426 413 1484 gant.

338 1500 458 1536 Lvn.
487 1485 558 1536 De
579 1485 996 1549 pmnitentiarum
1019 1485 1333 1536 diversitate.

338 1566 481 1603 Lvui.
513 1551 582 1603 De
609 1552 1046 1604 reconciliatione.
1075 1551 1199 1603 Item
1229 1552 1291 1602 de
1329 1549 1507 1602 eadem
1543 1565 1616 1602 re.

333 1634 437 1670 Lix.
480 1619 549 1670 De
576 1619 782 1670 clericis
819 1619 926 1670 sive
963 1619 1026 1669 de
1060 1618 1426 1670 ecclesiasticis
1453 1617 1737 1670 ordinibus.

332 1700 417 1736 ιιι.
444 1685 514 1737 De
538 1687 836 1739 diversitate
857 1686 1113 1737 ordinum.

329 1767 437 1804 ut.
465 1753 535 1804 De
560 1754 811 1806 electione
836 1753 1232 1806 sacerdotalium
1256 1751 1517 1804 ordinum."

330 1833 457 1871 uti.
485 1819 611 1887 Item
636 1821 701 1872 de
728 1821 996 1874 electione.
1021 1819 1300 1887 Gregorius
1323 1819 1464 1887 dicit.

333 1900 478 1937 uni.
510 1886 636 1940 Item
683 1901 907 1941 canones
935 1885 1249 1941 sanctorum
1278 1887 1342 1940 de
1375 1885 1629 1940 electione
1659 1885 1770 1952 epi-

252 1966 556 2020 scaporum.

904 369 1414 424 posmmsrms
1441 352 1806 455 council
1845 369 1981 424 cum
2017 369 2184 423 ALIIS
2217 370 2362 424 car.
2402 372 2484 425 ET
2523 371 2670 425 CAN.

3273 373 3375 431 οη

1945 493 2082 531 LXIV.
2122 476 2176 529 Si
2201 479 2470 543 episcopus
2492 492 2520 528 a
2547 476 2939 541 metropolitano
2965 477 3254 543 admonitus
3279 490 3372 541 pro

1874 546 2089 610 synodo,
2114 544 2194 597 vel
2215 542 2535 596 ordinatione
2575 544 2850 610 episcopali
2883 543 3058 595 venire
3093 542 3368 597 distulerit.

1921 629 1946 664 χ
1971 613 2188 664 concilio
2205 612 2506 675 Agathensi.

1939 694 2056 732 va.
2088 681 2160 731 De
2187 679 2510 730 ordinatione
2537 677 2928 744 archiepisc0pi.

1940 761 2077 798 um.
2109 746 2180 798 De
2207 745 2457 797 electione
2483 745 2806 812 indignorum
2842 758 3004 812 canon
3049 751 3366 812 sanctorum.

1939 827 2098 864 vau.
2141 813 2266 864 Item
2313 826 2376 863 ex
2412 810 2629 864 concilio
2675 810 3074 875 Clialcedqnensi
3120 810 3266 862 titulo
3291 826 3372 869 se-

1871 879 2058 940 cundo,
2105 881 2249 948 quod
2292 894 2392 931 non
2431 879 2648 931 debeant
2678 877 2845 930 ofﬁcia
2896 878 3243 932 ecclesiastica
3278 893 3371 948 per

1871 949 2116 1016 pecunias
2142 947 2392 1016 ordinari.

1938 1029 2116 1067 vain.
2150 1015 2275 1081 Item
2299 1013 2361 1066 de
2385 1013 2570 1081 elapsis
2594 1013 2861 1080 graduum.

1938 1098 2075 1136 thx.
2106 1083 2177 1134 De
2205 1079 2615 1133 accusationibus
2650 1089 2702 1131 et
2728 1079 3160 1133 excusationibus.

1939 1165 2057 1202 Lxx.
2085 1148 2366 1214 Gregorius
2404 1148 2587 1200 Joanni
2618 1147 2878 1200 defensori
2907 1147 3132 1214 qualiter
3164 1146 3228 1199 de
3265 1146 3377 1213 epl-

1873 1232 2026 1284 scopo
2059 1213 2303 1270 Januario
2343 1215 2722 1284 observandum
2759 1216 2860 1279 sit,
2907 1213 3014 1268 sive
3042 1213 3105 1268 de
3127 1214 3242 1268 aliis
3266 1214 3373 1281 epi-

1871 1283 2041 1350 scopis
2066 1286 2254 1352 injuste
2280 1283 2651 1352 condemnatis.

1937 1367 2074 1407 an.
2107 1351 2178 1404 De
2201 1351 2507 1418 juramentis
2534 1351 2909 1416 episcoporum.

1936 1434 2096 1473 Lxxu.
2125 1419 2198 1470 De.
2226 1419 2495 1470 vexatione
2520 1419 2896 1482 episcoporum.

1936 1501 2120 1541 utsin.
2149 1486 2221 1537 De
2243 1494 2448 1550 pastore
2475 1493 2524 1536 et
2546 1485 2898 1550 prmdicatore.

1936 1568 2109 1608 Lxxw.
2143 1553 2309 1604 Verba
2338 1552 2620 1604 Ezechielis
2645 1553 2922 1619 prophetae.

1936 1635 2086 1675 Lxxv.
2124 1619 2247 1672 Item
2275 1619 2340 1670 de
2363 1629 2588 1685 pastore.

1936 1702 2112 1742 um.
2145 1687 2216 1738 De
2243 1687 2498 1752 episc0pis
2521 1693 2573 1737 et
2599 1685 2930 1752 presbyteris.

1941 1769 2136 1808 Lxxvu.
2167 1755 2240 1806 De
2269 1754 2581 1820 quotidianis
2606 1753 2845 1819 operibus
2872 1753 3246 1820 episcoporum.

1942 1837 2159 1876 Lxxvm.
2215 1817 2529 1890 Augustinus
2580 1817 2964 1872 Aurelianensis
3009 1817 3279 1884 cpiscopus
3297 1817 3373 1868 di-

1873 1891 1963 1943 cit.

3015 2079 3366 2090 um

1450 2169 1828 2228 CAPITULA
1869 2167 2220 2239 QUEDAM

251 2311 331 2375 Α.
375 2312 449 2372 R.
484 2329 552 2370 ac
581 2309 929 2371 doctissimo
967 2312 1040 2369 Β.
1086 2309 1252 2368 Luca
1305 2305 1598 2365 Dacherio
1633 2302 1792 2362 edita
1825 2302 2038 2378 Spicil.
2099 2312 2260 2361 tomo
2304 2303 2397 2361 ΙΧ
2421 2347 2436 2372 ,
2470 2323 2602 2362 cum
2636 2303 3043 2363 Panitentt'ali
3081 2304 3374 2363 Theodori

1497 2380 1720 2440 collata
1755 2386 1806 2435 et
1845 2377 2166 2436 emendata.

1625 2523 1987 2542 ——.

323 2616 393 2673 In
417 2615 650 2685 capitulis
692 2613 938 2668 Theodori
983 2612 1164 2680 legitur
1191 2625 1299 2678 cap.
1345 2625 1456 2661 vui.
1507 2607 1768 2659 Laborant

250 2712 474 2772 excepto
498 2701 765 2755 Dominico
791 2699 891 2752 die.
924 2697 982 2749 In
1013 2695 1352 2749 Pami:entiali
1380 2709 1395 2744 :
1428 2695 1490 2746 Et
1533 2693 1772 2746 laborant

249 2792 364 2846 sive
395 2791 660 2843 Dominico
684 2789 784 2841 die.
826 2785 948 2838 Vide
982 2795 1144 2837 notas.

323 2876 390 2928 In
415 2892 526 2943 Cap.
559 2891 674 2927 xui.
702 2874 757 2926 In
782 2873 934 2925 tertia
963 2871 1325 2940 provicinitate
1354 2869 1631 2937 provinciae
1654 2883 1768 2921 ear-

253 2965 341 3016 nis
372 3003 386 3026 ,
431 2961 710 3015 secundum
739 2959 949 3012 Graecos
995 2959 1116 3011 licet
1154 2958 1367 3010 nubere.
1409 2956 1475 3008 In
1507 2954 1683 3006 Pwnit.
1716 2954 1769 3006 In

248 3055 407 3106 tertia
447 3050 833 3120 propinquitate
869 3049 1058 3102 carnis.

319 3139 387 3192 In
427 3139 596 3192 eodem
642 3136 862 3206 capitulo
893 3137 989 3188 .‘In
1020 3135 1169 3188 tertia
1211 3134 1474 3203 provincia
1505 3147 1607 3186 non
1651 3131 1774 3185 licet

247 3244 467 3286 uxorem
495 3229 708 3280 alterius
734 3238 851 3293 post
882 3228 1078 3278 obitum
1103 3227 1212 3292 ejus
1239 3225 1448 3276 habere.
1488 3223 1550 3274 In
1578 3222 1760 3274 Paruit.

247 3318 305 3370 In
338 3316 490 3370 tertia
521 3323 693 3368 tamen
723 3315 1111 3382 pr0pinquitate
1138 3325 1238 3364 non
1262 3311 1401 3365 licet.

317 3403 386 3456 In
422 3419 533 3470 cap.
565 3418 676 3455 xix.
706 3402 770 3454 Et
796 3402 1099 3470 propinquis
1140 3402 1253 3468 ejus
1292 3408 1496 3467 oportet
1534 3398 1772 3466 jejunare

247 3491 436 3558 quinta
465 3491 565 3543 die.
597 3489 662 3541 In
691 3489 874 3541 Paruit.
899 3489 963 3541 Et
989 3489 1308 3556 propinquos
1336 3487 1448 3554 ejus
1473 3495 1675 3554 oportet
1695 3488 1772 3554 je-

245 3576 437 3644 iuuare
465 3585 662 3644 septem
688 3577 885 3628 diebus.

180 3726 182 3729 ι
324 3662 389 3713 In
416 3679 528 3729 cap.
558 3677 711 3714 uni.
740 3661 994 3714 Similiter
1017 3669 1068 3714 et
1096 3675 1306 3728 pecora,
1338 3661 1382 3713 si
1405 3675 1616 3714 necesse
1646 3669 1724 3714 est
1757 3700 1771 3723 ,

247 3764 351 3818 pro
399 3762 461 3800 eo
503 3748 710 3816 mquali.
759 3748 824 3800 In
859 3749 1041 3802 Pamit.
1083 3749 1334 3800 Similiter
1363 3763 1548 3814 pecora
1587 3747 1772 3815 aequali

249 3835 425 3903 pretio
451 3845 668 3902 possunt
698 3836 885 3888 mutari
910 3875 922 3897 ,
956 3837 1000 3888 si
1030 3849 1239 3888 necesse
1262 3837 1347 3887 sit.

325 3919 389 3972 In
415 3937 526 3989 cap.
570 3936 690 3974 xxv.
721 3922 776 3974 In
807 3921 966 3974 C(ena
1001 3936 1123 3974 vero
1162 3921 1364 3974 Domini
1401 3921 1692 3974 incenditur
1721 3921 1772 3974 in

231 4007 439 4076 _Natale
479 4019 776 4064 sanctorum
827 4027 922 4080 pro
977 4012 1268 4064 reverentia
1303 4011 1424 4064 diei.
1473 4011 1540 4064 In
1589 4011 1768 4066 Paruit.

250 4095 528 4148 Incensum
575 4097 777 4150 Domini
801 4090 1121 4152 incendatur
1163 4100 1214 4151 in
1253 4097 1425 4152 Natali
1473 4108 1773 4156 sanctorum

253 4202 354 4256 pro
382 4191 667 4242 reverentia
695 4190 816 4243 diei.

326 4274 390 4328 In
416 4291 524 4344 cap.
553 4292 697 4330 nui.
724 4278 779 4330 In
817 4278 902 4331 illa
931 4281 1014 4331 die
1043 4287 1163 4331 ante
1195 4278 1373 4332 Natale
1398 4280 1622 4339 Domini,
1645 4288 1769 4338 ctc.,
1800 4305 1846 4362 υ

251 4364 575 4418 manducant
627 4367 882 4430 Romani;
932 4366 1098 4420 Grmei
1143 4367 1282 4420 dicto
1323 4381 1536 4434 vespere
1561 4367 1772 4419 missam

249 4458 486 4502 cantant.
510 4450 574 4502 1η
597 4451 778 4504 Ρωηίι.
813 4453 1124 4506 Manducant
1148 4453 1404 4519 Romani;
1443 4454 1609 4508 Graeci
1649 4467 1774 4506 vero

251 4538 396 4590 dicta
421 4553 637 4607 vespere
664 4541 821 4592 missa
849 4549 1076 4594 cmnant.

329 4625 396 4678 In
429 4643 540 4695 cap.
570 4644 697 4682 ml.
743 4629 959 4684 Clericis
1000 4630 1292 4684 nullatenus
1336 4646 1566 4700 pugnare
1610 4630 1772 4692 licet,

259 4713 370 4765 nisi
407 4714 456 4765 in
506 4715 833 4769 multitudine
882 4727 972 4769 aut
1017 4718 1230 4770 consilio
1259 4732 1526 4770 servorum
1554 4717 1666 4770 Dei.
1707 4715 1772 4768 In

211 4845 214 4850 .
256 4797 451 4852 Pamil.
511 4801 788 4856 Multorum
823 4805 943 4859 licet
980 4806 1048 4858 sit
1083 4806 1300 4859 consilio
1338 4821 1608 4860 servorum
1658 4805 1770 4860 Dei.

261 4882 309 4935 ιν
313 4885 395 4938 ide
421 4896 585 4940 notas.

326 4970 394 5024 In
445 4989 556 5042 cap.
608 4991 745 5028 xu't.
798 4976 903 5031 Nec
938 4981 1210 5047 episcopus
1250 4979 1402 5032 debet
1440 4977 1690 5032 violenter
1724 4981 1776 5030 in

259 5059 398 5114 loco.
428 5059 494 5114 In
525 5060 710 5116 Paruit.
743 5064 850 5118 Nec
871 5068 1146 5136 episc0pus
1180 5066 1333 5122 debet
1359 5066 1612 5122 violenter
1654 5067 1779 5120 reti-

258 5160 392 5204 πει-ε
417 5147 661 5207 abbatem
689 5154 740 5207 in
766 5155 879 5210 loco
906 5172 1018 5211 suo.

2818 2501 2846 2532 Χ

1937 2607 2000 2658 In
2027 2625 2136 2675 cap.
2175 2625 2350 2662 sum.
2378 2610 2439 2662 Et
2461 2613 2684 2663 dimittat
2709 2610 2760 2662 in
2781 2612 2952 2678 priore
2988 2612 3100 2664 loco
3114 2614 3381 2681 presbyte-

1869 2709 2002 2744 rum.
2026 2692 2090 2744 In
2116 2691 2296 2745 Pwnit.
2322 2695 2385 2746 Et
2409 2695 2635 2747 dimittat
2657 2697 2707 2747 in
2734 2697 2957 2762 priorem
2981 2696 3194 2750 locum.‘

1937 2781 2000 2834 In
2034 2799 2144 2850 cap.
2177 2798 2351 2835 Lxxn'.
2386 2782 2440 2836 Si
2484 2792 2838 2850 prmgnantem
2878 2785 3148 2837 mulierem
3172 2799 3378 2853 compa-

1872 2880 1952 2922 rat
1988 2871 2176 2938 aliquis
2203 2872 2351 2939 prius
2391 2873 2640 2933 liberam,
2687 2873 2818 2925 liber
2841 2879 2957 2934 est;
2995 2873 3080 2940 qui
3107 2882 3380 2940 generatus

1871 2965 1969 3020 est,
1999 2973 2197 3011 servus.
2225 2959 2290 3012 In
2317 2957 2498 3023 Paruit.
2525 2959 2579 3012 Si
2599 2967 2948 3028 praegnantem
2973 2961 3379 3031 mulierem'quis

1872 3056 2156 3113 comparat,
2184 3047 2316 3100 liber
2337 3057 2499 3101 estex
2523 3063 2583 3101 ea
2609 3056 2901 3115 generatus.
2937 3046 3062 3100 Vide
3097 3058 3258 3100 notas.
3359 3105 3361 3110 η

1935 3134 2001 3186 In
2029 3152 2138 3202 cap.
2177 3131 2349 3189 Lxxvt.
2392 3137 2483 3189 Ille
2522 3137 2842 3198 infirmatus,
2877 3137 2919 3188 si
2949 3136 3032 3188 illa
3063 3136 3322 3188 inﬁrmata
3361 3178 3372 3196 ,

1870 3221 2080 3273 omnino
2115 3237 2371 3276 consensu
2411 3224 2678 3276 amborum
2719 3232 3041 3291 separentur.
3092 3222 3155 3272 In
3197 3221 3375 3274 Ρωηὶε.

1871 3313 1963 3365 Vel
1995 3313 2079 3366 ille
2111 3313 2399 3367 inﬁrmatus
2422 3353 2436 3378 ,
2471 3330 2562 3367 seu
2602 3315 2686 3368 illa
2733 3315 2991 3366 inﬁrmata
3013 3352 3027 3374 ,
3053 3321 3224 3364 tamen
3268 3313 3365 3364 nisi

1870 3415 1987 3454 cum
2017 3415 2272 3454 consensu
2312 3403 2582 3456 amborum
2626 3417 2728 3454 non
2768 3410 3092 3468 separentur.

1936 3488 2004 3540 In
2054 3505 2164 3556 cap.
2212 3504 2422 3540 Lxxxtx.
2474 3489 2758 3556 Episcopus
2803 3497 2854 3540 et
2912 3489 3071 3540 abbas
3122 3487 3378 3539 hominem

1870 3576 2179 3629 sceleratum
2206 3590 2412 3628 servum
2435 3584 2649 3643 possunt
2670 3576 2876 3628 habere.
2910 3573 2972 3625 In
3001 3573 3180 3625 l’a'nit.
3207 3574 3380 3626 Homi-

1869 3680 1987 3717 nem
2017 3664 2257 3718 scelerati
2286 3678 2490 3716 servum
2520 3673 2734 3730 possunt
2759 3663 2968 3715 habere.

1937 3751 2001 3803 In
2028 3768 2137 3819 cap.
2168 3767 2248 3804 xc.
2275 3751 2451 3818 Ibique
2473 3752 2657 3803 missas
2676 3765 2770 3818 pro
2790 3751 2864 3803 eis
2885 3750 3175 3813 celebrare;
3196 3752 3381 3804 deinde

1870 3855 1987 3891 cum
2015 3839 2308 3890 cantatione
2333 3839 2396 3890 ad
2423 3839 2731 3905 sepulturas.
2759 3837 2822 3888 In
2842 3836 3022 3890 Paruit.
3051 3839 3243 3892 Deinde
3261 3854 3377 3892 cum

1872 3925 2165 3978 cantatione
2195 3933 2400 3994 portare
2423 3926 2486 3977 ad
2512 3925 2822 3992 sepulturas.

1938 4014 2003 4066 In
2030 4031 2140 4082 cap.
2166 4029 2253 4066 cu.
2286 4015 2654 4080 Desponsatam
2680 4012 2901 4079 puellam
2934 4028 3032 4064 non
3060 4011 3178 4065 licet
3199 4027 3381 4080 paren-

1871 4103 2010 4156 tibus
2031 4103 2234 4154 tradere
2263 4102 2440 4163 alicui,
2469 4103 2567 4154 nisi
2597 4102 2679 4154 illa
2701 4103 2910 4154 omnino
2933 4103 3175 4165 resistat;
3209 4111 3380 4156 tamen

1871 4188 1935 4242 ad
1963 4189 2335 4241 monasterium
2369 4188 2506 4241 licet.
2538 4188 2601 4240 In
2628 4187 2808 4240 Pamit.
2838 4188 3065 4240 Puellam
3103 4190 3381 4255 desponsa-

1873 4288 1978 4331 tam
1999 4293 2100 4330 non
2124 4278 2244 4330 licet
2263 4277 2562 4344 parentibus
2582 4278 2702 4330 dare
2734 4278 2821 4329 alii
2853 4279 2960 4329 viro
2980 4316 2994 4338 ,
3024 4279 3120 4329 nisi
3147 4278 3230 4329 illa
3269 4293 3380 4331 om-

1872 4367 1995 4417 nino
2025 4365 2236 4418 resistat
2264 4379 2278 4415 :
2313 4372 2481 4417 tamen
2527 4365 2591 4418 ad
2621 4365 2990 4418 monasterium
3020 4365 3140 4418 licet
3181 4367 3257 4420 ire
3281 4405 3294 4430 ,
3333 4368 3379 4420 si

1871 4454 2109 4507 voluerit.

1939 4539 2005 4592 In
2034 4557 2144 4608 cap.
2173 4556 2256 4593 cx.
2289 4540 2386 4604 Qui
2412 4541 2744 4608 Evangelium
2786 4550 2982 4593 tantum
3013 4542 3154 4608 legit,
3183 4557 3380 4595 cura:

1872 4634 2028 4694 super
2051 4628 2321 4679 humerum
2344 4628 2504 4694 ponit,
2534 4644 2634 4680 non
2659 4629 2733 4680 sic
2756 4628 2806 4679 in
2831 4629 3032 4679 caeteris
3052 4628 3377 4681 lectionibus.

1871 4715 1934 4766 In
1971 4712 2155 4767 Pcenit.
2179 4715 2454 4783 Presbyter
2484 4717 2526 4767 si
2553 4719 2875 4781 rcsponsoria
2904 4726 3076 4768 cantat
3105 4717 3155 4768 in
3182 4717 3338 4768 missa
3363 4756 3379 4780 ,

1871 4819 2068 4856 cursu
2106 4818 2252 4856 suam
2294 4818 2393 4855 non
2435 4803 2614 4865 tollat,
2647 4804 2736 4857 sed
2760 4804 3078 4873 evangelium
3101 4803 3277 4872 legens
3295 4818 3380 4856 su-

1873 4906 1969 4960 per
1990 4893 2233 4943 bumeros
2253 4898 2426 4956 ponat.

1943 4979 2028 5032 Sic
2056 4976 2273 5044 capitula
2302 4993 2414 5044 qua:
2442 4977 2521 5030 vix
2549 4977 2760 5044 intelligi
2779 4986 3025 5043 poterant,
3051 4992 3140 5044 ope
3161 4984 3376 5027 veterum

1873 5067 2099 5129 codicum
2127 5063 2309 5117 I’mnit.
2341 5065 2410 5116 ita
2431 5067 2753 5118 emendantur
2781 5104 2795 5126 ,
2837 5075 2887 5116 ut
2925 5081 2986 5116 ea:
3013 5067 3085 5117 eis
3131 5077 3272 5116 rem:
3321 5081 3379 5115 ac

1875 5164 2042 5208 certus
2073 5169 2248 5208 sensus
2281 5168 2411 5206 nunc
2447 5152 2594 5221 facile
2623 5151 3036 5220 deprehendatur.
