3922 6222
1493 307 1841 365 THEODORI'
1864 309 2170 365 ARCHIEP.
2209 310 2757 370 CANTUARIENSIS'

3579 352 3686 407 981

2744 456 3691 484 ..__...._.___________

1454 550 2227 627 PGZNITENTIALE
2282 556 2758 634 NOSTBUM

527 697 684 764 Cum
715 701 1108 790 quibusdam
1146 696 1528 790 capitulis‘et
1558 702 1902 790 canonibps
1927 696 2013 790 ex
2053 702 2190 778 ipso
2232 704 2645 790 Ptenitentiali
2676 706 2987 790 Theodori
3017 713 3324 790 excerptis
3354 716 3685 790 collatum,

604 777 773 871 unde
803 778 1178 871 colliguntar
1210 777 1333 871 non
1370 778 1574 871 saltim
1610 779 1791 871 variae
1825 777 2123 871 lectiones
2160 822 2195 871 ,Δ
2231 780 2340 840 sed
2376 782 2570 871 etiam.
2590 787 2987 871 auctoritates
3023 777 3279 852 maximi
3330 777 3685 871 momenti;

601 854 835 932 quibus
867 853 1069 933 ipsius
1104 853 1546 915 Pcenitentialis
1588 854 1812 913 veritas
1848 860 1905 913 et
1941 855 2272 915 auctoritas
2301 859 2814 934 comprobantur.

850 1085 1070 1141 CAPUT
1105 1084 1123 1136 l
1156 1078 1714 1137 ΡΟΕΝΙΤΕΝἸἹΑΕΙΞ.

587 1176 645 1230 ιιι
690 1173 912 1229 ecclesia
966 1175 1051 1226 ubi
1096 1182 1420 1226 mortuorum
1457 1172 1711 1225 cadavera
1762 1167 2049 1242 inﬁdelium

521 1263 864 1333 sepeliuntur,
903 1263 1198 1317 sacriﬁcare
1234 1277 1337 1315 non
1367 1262 1504 1314 licet.
1537 1260 1696 1313 Aliter
1721 1276 1784 1312 ex
1811 1258 2048 1327 capitulis

521 1366 554 1403 ιι
590 1348 656 1403 R.
682 1349 749 1403 D.
781 1348 920 1402 Luca
962 1350 1174 1402 Aclterio
1209 1350 1356 1401 editis
1382 1388 1395 1412 ,
1443 1349 1590 1400 habet
1618 1364 1728 1416 cap.
1758 1362 1919 1400 uvm
1953 1346 2047 1398 :ln

519 1438 739 1493 ecclesia
778 1438 1099 1492 sanctificata
1132 1439 1259 1492 nulli
1289 1438 1480 1492 mortui
1509 1438 1847 1505 sepeliuntur.
1877 1435 1931 1487 Si
1956 1451 2048 1487 au-

518 1535 623 1581 tem
643 1527 714 1580 ibi
741 1528 949 1589 mortui,
980 1536 1254 1595 antequam
1288 1526 1447 1581 fuerit
1482 1526 1827 1598 sanctiﬁcata,
1858 1524 2044 1593 sepulti

517 1628 641 1674 sunt
657 1660 672 1685 ,
695 1636 799 1673 non
833 1619 1206 1673 sanctiﬁcetur.
1630 1692 1632 1694 ν

584 1710 689 1765 Sed
713 1712 757 1763 si
779 1719 899 1778 apta
920 1710 1125 1763 videtur
1143 1710 1208 1762 ad
1225 1711 1654 1771 consecrandum,
1675 1708 1789 1761 inde
1806 1706 1979 1759 evulsa
1992 1714 2046 1758 et

517 1799 650 1851 rasis
668 1797 749 1850 vel
771 1797 890 1850 lotis
909 1797 1062 1866 lignis
1081 1796 1193 1864 ejus
1205 1796 1567 1850 retedilicetur.
1586 1797 1640 1849 Si
1654 1798 1763 1849 bzec
1777 1809 2045 1849 consecra-

515 1893 567 1937 ta
609 1886 753 1953 prius
797 1871 913 1949 finit,
936 1885 1121 1939 missas
1146 1886 1198 1938 in
1215 1899 1275 1939 ea
1298 1885 1561 1939 celebrare
1589 1886 1727 1947 licet,
1752 1885 1795 1937 si
1815 1882 2044 1950 religiosi

516 1973 585 2027 ibi
624 1974 812 2042 sepulti
841 1981 979 2028 sunt.
1023 1974 1163 2027 Alias
1203 1990 1266 2027 ex
1290 1972 1712 2041 codem-capitula
1754 1987 1908 2038 supra
1952 1985 2044 2021 na-

514 2070 617 2113 tato
646 2075 663 2112 :
690 2061 744 2115 Si
774 2052 893 2115 itide
915 2070 1113 2115 mutata
1140 2060 1299 2114 fuerit
1320 2064 1371 2113 in
1403 2061 1570 2112 altero
1593 2059 1727 2120 loco,
1754 2056 1838 2110 vel
1866 2055 2043 2108 laven-

514 2158 599 2203 tur
622 2151 830 2213 tabulae,
854 2166 1180 2218 quaecunque
1215 2151 1375 2203 etiam
1401 2147 1622 2202 ecclesia
1663 2153 1859 2199 mutata
1884 2142 2044 2197 fuerit

512 2240 570 2293 in
604 2240 708 2293 alio
748 2238 881 2303 loco,
914 2240 1104 2292 iterum
1150 2238 1543 2301 sanctiﬁcetur;
1596 2237 1640 2291 si
1684 2250 1808 2289 vero
1845 2234 1899 2287 in
1928 2234 2040 2300 ipso

512 2325 646 2388 loco,
682 2335 732 2379 et
768 2328 815 2380 ei
853 2335 1051 2379 mutata
1094 2324 1269 2389 fuerit,
1310 2340 1441 2394 aqua
1488 2333 1794 2395 aspergatur
1834 2330 2035 2377 sancta.

2078 1081 2127 1139 Α
2154 1093 2216 1130 e1:
2258 1079 2443 1134 concil.
2464 1083 2601 1151 apud
2622 1079 2895 1152 Campend.
2928 1102 2973 1137 ε.
3003 1086 3054 1149 5,
3078 1088 3222 1141 addit
3245 1090 3382 1158 quod
3404 1091 3555 1145 habet
3581 1106 3688 1147 oet.

2150 1166 2263 1217 cod.
2288 1164 2475 1220 Paenit.
2495 1184 2513 1222 :
2537 1169 2601 1223 Et
2632 1186 2815 1225 omnes
2839 1186 2971 1239 quos
2996 1175 3142 1241 prius
3162 1176 3468 1243 baptizavit.

2214 1255 2327 1309 Non
2356 1256 2478 1311 licet
2525 1259 2743 1314 diacono
2769 1299 2784 1322 ,
2833 1260 2966 1314 laico
3002 1254 3363 1330 penitentiam
3388 1267 3537 1321 dare.
3576 1268 3690 1322 Sed

2147 1344 2377 1412 episcopi
2397 1354 2487 1397 aut
2514 1348 2811 1415 presbyteri
2840 1349 2966 1401 dare
2990 1349 3198 1404 debent.
3233 1351 3359 1422 Cap.
3391 1369 3541 1408 mn.
3564 1354 3687 1409 Non

2146 1430 2268 1483 licet
2286 1431 2505 1486 diacono
2531 1434 2684 1487 alicui
2695 1436 2932 1503 judicare
2958 1440 3338 1507 paenitentiam,
3358 1444 3453 1496 sed
3482 1444 3686 1510 episco-

2146 1518 2227 1587 pis
2239 1527 2330 1571 aut
2358 1521 2698 1590 presbyteris.
2715 1523 2795 1577 Ad
2822 1540 2985 1594 marg.
3002 1527 3210 1593 ponitur
3221 1530 3526 1583 emendandi
3562 1547 3679 1583 eam

2143 1624 2231 1661 sa:
2248 1608 2494 1664 indicere.
2524 1610 2633 1664 Hoc
2657 1622 2825 1667 tamen
2849 1616 3111 1668 vocabulo.
3137 1615 3381 1671 Judicare
3410 1619 3701 1685 peniten-

2142 1697 2289 1760 tiam,
2304 1698 2426 1751 alibi
2440 1701 2599 1751 utitur
2615 1699 2904 1760 Theodorus
2920 1703 2971 1756 in
2984 1721 3096 1769 cap.
3115 1706 3177 1758 de
3198 1705 3379 1757 Abbot.
3396 1706 3686 1761 Necliber-

2142 1793 2223 1838 tas
2246 1787 2550 1839 monasterii
2570 1797 2651 1841 est
2678 1790 3040 1863 paenitentiam
3060 1793 3401 1848 szecularibus
3414 1794 3685 1862 judicare.

2140 1876 2211 1929 Et
2228 1886 2338 1945 post
2381 1876 2567 1929 Thcad.
2594 1895 2734 1931 conc.
2768 1878 3132 1936 Germanicum
3169 1900 3208 1947 ι,
3231 1900 3277 1936 c.
3307 1884 3387 1937 2.:
3416 1886 3485 1938 Et
3512 1902 3684 1942 unus—

2140 1966 2364 2035 quisque
2389 1965 2667 2035 prarl‘ectus
2689 1986 2849 2024 unum
2877 1973 3249 2042 presbyterum
3260 1977 3349 2044 qui
3376 1976 3686 2033 hominibus

2138 2064 2355 2122 peccata
2382 2058 2755 2116 confitentibus
2783 2060 3021 2129 judicare
3043 2072 3097 2120 et
3138 2066 3373 2121 iudicare
3412 2069 3684 2137 paenitens

2140 2144 2266 2195 tiam
2297 2146 2482 2212 possit.
2535 2145 2730 2200 Concil.
2786 2146 3153 2216 Vermeriense,
3183 2170 3228 2205 c.
3262 2154 3284 2205 i
3319 2172 3332 2206 :
3362 2153 3466 2207 Sed
3506 2155 3685 2222 peni-

2138 2237 2355 2290 tentiam
2378 2236 2490 2303 ejus
2513 2239 2829 2306 iudicamus.
2854 2240 3069 2310 Regina,
3092 2241 3129 2294 ι.
3149 2259 3188 2307 ι,
3215 2244 3277 2295 de
3308 2243 3426 2296 Eccl
3434 2245 3684 2312 .discip.,

2140 2340 2185 2376 c.
2208 2323 2292 2377 95.
2322 2323 2409 2377 Sic
2429 2340 2528 2379 nec
2558 2327 2922 2394 pamitentium
2945 2330 3137 2397 judicia
3168 2331 3255 2384 alii
3282 2346 3542 2400 usurpare
3582 2332 3682 2389 de-

512 2413 617 2468 Scd
635 2386 703 2467 rex
726 2415 940 2469 concilia
954 2386 1313 2484 Agrippinensi
1335 2386 1686 2476 durclzaidus,
1716 2412 1805 2463 Ino
1827 2420 1873 2464 et
1902 2408 2039 2464 Gra-
2072 2386 2115 2446 Β
2141 2412 2284 2467 bent.
2316 2411 2464 2476 Quod
2489 2386 2729 2483 repetitur
2760 2434 2793 2469 a
2817 2386 3009 2471 Bura-It.
3034 2420 3122 2473 lib.
3148 2437 3261 2485 xix,
3286 2439 3332 2474 c.

508 2506 702 2568 (ianus,
731 2514 785 2559 ut
806 2508 990 2575 legitur
1013 2507 1066 2558 in
1099 2503 1441 2559 Ptenitentiali
1463 2542 1476 2565 ,
1507 2502 1731 2570 referunt
1758 2502 1835 2553 his
1862 2502 2041 2568 paucis

508 2595 715 2646 mutatis
743 2606 761 2643 :
800 2592 1014 2656 Burclt.,
1040 2592 1126 2644 lib.
1159 2607 1241 2653 ιιι,
1265 2608 1311 2646 ε.
1355 2594 1440 2656 38,
1464 2608 1526 2644 ea:
1564 2590 1776 2645 concilio
1806 2590 2042 2660 Agrippi-

506 2682 671 2746 nensi,
699 2698 743 2734 c.
773 2681 841 2735 23
870 2700 882 2734 :
912 2682 1032 2736 inde
1070 2681 1264 2735 evulsis
1285 2682 1593 2749 corporibus
1626 2688 1678 2732 et
1708 2679 1842 2734 rasis
1871 2679 2041 2747 parie-

432 2790 433 2793 η
508 2769 647 2824 tibus
670 2809 684 2833 ,
716 2779 816 2826 etc.
846 2768 1011 2826 σωκ..
1036 2771 1236 2824 Deerat.
1282 2786 1343 2843 ιιι
1384 2786 1460 2837 p.,
1509 2768 1627 2820 dist.
1658 2765 1746 2826 50,
1773 2782 1818 2817 c.
1846 2765 1913 2820 28
1944 2782 1955 2817 :
1986 2770 2040 2817 et

507 2860 642 2915 rasis
667 2861 952 2929 parietibus
980 2861 1062 2913 vel
1090 2861 1246 2927 tignis
1269 2858 1382 2926 ejus
1410 2858 1529 2912 loci.

575 2950 632 3005 Si
661 2966 786 3005 vero
814 2964 1067 3020 paganus,
1117 2950 1193 3003 sic
1248 2940 1503 3003 mundare
1548 2955 1602 3000 et
1642 2954 1846 3016 jactare
1896 2942 2039 2998 foras

507 3028 693 3092 melius
719 3047 817 3093 est.
849 3038 944 3091 Al-
961 3054 1072 3107 cap.
1104 3052 1261 3091 xxxvi
1288 3036 1569 3092 :Centiles
1595 3034 1789 3087 mortui
1815 3032 1881 3086 de
1907 3032 2037 3086 locis

505 3138 803 3183 sanctorum
845 3127 1083 3197 ejiciendi
1131 3126 1278 3181 sunt.
1333 3123 1659 3189 Burch.,lib.
1702 3138 1802 3187 ιιι,
1837 3139 1881 3175 c.
1928 3121 2031 3185 is;

505 3216 615 3282 lvo,
641 3234 692 3287 p.
725 3231 871 3281 nt,c.
909 3216 1001 3281 15;
1022 3215 1191 3280 Crat.,
1216 3215 1413 3268 Deerat.
1442 3228 1501 3266 ιιι
1537 3230 1612 3281 ρ.,
1636 3211 1687 3263 d.
1721 3213 1766 3274 i,
1795 3228 1839 3263 c.
1864 3210 1951 3273 27,
1974 3226 2036 3262 επ

504 3305 718 3360 concilio
746 3304 1099 3357 Aurelianensi
1127 3320 1174 3356 c.
1203 3305 1237 3357 5
1266 3319 1279 3355 :
1309 3302 1617 3364 Ecclesiam,
1663 3300 1715 3352 in
1745 3313 1846 3368 qua
1872 3313 2032 3368 paga-

504 3412 603 3451 nus
626 3396 856 3465 sepultus
876 3404 976 3461 est,
1001 3410 1103 3449 non
1126 3394 1281 3448 liceat
1300 3406 1629 3455 consecrare,
1648 3404 1820 3458 neque
1847 3391 2035 3443 missas

506 3487 558 3541 in
587 3501 650 3541 ea
694 3485 959 3541 celebrare
987 3524 1002 3550 ,
1058 3484 1150 3539 sed
1191 3482 1380 3552 jactari
1445 3481 1591 3537 foras
1620 3521 1634 3546 ,
1669 3473 1738 3535 ἐι
1792 3480 2031 3535 mundari

505 3584 728 3645 oportet.

570 3664 755 3718 Laicns
783 3678 906 3717 non~.
917 3664 1069 3719 debet
1094 3665 1148 3718 in
1168 3663 1407 3719 ecclesiis
1437 3663 1737 3726 lectionem,
1762 3675 1861 3715 nec
1901 3661 2031 3714 alle-

501 3751 607 3807 fuia
636 3746 826 3817 dicere,
855 3756 945 3808 sed
969 3753 1193 3823 psalmos
1216 3762 1419 3808 tantum
1442 3761 1531 3805 aut
1558 3752 1887 3819 responsoria
1918 3752 2031 3805 sine

502 3843 727 3898 alleluia.
758 3844 823 3898 In
866 3862 977 3915 cap.
1019 3862 1163 3899 xxvii
1212 3833 1615 3916 transportantur
1664 3845 1834 3898 verba.
1882 3844 2031 3914 Apud

501 3931 692 3986 Burclt.
722 3949 839 3988 vero
866 3933 903 3987 ι.
927 3950 1045 3998 vm,
1072 3952 1117 3988 c.
1144 3935 1211 3990 87
1236 3952 1252 3999 ;
1282 3934 1394 3999 Ivo,
1424 3951 1476 4003 p.
1506 3950 1599 3998 ιιι,
1646 3951 1690 3988 c.
1716 3933 1835 3997 105,
1858 3935 2032 3987 eodem

503 4020 679 4075 ordine
700 4038 799 4091 qua
820 4008 990 4090 jaceat
1013 4023 1064 4075 in
1092 4021 1278 4077 Pwnit.
1317 4022 1575 4090 leguntur,
1609 4040 1669 4076 ac
1701 4024 1926 4076 citantur
1970 4039 2033 4076 ex

505 4109 686 4164 concil.
719 4110 949 4180 Rogant.
978 4128 1023 4169 ο.
1058 4112 1140 4168 18.

1011 4222 1159 4278 CAP.
1191 4223 1233 4279 II
1260 4222 1510 4279 ΡίῈΝΙΤ.

553 4333 823 4402 Episcopo
849 4333 971 4388 licet
995 4335 1047 4388 in
1070 4348 1254 4403 campo
1269 4334 1599 4395 conﬁrmare,
1634 4348 1678 4387 ει
1702 4345 1916 4387 necesse
1941 4333 2026 4387 sit.

502 4416 714 4484 Bercta,
749 4419 837 4472 lib.
867 4436 938 4485 tv,
981 4438 1028 4473 c.
1076 4420 1162 4486 68,
1190 4437 1253 4475 ea:
1284 4421 1497 4474 concilio
1523 4418 1811 4483 Rhemensi,
1839 4436 1884 4472 c.
1920 4419 1985 4473 10
2013 4436 2025 4472 :

501 4510 760 4581 Episcopo
782 4510 935 4564 liceat
965 4511 1249 4578 in-campo,
1273 4511 1318 4564 si
1347 4524 1559 4565 necesse
1578 4510 1670 4573 sit,
1696 4508 2026 4564 conﬁrmare.

569 4601 854 4670 Episcopus
878 4616 981 4655 uon
1003 4601 1425 4655 debet‘abbatem
1459 4614 1646 4670 cogere
1679 4601 1743 4654 ad
1771 4602 2027 4670 synodum
2066 4664 2071 4667 ν

508 4687 602 4750 ire,
634 4689 733 4742 nisi
759 4689 919 4743 etiam
953 4690 1125 4759 aliqua
1154 4687 1477 4742 rationabilis
1507 4702 1668 4741 causa
1694 4689 1780 4742 sit.
1810 4686 2026 4751 Burch.,

503 4778 540 4829 l.
568 4792 683 4841 vm,
712 4794 757 4830 c.
789 4778 877 4842 7'5,
898 4794 959 4830 ea:
978 4777 1194 4841 concilio
1225 4776 1527 4840 Turonensi,
1552 4792 1597 4829 c.
1628 4774 1703 4829 2-:
1745 4776 2029 4844 Episcopus

501 4880 605 4921 non
626 4866 779 4921 debet
806 4868 1044 4922 abbatem
1056 4882 1240 4936 cogere
1263 4869 1325 4920 ad
1348 4868 1600 4936 synodum
1620 4867 1696 4921 ire
1733 4866 1832 4919 nisi
1855 4865 2028 4933 aliqua

508 4952 832 5008 rationabilis
860 4969 1015 5007 causa
1047 4950 1316 5008 consistat.

2137 2502 2233 2554 hac
2259 2501 2393 2554 idem
2427 2501 2574 2555 habet
2602 2504 2984 2573 antiquissimus
3026 2510 3185 2562 codex
3216 2511 3412 2564 ordinis
3449 2510 3680 2565 Romani

2134 2588 2189 2640 in
2223 2588 2521 2641 bibliotheca
2557 2589 2753 2643 abbatis
2790 2589 3112 2647 Constantini
3139 2594 3355 2659 Oretani,
3385 2613 3447 2650 ex
3610 2596 3676 2649 γ.

2136 2672 2195 2725 C.
2224 2672 2274 2725 1.
2308 2673 2540 2727 Marinus
2561 2676 2669 2729 lucc
2694 2677 2841 2731 verba
2870 2679 3025 2734 citata
3055 2683 3226 2736 retulit
3245 2683 3334 2737 lib.
3367 2700 3419 2737 tv
3452 2683 3676 2751 Punic,

2137 2778 2249 2829 cap.
2280 2760 2364 2816 18.

2620 2830 2781 2911 ’éAp.
2820 2856 2885 2912 ιιι
2919 2858 3170 2914 poem.

2202 2960 2258 3013 In
2308 2961 2638 3017 ordinatione
2681 2965 2913 3035 episcopi
2959 2966 3115 3021 debet
3162 2968 3323 3022 missa
3361 2971 3567 3024 cantari
3606 2972 3682 3026 ab

2135 3046 2246 3115 ipso
2284 3052 2527 3119 episcopo
2567 3053 2858 3107 ordinante.
2896 3054 3020 3125 Cap.
3052 3054 3243 3111 Theod.
3270 3073 3289 3112 ι
3318 3075 3329 3111 :
3358 3058 3412 3111 In
3454 3058 3678 3114 ordina-

2133 3135 2275 3189 tione
2302 3136 2552 3207 episcopi,
2604 3140 2684 3193 vel
2710 3143 3022 3213 presbyteri,
3056 3144 3165 3198 sive
3194 3130 3407 3213 ϐίαιάοή
3424 3147 3507 3200 vel
3550 3148 3682 3202 sub-

2135 3158 2275 3189 uuuc
2302 3158 2552 3207 episcopi,
2604 3158 2684 3193 vel
2710 3158 3022 3213 presuyterl,
3056 3159 3165 3198 Slve
3194 3158 3507 3286 amoenive!
3550 3158 3671 3202 sub-

2132 3222 2341 3277 diacoui
2373 3235 2580 3293 oportet
2610 3230 2914 3298 episcopum
2943 3231 3157 3285 missam
3185 3220 3367 3302 agere.
3437 3235 3611 3299 κιαι,
3630 3236 3671 3287 ι.

2132 3326 2171 3374 ι,
2208 3327 2256 3365 c.
2282 3313 2413 3376 295;
2440 3314 2548 3380 lvo,
2580 3332 2631 3383 p.
2664 3324 2734 3379 iv,
2766 3335 2810 3370 c.
2841 3321 2960 3379 538,
2985 3337 3048 3373 ex
3070 3320 3218 3375 dictis
3251 3322 3441 3376 Theod.
3470 3324 3629 3378 Areis.
3652 3340 3674 3378 :

2131 3397 2188 3451 In
2211 3400 2542 3457 ordinatione
2572 3403 2832 3472 episcopi,
2858 3406 2968 3474 ipse
2998 3408 3086 3475 qui
3111 3408 3321 3462 ordinat
3342 3411 3558 3465 missam
3586 3427 3676 3466 oe.

2130 3485 2334 3542 lebrare
2354 3488 2529 3555 debet,
2553 3499 2607 3545 et
2627 3493 2715 3561 qui
2737 3494 3010 3548 ordinatur
3035 3496 3296 3551 similiter.

2637 3596 2783 3651 CAP.
2808 3600 2875 3654 IV
2908 3600 3160 3656 PtENIT.

2056 3707 2107 3773 ε
2201 3708 2409 3764 Nullum
2438 3711 2729 3781 perfectum
2761 3714 3024 3771 credimus
3068 3718 3121 3772 in
3160 3719 3668 3788 baptismo,coulir-

2130 3802 2413 3876 motionem
2463 3806 2690 3873 episcopi
2740 3820 2843 3860 non
2888 3807 3246 3875 disputamus;
3288 3812 3548 3865 tamenin
3574 3812 3669 3873 Nis

2130 3906 2272 3945 caena
2321 3895 2519 3962 synodo
2566 3892 2664 3947 fuit
2720 3897 2953 3950 chrisma
2998 3900 3364 3954 constitutum.
3407 3899 3537 3971 Cap.
3572 3918 3667 3956 tv:

2130 3980 2340 4035 Nullum
2360 3981 2651 4049 perfectum
2678 3985 2942 4040 credimus
2973 3987 3316 4056 inbaptismo
3339 3988 3451 4043 sine
3470 3988 3669 4045 conﬁr-

2130 4072 2361 4126 matione
2387 4073 2615 4142 episcopi
2649 4093 2660 4125 :
2693 4083 2863 4129 tamen
2892 4091 2994 4130 non
3027 4078 3388 4147 desperemus.

2196 4160 2407 4216 Pannos
2440 4163 2757 4218 chrismatos
2799 4164 2986 4219 iterum
3032 4181 3191 4235 super
3233 4167 3393 4221 alium
3425 4167 3667 4237 baptiza-

2129 4258 2240 4304 tum
2268 4250 2464 4321 imponi
2496 4267 2599 4306 non
2629 4260 2709 4305 est
2736 4253 3042 4307 absurdum.
3072 4253 3352 4318 ΒαπεΙιηει.
3389 4270 3461 4319 ιτ,
3491 4270 3539 4308 c.
3569 4255 3663 4321 ιιι,

2128 4356 2191 4393 ea:
2217 4339 2397 4393 cancil.
2428 4342 2565 4409 apud
2608 4340 2946 4408 Bellovacum,
2976 4360 3022 4395 c.
3069 4342 3102 4396 8
3139 4360 3151 4395 :
3200 4343 3256 4396 Si
3284 4342 3404 4411 quis
3436 4342 3673 4399 valuerit

2128 4427 2428 4481 chrismatis
2475 4443 2705 4496 pannum
2750 4431 2939 4484 iterum
2989 4431 3163 4495 linire,
3207 4437 3261 4485 et
3287 4445 3446 4499 super
3489 4430 3661 4486 alium

2127 4517 2447 4585 baptizatum
2480 4520 2707 4582 mittere,
2748 4534 2853 4572 non
2879 4528 2961 4573 est
2988 4520 3295 4573 absurdum.
3326 4518 3415 4572 Gr.
3438 4519 3665 4590 deerat”

2129 4622 2165 4659 ιι
2198 4623 2273 4675 ρ.,
2313 4606 2366 4657 d.
2391 4604 2446 4669 4,
2476 4622 2519 4658 c.
2562 4605 2654 4658 121
2692 4625 2702 4658 :
2733 4606 3031 4661 Chrismate
3063 4621 3308 4676 pannum.

2197 4694 2251 4747 ιιι
2298 4695 2687 4749 catechumenos
2727 4704 2779 4750 et
2814 4696 3127 4764 baptismate
3168 4704 3223 4750 et
3262 4694 3671 4754 conﬁrmatione

2127 4796 2264 4834 unus
2312 4789 2483 4849 potest
2525 4796 2643 4835 esse
2679 4790 2845 4850 pater,
2878 4782 2923 4835 si
2969 4796 3182 4836 necesse
3208 4781 3295 4836 sit.
3321 4780 3437 4836 Non
3462 4788 3546 4836 est
3579 4790 3669 4837 ta-

2125 4885 2244 4923 men
2298 4871 2635 4925 consuetudo.
2686 4870 2789 4923 Per
2856 4870 3058 4940 singula
3108 4870 3298 4939 singuli
3344 4868 3663 4938 suscipiunt.

2126 4956 2340 5024 Burch.,
2371 4959 2407 5009 ι.
2434 4975 2505 5021 tv,
2536 4975 2581 5011 c.
2611 4958 2701 5023 24,
2723 4974 2786 5011 ex
2808 4976 2949 5012 conc.
2980 4959 3213 5030 Magunt.
3248 4975 3266 5013 :
3313 4960 3371 5014 In
3406 4949 3695 5015 catecbuJ

570 5040 627 5097 Si
666 5042 783 5110 quis
826 5042 1095 5110 presbyter
1140 5042 1411 5096 ordinatus
1445 5041 1786 5110 deprehendit
1829 5056 1888 5097 se
1924 5056 2026 5097 non
2057 5027 2295 5102 umente
2323 5055 2376 5102 et
2399 5048 2450 5099 in
2479 5047 2739 5115 baptismo
2764 5056 2816 5100 et
2844 5049 2896 5101 in
2924 5027 3319 5103 conﬁrmatione
3344 5062 3481 5103 unus
3502 5056 3667 5118 pater

503 5150 617 5191 esse
644 5138 977 5206 baptizatum,
1008 5139 1303 5206 baptizetur
1334 5147 1388 5193 et
1412 5140 1685 5194 ordinetur
1711 5142 1921 5206 iterum,
1974 5150 2027 5195 et

496 5238 686 5295 omnes
708 5240 837 5293 quos
862 5228 1006 5295 prius
1024 5226 1327 5295 baptizavit.
1361 5224 1488 5295 Cap.
1517 5243 1656 5282 van
1688 5228 2029 5299 :Quicunque

503 5312 707 5368 dubitat
726 5314 789 5367 de
813 5314 1087 5384 baptismo,
1112 5306 1318 5369 iterum
1346 5315 1656 5384 baptizatur.
1693 5317 1906 5383 Burch.,
1928 5319 2017 5373 lib.

504 5423 575 5473 tv,
598 5424 643 5461 ε.
669 5406 765 5470 τις
792 5406 901 5471 Ιυο,
924 5423 975 5476 p.
1006 5423 1043 5469 ι,
1066 5424 1110 5460 c.
1133 5406 1263 5472 268;
1297 5404 1386 5460 Gr.
1417 5408 1605 5461 decret.
1632 5424 1668 5461 ιι
1696 5426 1829 5477 p.,c.
1849 5409 2021 5479 l,q.l,

506 5510 549 5545 c.
576 5494 644 5547 9:
676 5494 729 5548 Si
755 5497 1025 5565 presbyter
1068 5497 1337 5550 ordinatus
1363 5495 1768 5565 deprehenderit
1810 5513 1867 5551 se
1915 5514 2018 5551 non

445 5592 452 5597 '
501 5596 621 5637 esse
643 5583 975 5652 baptizatum,
994 5585 1286 5655 baptizatur
1311 5592 1369 5640 et
1389 5587 1661 5642 ordinetur
1690 5586 1897 5641 iterum.
1929 5585 2018 5639 lvo

2127 5144 2299 5203 potest
2325 5136 2464 5198 ﬁeri,
2492 5137 2536 5189 si
2565 5137 2857 5191 necessitas
2881 5140 3037 5207 cogit.
3062 5136 3176 5191 Non
3221 5145 3307 5192 est-
3336 5146 3513 5192 tamen
3532 5152 3671 5193 oon-

2128 5223 2347 5286 snetudo
2391 5222 2644 5278 Romana.
2704 5225 2808 5280 Sed
2848 5240 2945 5295 per
2994 5225 3194 5292 singula
3237 5225 3429 5289 singuli
3478 5227 3664 5282 susci-

2125 5315 2293 5382 piunt.
3468 5312 3475 5318 ’

2194 5406 2307 5461 Non
2343 5406 2645 5461 licetalium
2675 5409 2941 5475 suscipere
2961 5409 3047 5476 qui
3082 5423 3184 5462 non
3209 5415 3290 5462 est
3332 5406 3660 5476 baptizatus.

2126 5496 2337 5561 Burch.,
2366 5496 2415 5550 l.-
2443 5512 2514 5562 ιν,
2536 5514 2578 5550 c.
2604 5496 2689 5560 26,
2719 5513 2781 5549 ea:
2816 5497 2997 5551 concil.
3024 5496 3276 5567 Magium,
3304 5513 3351 5550 c.
3372 5496 3408 5550 9.
3438 5495 3533 5550 :lu
3560 5496 3661 5552 ha-

2126 5586 2315 5656 ptismo
2340 5586 2419 5641 vel
2449 5586 2499 5640 in
2533 5586 2814 5641 chrismate
2855 5601 2956 5640 non
2984 5593 3153 5653 potest
3180 5585 3337 5639 alium
3380 5583 3655 5653 suscipere
