3922 6222
259 329 364 387 985

937 320 1453 399 suam;wa
1490 338 1850 405 comarum
1885 338 2028 397 cun
2056 342 2228 397 suns
2262 343 2406 399 cs9.
2448 346 2532 400 ΕΤ
2568 348 2719 402 CAN.

3283 349 3405 401 9815~

257 440 315 527 in
343 442 523 508 tilium,
569 448 658 514 qui
704 464 809 501 non
853 458 932 503 est
956 451 1251 517 baptizatus
1288 451 1369 502 vel
1414 448 1769 503 contlrmatus.
1798 449 2131 518 Aaccipere‘
2155 467 2343 507 novum
2389 457 2705 524 coniugium,
2750 458 2838 511 sed
2862 473 3077 525 puerum
3131 460 3223 512 vcl‘
3240 460 3386 527 pucl-

256 525 570 597 Idetu'apud
597 531 707 596 Ino,
735 552 783 601 p.
812 550 845 596 ι,
881 551 927 587 c.
959 536 1077 588 220.

327 613 439 668 Non
457 617 577 671 licet
598 618 874 687 baptizatis
887 636 1002 674 cum
1018 624 1407 676 oatcchumenis
1421 621 1737 673 manducare
1758 635 1777 670 τ

258 714 457 773 quanto
484 708 648 777 magis
675 710 969 775 gentilibus.
1018 709 1229 773 Burch.,
1259 710 1293 762 ι.
1324 726 1394 771 tv,
1424 726 1467 761 c.
1494 710 1561 762 95
1587 727 1598 760 :
1624 708 1776 761 Cate-

257 794 503 854 chumeni
550 797 864 850 manducare
908 813 1010 849 non
1053 799 1242 851 debent
1292 813 1409 850 cum
1459 796 1768 863 baptizatis,

257 896 429 951 neque
444 883 677 937 osculum
703 885 779 938 eis
804 885 949 945 dare,
979 895 1174 953 quanto
1200 886 1372 937 minus
1399 884 1624 952 gentilis.

761 974 911 1028 CAP.
948 976 994 1027 VA
1027 974 1275 1028 ΡοεΝιτ.

328 1061 604 1129 δθᾶίῑὶοει
660 1064 935 1132 Dionysius
978 1064 1294 1131 Areopagita
1344 1063 1481 1115 dicat
1528 1062 1772 1129 blaSphe-

250 1153 416 1205 miam
458 1153 563 1207 Deo
606 1152 811 1217 facere,
840 1153 928 1220 qui
974 1154 1162 1208 missas
1190 1150 1341 1204 oﬂ‘ert
1366 1166 1461 1219 pro
1500 1150 1635 1202 malo
1678 1151 1774 1202 ho-

250 1242 419 1303 mine,
447 1240 764 1311 Augustinus
782 1252 968 1311 tamen
990 1242 1116 1295 dicit
1136 1257 1229 1309 pro
1250 1242 1489 1294 omnibus
1518 1240 1771 1293 Christia—

249 1328 339 1381 nis
366 1328 465 1381 hoe
483 1344 599 1383 esse
626 1329 939 1392 faciendum,
965 1332 1087 1398 quia
1127 1331 1226 1383 hoc
1250 1330 1328 1383 vel
1352 1329 1428 1381 eis
1456 1328 1662 1395 proiicit
1688 1335 1783 1378 aut.

247 1413 591 1470 oﬂ'erentibus
618 1425 707 1469 aut
735 1418 1051 1485 petentibus.
1095 1416 1220 1485 Cap.
1268 1432 1349 1469 va
1379 1435 1388 1467 :
1420 1416 1787 1483 Blasphemias

224 1498 475 1555 'Domino
522 1505 647 1573 agit,
674 1505 768 1572 qui
810 1506 998 1558 missas
1041 1506 1260 1559 Domino
1297 1504 1448 1558 offert
1494 1520 1589 1571 pro
1637 1504 1773 1556 malo

250 1588 480 1644 homine.
508 1590 828 1659 Augustinus
853 1592 979 1644 dicit
1026 1593 1269 1645 omnibus
1298 1590 1612 1645 Christianis
1657 1604 1773 1643 esse

247 1676 545 1737 faciendum
572 1682 709 1749 quod
730 1680 810 1733 vel
838 1681 885 1733 ei
910 1680 1132 1749 proﬁcit,
1166 1688 1255 1732 aut
1276 1678 1535 1741 offerenti,
1565 1686 1652 1730 aut
1693 1677 1770 1729 vi-

1872 536 1993 591 lnm.
2050 536 2177 593 Vide
2206 556 2405 611 execrp.
2460 542 2664 611 Egberti
2712 543 2929 598 Eborac.
2987 549 3149 611 arch.,
3181 564 3224 599 c.
3260 549 3378 601 118.

1869 623 1999 675 Item
2032 642 2193 678 canon
2229 628 2603 697 Africancnsis.
2650 630 2959 698 Legitimum
3004 634 3163 701 igitur
3202 635 3401 702 coniu~'

1870 712 2010 779 gium
2039 728 2140 765 non
2174 714 2295 767 licet
2324 718 2556 783 separari
2601 719 2714 771 sine
2763 734 3015 773 consensu
3061 721 3332 773 amborum
3365 736 3379 773 :

1870 812 2042 871 potest
2088 812 2258 858 tamen
2304 806 2446 877 alter.
2475 808 2623 861 alteri
2662 825 2779 861 cum
2806 811 3023 863 consilio
3054 810 3385 878 episcopi-li-

1870 894 2099 945 centiam
2126 894 2249 947 dare
2288 896 2352 947 ad
2392 897 2693 950 servitutem
2725 898 2815 950 Dei
2848 900 3111 961 accedere.
3160 889 3403 965 Quidam.

1870 978 2027 1030 etiam
2058 979 2237 1031 dicunt
2264 999 2274 1033 :
2307 980 2427 1034 Sive
2474 983 2554 1036 vir
2583 984 2689 1038 sive
2718 986 2905 1039 mulier
2928 1001 2991 1039 ex
3019 1002 3271 1041 consensu
3302 1004 3387 1042 re-

1872 1066 2113 1136 ligionem
2140 1071 2349 1135 ceperit,
2390 1072 2508 1124 licet
2537 1074 2759 1126 alteram
2784 1076 3019 1142 accipere
3046 1091 3232 1128 novum
3262 1090 3386 1130 con-

1863 1154 2085 1223 iugium,
2114 1158 2203 1210 sed
2248 1159 2471 1224 puellam
2514 1160 2593 1212 vel
2613 1173 2851 1227 puerum,
2884 1163 2926 1213 si
2968 1164 3240 1216 continens
3271 1178 3389 1217 esse

1874 1256 1973 1293 non
1998 1244 2191 1311 poterit
2217 1246 2355 1312 quod
2403 1261 2503 1298 non
2544 1245 2713 1299 laudo.
2748 1246 2891 1298 Idem
2914 1247 3055 1298 addit
3096 1246 3397 1313 Theodorus

1871 1329 1984 1382 aliis
2010 1332 2168 1384 verbis
2199 1349 2216 1385 :
2246 1333 2309 1387 Et
2340 1342 2512 1387 tamen
2541 1350 2644 1387 non
2670 1345 2749 1389 est
2787 1336 3114 1388 canonicum.
3158 1336 3385 1399 Quicun-
3446 1320 3449 1321 ν

1870 1433 1965 1484 que
1991 1427 2177 1469 attente
2215 1421 2477 1488 perlegerit
2502 1420 2883 1491 Hieronymum,
2912 1432 2957 1474 et
2984 1440 3197 1475 canones
3244 1440 3383 1476 conc.

1870 1504 2055 1572 Afric.,
2075 1522 2171 1558 non
2188 1507 2477 1575 diﬂitebitur
2500 1510 2607 1561 lucc
2631 1511 2787 1562 citata
2812 1527 2875 1563 ex
2904 1510 3211 1580 Hieronymo
3236 1522 3279 1564 et
3307 1529 3389 1564 ca-

1872 1607 1998 1643 none
2036 1609 2175 1645 conc.
2225 1594 2497 1661 Africrad
2555 1596 2874 1650 Theodorum
2908 1599 3073 1667 potius
3120 1601 3384 1667 pertinere.

1941 1680 2155 1734 Muliere
2197 1692 2399 1735 mortua
2431 1684 2555 1737 licet
2598 1687 2713 1738 viro
2741 1695 2859 1754 post
2899 1701 3130 1741 mensem
3170 1687 3388 1739 alterum

244 1777 443 1821 ventes
460 1769 776 1822 consoletur.
806 1768 992 1822 Burch.
1024 1780 1068 1821 et
1100 1769 1189 1822 Ιυο
1212 1769 1432 1837 legerunt
1452 1768 1583 1836 quod
1621 1776 1699 1819 est
1717 1766 1767 1816 in
1803 1759 1843 1817 Β
1874 1766 2129 1833 accipere.
2172 1767 2373 1821 Mortuo
2400 1770 2515 1823 viro
2542 1780 2661 1838 post
2685 1787 2875 1825 annum
2921 1772 3042 1826 licet
3073 1772 3275 1825 mulieri
3318 1773 3392 1824 al-

243 1868 348 1909 vet.
381 1858 492 1909 cod.
519 1855 685 1922 Pam,
706 1860 784 1912 his
812 1869 1008 1911 tantum
1038 1862 1275 1912 mutatis:
1298 1861 1418 1926 quia
1446 1859 1525 1911 vel
1552 1860 1628 1912 eis
1654 1872 1773 1926 pro—

244 1946 361 1999 ﬁcit
399 1955 487 1999 aut
512 1946 867 2011 offerentibus,
904 1957 993 2000 aut
1019 1950 1315 2018 petentibus
1342 1948 1597 2016 proderit.
1624 1946 1772 2014 Apud

243 2031 441 2085 Burch.
470 2033 504 2084 Ι.
530 2049 611 2097 ιιι,
634 2050 677 2085 c.
706 2034 789 2096 65,
826 2044 873 2086 et
912 2036 1048 2102 apud
1070 2034 1202 2098 Ivo.,
1232 2036 1266 2086 Ι.
1310 2052 1388 2098 m,
1428 2053 1472 2087 c.
1498 2036 1563 2088 67
1598 2052 1610 2088 :
1647 2036 1770 2104 quia

244 2120 335 2174 vel
354 2122 430 2175 eis
454 2122 679 2189 proﬁcit,
705 2131 794 2175 aut
821 2122 1158 2177 offerentibus
1183 2124 1431 2192 proderit.

740 2229 886 2284 CAP.
926 2230 991 2285 Vl
1030 2230 1278 2285 ΡΈΝΙΤ.

322 2319 575 2373 Monaeho
612 2335 714 2375 non
742 2320 867 2374 licet
908 2328 1088 2374 votum
1133 2336 1323 2374 vovere
1361 2321 1473 2374 sine
1519 2334 1776 2374 consensu

245 2410 474 2470 abbatis,
502 2410 582 2461 sin
632 2410 824 2471 minus,
854 2409 1198 2477 frangendum
1224 2418 1321 2461 est.
1352 2408 1564 2471 Burch.,
1593 2408 1629 2460 ι.
1659 2425 1775 2473 vm,

243 2513 297 2549 c.
326 2496 389 2559 9;
420 2495 611 2567 Ivo,‘p.
638 2513 735 2561 vn,
762 2514 807 2550 c.
831 2497 931 2561 32;
962 2508 1009 2551 et
1040 2496 1182 2551 Crat.
1214 2497 1435 2560 Decrct.,
1461 2514 1497 2549 ιι
1528 2513 1601 2564 p.,
1632 2513 1772 2547 caus.

241 2588 342 2654 20,
363 2607 411 2660 q.
461 2590 517 2653 4,
544 2607 588 2643 c.
634 2590 686 2654 2,
722 2606 784 2643 ex
830 2591 980 2643 dictis
1011 2589 1233 2643 Basilii:
1268 2588 1541 2654 Monacho,
1584 2596 1686 2641 etc.
1717 2586 1772 2640 Si

239 2689 429 2735 autem
450 2681 672 2745 vorerit,
698 2680 1042 2749 frangendum
1066 2680 1185 2733 erit.
1212 2709 1219 2715 -
1610 2660 1629 2677 ’

722 2766 867 2820 CAP.
919 2768 1002 2822 VII
1040 2757 1289 2821 ΡοεΝιτ.
1321 2807 1341 2820 .

318 2858 561 2911 Mulieres
582 2872 685 2911 non
708 2857 879 2911 velent
899 2858 1064 2910 altare
1094 2857 1157 2910 de
1186 2856 1479 2924 corporali,
1509 2871 1605 2909 nec
1626 2856 1779 2909 obla-

246 2945 420 2999 tiones
458 2960 613 3015 super
652 2945 838 3011 altare,
887 2959 1057 3013 neque
1094 2944 1309 2997 calicem
1345 2950 1570 3011 ponant;
1608 2957 1777 3009 neque

249 3041 394 3087 stent
428 3034 564 3087 inter
592 3034 863 3087 ordinatos
889 3033 941 3086 in
966 3034 1221 3098 ecclesia;
1247 3049 1412 3101 neque
1454 3033 1504 3085 in
1536 3032 1775 3086 convivio
1803 3067 1845 3126 Ο

246 3123 465 3177 sedeant
482 3123 945 3176 intersacerdotes.
976 3121 1189 3184 But-ciu,
1208 3121 1244 3172 Ι.
1281 3137 1451 3181 vnt,c.
1479 3120 1778 3182 84,ea:con-

245 3209 365 3262 cilia
380 3209 648 3262 Rhemensi
666 3217 911 3278 prwsente
923 3207 1178 3261 Ludovico
1200 3210 1375 3275 imper.
1386 3248 1399 3272 ,
1419 3224 1462 3260 c.
1478 3207 1509 3259 5
1526 3226 1536 3259 :
1561 3206 1774 3259 Femina

245 3314 352 3354 non
364 3298 449 3351 det
463 3299 841 3367 pmnitentiam,
856 3313 952 3352 nec
968 3296 1238 3364 corporale
1249 3311 1365 3349 cum
1384 3296 1663 3357 oblatione,
1680 3309 1776 3348 nec

248 3388 463 3442 calicem
492 3403 649 3458 super
674 3389 837 3441 altare
882 3388 1064 3456 ponat,
1086 3402 1182 3441 nec
1214 3388 1347 3441 inter
1381 3388 1650 3441 ordinatos
1674 3392 1778 3438 stet

246 3476 304 3530 in
330 3477 572 3542 ecclesia,
605 3491 703 3531 nec
724 3478 902 3530 sedeat
937 3477 1073 3529 inter
1104 3477 1405 3529 sacerdotes
1441 3476 1491 3527 in
1516 3473 1771 3528 convivio.

720 3585 866 3640 car.
908 3585 1023 3639 Vill
1048 3572 1296 3640 PdENtr.

318 3675 484 3730 Graeci
514 3691 700 3730 carnes
736 3676 1136 3733 morticinorum
1168 3693 1269 3729 non
1295 3677 1423 3730 dant
1443 3669 1635 3746 porcis.
1668 3676 1778 3731 Pel-

245 3764 325 3817 les
353 3772 523 3817 tameu
556 3764 620 3817 ad
662 3762 1017 3817 calceamenta
1044 3770 1095 3815 et
1125 3764 1295 3815 lanam
1324 3772 1378 3816 et
1416 3779 1612 3817 cornua
1640 3764 1777 3817 acci-

244 3868 375 3922 pere
400 3852 538 3914 licet,
566 3866 669 3904 non
694 3851 767 3923 ad
789 3851 984 3917 aliquid
1009 3859 1267 3903 sanctum.
1300 3848 1466 3919 Capit.
1501 3866 1533 3903 x
1565 3868 1575 3902 :
1608 3850 1776 3904 Graeci

245 3950 422 3997 autem
448 3942 777 3996 morticinam
807 3957 911 3994 non
941 3941 1066 3994 dant
1096 3942 1270 4009 porcis
1307 3941 1433 3995 suis.
1458 3941 1624 3994 Pelles
1652 3956 1793 3995 vero.

243 4033 640 4087 morticinorum
652 4031 717 4085 ad
731 4030 1104 4093 calceamenta,
1125 4037 1226 4083 etc.
1236 4069 1250 4093 ,
1273 4029 1433 4083 licent
1454 4030 1620 4099 accipi
1646 4048 1657 4081 :
1684 4030 1778 4105 sed

245 4137 375 4187 Μ’
414 4130 516 4175 θ’θ’
744 4187 890 4242 CAP.
930 4186 998 4239 χι
1033 4186 1285 4239 ῐιοΕΝιΤ.

319 4277 503 4331 Mulier
524 4276 691 4332 tribus
711 4279 980 4331 mensibus
1000 4276 1263 4330 abstineat
1284 4290 1381 4329 sea
1402 4276 1519 4329 viro
1547 4290 1641 4329 suo
1662 4289 1778 4343 qua:

1875 1860 2044 1906 terum
2070 1856 2251 1909 tollere
2297 1858 2485 1911 virum.
2534 1859 2773 1928 Excerpt.
2809 1862 2935 1931 Egb.
2992 1862 3165 1927 Ebor.,
3194 1880 3237 1915 c.
3271 1864 3386 1915 116.

1875 1944 2115 2013 Synodus
2138 1948 2299 2000 dixit:
2339 1948 2552 2003 Muliere
2580 1961 2781 2005 mortua
2818 1954 2939 2008 licet
2976 1956 3084 2008 viro
3113 1964 3227 2023 post
3249 1972 3393 2008 tuen-

1874 2048 1982 2086 sem
2004 2036 2241 2100 accipere
2261 2036 2478 2089 alteram
2512 2054 2523 2102 ;
2567 2048 2685 2106 post
2728 2056 2919 2094 annum
2946 2042 3070 2096 vam
3116 2042 3238 2096 licet
3280 2057 3392 2094 mu-

1874 2119 1987 2172 lieri
2015 2122 2250 2188 accipere
2277 2122 2495 2177 alterum
2520 2126 2713 2180 virum.

1943 2209 1998 2262 Si
2027 2212 2214 2263 mulier
2233 2212 2531 2266 discesserit
2553 2231 2581 2267 a
2609 2218 2722 2270 viro
2743 2231 2836 2271 suo
2864 2218 3156 2287 despiciens
3179 2234 3317 2283 eum,
3340 2228 3395 2274 et

1874 2296 2057 2350 nolens
2078 2300 2268 2351 reverti
2296 2309 2348 2353 et
2388 2303 2713 2355 reconciliari
2745 2307 2879 2367 viro,
2902 2316 3020 2373 post
3051 2308 3281 2376 quinque
3304 2324 3399 2363 au-

1875 2399 1971 2438 nos
1991 2401 2108 2439 cum
2130 2402 2384 2441 consensu
2403 2390 2629 2458 episcopi
2642 2392 2797 2444 aliam
2825 2394 3066 2460 accipere
3089 2395 3240 2449 liceat
3264 2414 3395 2452 uxo-

1875 2488 2005 2527 rem.
2038 2474 2278 2545 Excerpt.
2305 2477 2519 2531 Eborac.
2548 2480 2791 2549 archiep.,
2810 2497 2854 2533 ι’.
2888 2481 3000 2534 122.
3026 2482 3202 2535 Conon
3226 2485 3347 2537 dicit
3377 2503 3396 2540 :

1876 2561 1931 2614 Si
1966 2563 2154 2615 mulier
2204 2564 2505 2619 discesserit
2542 2582 2571 2619 a
2596 2568 2708 2621 viro
2734 2584 2850 2631 suo,
2879 2579 3007 2633 etc.,
3034 2578 3151 2639 post
3168 2573 3398 2641 quinque

1874 2650 1956 2703 vel
1980 2659 2177 2719 septem
2201 2667 2385 2717 annos,
2412 2668 2529 2705 cum
2551 2669 2810 2707 consensu
2841 2658 3068 2725 episcopi
3106 2659 3214 2725 ipse
3242 2659 3399 2714 aliam

1873 2740 2093 2807 accipiat
2114 2755 2350 2803 uxorem,
2374 2742 2416 2794 si
2430 2742 2704 2796 continens
2716 2758 2832 2796 esse
2861 2759 2962 2795 non
2984 2747 3198 2813 poterit,
3223 2755 3397 2815 etpe-

1874 2829 2039 2881 niteat
2082 2837 2189 2881 tres
2221 2844 2406 2893 annos,
2455 2828 2536 2882 vel
2564 2830 2722 2883 etiam
2751 2832 2978 2898 quandiu
3022 2832 3240 2895 vixerit;
3268 2836 3393 2903 quia

1867 2917 2020 2985 iuxta
2044 2910 2365 2970 sententiam
2394 2918 2619 2982 Domini,
2639 2919 2877 2971 mcechus
2896 2919 3291 2993 comprobatur.

1948 3004 2011 3059 Si
2028 3004 2081 3058 in
2112 3004 2412 3073 captivitate
2437 3020 2531 3072 per
2557 3006 2665 3059 vim
2688 3008 2841 3060 ducta
2873 3006 3057 3060 redimi
3086 3022 3187 3060 non
3212 3014 3396 3075 potest,

1874 3104 1993 3163 post
2017 3108 2211 3147 annum
2237 3093 2460 3146 alterum
2489 3094 2745 3162 accipere.
2778 3094 2909 3149 Item
2934 3096 2976 3148 si
3008 3094 3060 3147 in
3092 3095 3397 3163 captivitate

1872 3185 2061 3238 ductus
2087 3181 2246 3237 fuerit
2269 3183 2351 3235 vir
2373 3182 2505 3250 ejus,
2538 3183 2766 3251 quinque
2794 3198 2958 3237 annos
2979 3192 3267 3252 exspectet.
3309 3183 3395 3237 Si-

1872 3273 2069 3325 militer
2091 3281 2265 3326 autem
2285 3281 2337 3326 et
2360 3274 2568 3337 mulier,
2586 3274 2629 3327 si
2656 3274 2780 3327 talia
2803 3272 3133 3343 contigerint.
3162 3273 3396 3342 Excerpt.

1872 3360 2003 3429 Egb.
2035 3359 2255 3413 Eborac.
2301 3361 2465 3425 arch.,
2496 3377 2541 3413 c.
2586 3361 2704 3414 122.
2749 3360 2928 3414 Conon
2971 3359 3212 3416 dicit:Si
3254 3362 3402 3430 cuius

1870 3463 2004 3500 uxor
2028 3448 2080 3500 in
2123 3447 2475 3515 captivitatem
2507 3448 2659 3501 ducta
2701 3447 2887 3512 fuerit,
2917 3458 2968 3502 et
2993 3464 3054 3501 ea
3086 3450 3269 3503 redimi
3295 3464 3399 3502 non

1867 3538 2081 3604 poterit,
2107 3545 2229 3603 post
2264 3551 2461 3609 annum
2488 3538 2763 3603 septimum
2799 3537 3016 3592 alteram
3044 3539 3283 3607 accipiat.
3331 3540 3399 3595 Et

1870 3626 1912 3678 si
1940 3632 2120 3693 postea
2164 3626 2392 3693 propria,
2426 3626 2477 3679 id
2515 3635 2593 3679 est
2619 3626 2763 3693 prior
2789 3627 2975 3681 mulier
3009 3627 3073 3683 de
3105 3630 3402 3697 captivitate

1872 3731 2082 3770 reversa
2112 3714 2286 3780 fuerit,
2312 3716 2533 3783 accipiat
2576 3731 2712 3780 eam,
2738 3717 3185 3785 posterioremque
3226 3718 3403 3771 dimit-

1872 3812 1966 3857 tat.
2003 3803 2255 3857 Similiter
2277 3812 2450 3855 autem
2484 3810 2537 3855 et
2565 3804 2669 3866 illa,
2697 3804 2834 3858 sicut
2868 3804 3109 3871 superius
3150 3804 3397 3869 diximus,

1872 3893 1917 3946 si
1942 3894 2054 3945 viro
2082 3891 2201 3943 talia
2228 3891 2561 3959 contigerint,
2588 3890 2763 3944 faciat.

1942 3983 2054 4037 Duo
2089 3997 2297 4050 quoque
2335 3982 2523 4043 fratres
2549 3982 2679 4035 duas
2706 3995 2912 4037 sorores
2938 3981 2991 4034 in
3018 3981 3257 4050 coniugio
3284 3996 3401 4049 pos-

1874 4083 1996 4129 sunt
2040 4075 2262 4139 habere;
2294 4082 2346 4128 et
2377 4083 2527 4142 pater
2566 4073 2829 4142 ﬁliusque,
2874 4084 3095 4128 matrem
3140 4083 3192 4127 et
3220 4075 3398 4129 ﬁliam.

1875 4163 2000 4233 Cap.
2038 4180 2172 4217 Lxxv
2203 4182 2215 4215 :
2241 4165 2382 4217 Patri
2424 4171 2478 4216 et
2517 4163 2624 4217 ﬁlio
2672 4171 2891 4218 matrem
2920 4171 2974 4218 et
3006 4163 3165 4217 filiam
3200 4164 3319 4217 licet
3346 4165 3401 4218 in

1874 4252 2210 4306 matrimonio
2225 4253 2437 4306 habere.

246 4366 494 4434 concepit
536 4377 658 4419 ante
704 4373 931 4433 partum,
960 4372 1014 4417 et
1048 4372 1165 4432 post
1192 4372 1396 4431 tempus
1432 4364 1771 4434 purgationis,
1803 4379 1851 4437 υ
1944 4362 2011 4416 Si
2026 4364 2106 4416 vir
2127 4370 2180 4416 et
2204 4363 2393 4417 mulier
2417 4362 2781 4430 coniunxerint
2800 4377 2857 4418 se
2886 4362 2937 4415 in
2964 4363 3319 4428 matrimonio,
3346 4373 3401 4418 et

243 4459 350 4512 hoc
382 4465 479 4518 est,
516 4456 860 4525 quadraginta
910 4456 1094 4509 diebus
1118 4462 1170 4508 et
1212 4455 1453 4509 noctibus
1479 4455 1590 4507 sive
1638 4469 1777 4508 mas-

244 4535 424 4603 culum
446 4557 499 4601 et
521 4548 769 4615 feminam
790 4548 1046 4616 genuerit.
1072 4544 1198 4614 Cap.
1220 4562 1307 4599 xxr
1335 4565 1345 4597 :
1370 4542 1617 4599 Mulieres
1638 4559 1779 4597 men-

246 4645 399 4689 struo
427 4643 660 4702 tempore
684 4649 787 4687 non
810 4634 1004 4686 intrent
1026 4633 1322 4695 ecclesiam,
1355 4647 1523 4701 neque
1544 4646 1776 4685 commu-

245 4725 429 4779 nicent
448 4738 545 4777 nec
572 4724 1023 4778 sanctaemonialcs
1046 4724 1321 4778 neclaicae.
1352 4723 1407 4776 Si
1434 4732 1773 4792 praesumant,

245 4809 421 4864 tribus
453 4811 865 4865 hebdomadibus
897 4811 1185 4878 pteniteant
1226 4826 1341 4878 quae
1377 4811 1576 4864 intrant
1610 4810 1778 4864 eccle—

246 4898 385 4952 siam
415 4907 534 4951 ante
560 4899 812 4952 mundum
839 4898 1146 4967 sanguinem
1174 4906 1293 4965 post
1312 4906 1522 4967 partum
1540 4936 1553 4961 ,
1585 4898 1634 4951 id
1661 4906 1772 4963 est,

248 4986 324 5039 40
351 4988 554 5040 diebus.

319 5076 955 5147 Legitimumconjugium
976 5092 1078 5130 non
1104 5077 1224 5130 licet
1250 5091 1496 5145 separare
1519 5076 1631 5130 sine
1653 5091 1777 5129 con-

248 5181 409 5221 sensu
440 5169 710 5221 amborum
738 5187 748 5219 :
781 5175 953 5235 potest
974 5175 1149 5219 tamen
1178 5166 1308 5219 alter
1327 5168 1477 5220 alteri
1508 5168 1772 5221 licentiam

247 5256 382 5311 dare
411 5256 659 5310 accedere
683 5258 748 5309 ad
778 5257 1081 5310 servitutem
1110 5257 1201 5308 Dei
1247 5257 1299 5309 in
1343 5257 1683 5321 monasterio,
1725 5264 1777 5310 et

247 5345 353 5401 sibi
379 5347 596 5410 nubere,
619 5348 661 5400 si
685 5348 735 5399 in
750 5350 918 5415 primo
939 5348 1179 5417 coniugio
1200 5356 1313 5401 erat
1327 5347 1610 5401 secundum
1632 5346 1775 5400 Cra:-

252 5451 365 5490 cos.
406 5433 620 5503 Regina,
645 5435 733 5489 lib.
780 5452 814 5489 ll
845 5438 906 5488 de
931 5436 1073 5489 Eccl.
1121 5437 1269 5499 disc.,
1294 5453 1337 5488 ε.
1370 5436 1486 5498 107,
1513 5452 1575 5487 e1:
1625 5436 1774 5488 dictis

256 5522 577 5591 Hieronymi.
626 5524 845 5578 Additur
873 5524 1134 5591 quintum,
1166 5526 1374 5593 quando
1402 5527 1511 5579 sive
1540 5524 1638 5586 vir,
1666 5525 1774 5578 sive

256 5612 443 5664 mulier
470 5625 532 5664 ex
574 5628 828 5666 consensu
873 5612 1172 5680 religionem
1201 5613 1413 5683 ceperit,
1462 5614 1577 5666 licet
1626 5612 1771 5666 alteri

1878 4460 2060 4523 postea
2088 4452 2277 4505 dixerit
2305 4440 2492 4505 mulier
2521 4453 2587 4505 de
2614 4452 2727 4505 viro
2751 4468 2846 4505 suo
2870 4468 2971 4506 non
2996 4468 3175 4519 posse;
3208 4454 3253 4506 si
3282 4455 3400 4522 quis

1877 4544 2068 4613 poterit
2089 4544 2311 4611 probare
2332 4543 2468 4610 quod
2489 4557 2667 4597 verum
2687 4543 2772 4608 sit,
2788 4543 3006 4609 accipiat
3025 4542 3181 4595 alium
3207 4545 3395 4596 virum.

1878 4631 2136 4695 Rhaban.,
2151 4632 2203 4682 in
2224 4648 2301 4697 ep.
2325 4631 2391 4689 ad
2410 4629 2761 4693 Heribaldum,
2780 4646 2891 4699 cap.
2906 4630 3002 4683 29:
3034 4630 3150 4683 Non
3173 4648 3283 4684 cum
3304 4648 3399 4696 au-

1877 4722 2127 4785 ctoritate,
2156 4721 2242 4774 sed
2274 4721 2334 4774 de
2354 4718 2687 4799 quorumdam
2716 4720 2918 4772 statutis
2945 4713 3317 4787 respondemus,
3344 4720 3398 4772 in

1878 4812 2057 4882 quibus
2084 4813 2321 4880 scriptum
2352 4820 2423 4863 est
2447 4824 2465 4861 :
2487 4810 2576 4864 Vir
2602 4816 2655 4864 et
2679 4810 2865 4862 mulier
2883 4810 2927 4861 si
2954 4824 3009 4861 se
3034 4806 3399 4874 coniunxerint

1876 4900 2231 4959 matrimonio,
2258 4906 2311 4950 et
2350 4904 2530 4964 postea
2574 4897 2763 4951 dixerit
2801 4895 2988 4949 mulier
3013 4896 3076 4949 de
3103 4897 3216 4950 viro
3256 4898 3401 4964 quod

1876 5003 1977 5041 non
2028 4987 2187 5053 possit
2230 4985 2277 5038 ei
2318 4986 2533 5049 nubere,
2565 4985 2607 5037 si
2646 4991 2815 5051 potest
2840 4984 3059 5051 probare
3087 4998 3180 5050 per
3197 4982 3394 5049 iustum

1865 5075 2119 5142 iudicium
2165 5073 2303 5140 quod
2346 5088 2527 5127 verum
2578 5071 2665 5134 sit,
2702 5071 2922 5138 accipiat
2965 5070 3141 5123 alium.
3179 5068 3391 5139 Regina,

1873 5163 1959 5216 lib.
1992 5180 2063 5225 xl,
2091 5180 2135 5215 ε.
2161 5163 2263 5215 242
2287 5178 2300 5215 :
2324 5162 2461 5229 quod
2489 5176 2591 5214 nou
2620 5160 2784 5229 possit
2812 5160 2954 5213 coire
2982 5174 3098 5212 cum
3124 5174 3205 5213 ea.
3236 5160 3395 5213 Addit

1873 5251 2086 5313 Burch.,
2115 5251 2151 5303 ι.
2180 5266 2265 5313 tr,
2292 5267 2337 5302 c.
2380 5248 2450 5303 40
2474 5268 2485 5302 :
2512 5249 2567 5303 Si
2606 5257 2777 5301 autem
2802 5248 2889 5301 ille
2935 5247 3089 5301 aliam
3133 5249 3396 5317 acceperit

1875 5351 2200 5409 separentur.
2226 5339 2339 5403 Ivo,
2385 5357 2436 5407 p.
2480 5354 2593 5400 vm,
2620 5354 2665 5389 c.
2696 5338 2760 5390 79
2784 5351 2797 5388 :
2825 5336 3062 5405 Accipiat
3104 5337 3261 5389 alium
3289 5354 3301 5387 :
3328 5351 3409 5389 eo~

1873 5431 2009 5498 quod
2029 5429 2176 5496 iuxta
2203 5420 2503 5497 Apestolum
2526 5441 2627 5480 non
2651 5426 2907 5494 potuitilli
2932 5426 3145 5479 reddere
3168 5426 3243 5477 vir
3266 5440 3411 5479 suus~

1874 5521 2123 5575 debitum.

1940 5611 2171 5667 Puellam
2220 5612 2581 5680 desponsatam
2624 5625 2726 5664 non
2774 5610 2894 5663 licet
2939 5608 3237 5677 parentibus
3266 5610 3411 5663 dare-
