3922 6222
498 300 599 357 $57

869 294 1196 349 THEODORI
1232 293 1534 346 ARCHIEP.
1574 290 1995 346 CANTUARIE'N

2098 320 2099 328 η
2144 287 2648 340 ΓΟΕΝΙΤΕΝΤῙΑιΕ
2685 285 3056 349 COLLATUM,
3087 284 3228 338 ETC.

3503 280 3617 335 9η

495 411 584 463 alii
613 411 740 463 \it‘O,
771 409 866 458 nisi
900 407 981 456 illa
1015 406 1224 458 omnino
1267 405 1500 463 resistat;
1532 411 1701 453 tamen
1736 401 1799 452 ad
1824 414 2000 451 mona-
2026 401 2070 456 Α
2099 397 2258 448 ctione
2293 405 2387 447 vet.
2415 395 2524 446 cod.
2555 394 2734 446 Paruit.
2757 410 2906 462 quam
2947 405 3131 446 rectam
3161 407 3266 445 esse
3304 388 3618 455 conﬁrmant

495 497 706 551 stet-ium
750 495 866 546 licet
904 495 977 544 ire
1007 494 1048 546 si
1079 491 1316 543 voluerit.
1358 490 1442 541 Illa
1470 499 1640 542 autem
1672 488 2001 554 desponsata,

493 584 540 637 si
570 597 668 636 non
694 582 799 633 vult
827 582 1060 632 habitare
1087 593 1204 630 cum
1233 594 1296 630 eo
1325 578 1436 629 viro
1462 577 1543 628 cui
1574 584 1651 627 est
1679 576 2001 641 desponsata,

493 664 543 720 ei
593 667 805 732 pecunia
855 679 1009 730 quam
1060 664 1235 722 dedit,
1287 671 1335 712 et
1385 663 1534 712 tertia
1595 675 1714 727 pars
1766 661 2000 711 addatur.

493 746 618 818 Cap.
663 765 812 802 um
857 763 871 801 :
915 750 1228 816 Desponsala
1272 747 1457 799 mulier
1502 747 1641 808 viro;
1679 746 1861 798 deinde
1903 760 2002 802 non

491 835 602 888 vult
629 836 860 888 habitare
887 850 1003 887 cum
1029 850 1107 895 ea,
1137 835 1314 886 reddat
1343 835 1611 899 pecuniam
1645 849 1759 899 qum
1791 834 1887 899 ipsi
1914 833 2004 884 da-

491 932 609 985 tur;
650 932 701 974 et
754 925 958 974 tertiam
999 932 1197 988 partem
1245 922 1547 974 substantia:
1592 921 1763 974 addat.
1820 921 2000 972 Priora

491 1013 640 1063 verba
681 1022 732 1063 ut
781 1016 831 1063 in
877 1023 971 1064 vet.
1002 1012 1112 1064 cod.
1147 1010 1326 1063 Pwnit.
1351 1011 1583 1078 leguntur
1611 1011 1744 1078 apud
1790 1008 1999 1069 Buri-IL,

492 1097 577 1150 lib.
614 1115 725 1162 ml,
747 1099 956 1170 exceptis
987 1100 1062 1150 Itis
1090 1098 1246 1149 verbis
1273 1115 1383 1166 qua’
1406 1101 1580 1150 desunt
1604 1112 1620 1147 :
1645 1098 1742 1148 nisi
1774 1096 1858 1148 illa
1886 1110 1997 1148 om-

490 1187 616 1240 nino
645 1189 865 1240 resistat.

961 1273 1105 1327 CAP.
1145 1275 1233 1327 XII
1285 1274 1530 1327 ΡΕῈΝΙΤ.

558 1359 613 1411 Si
660 1375 864 1413 servum
897 1368 948 1413 et
972 1362 1213 1414 ancillam
1250 1363 1488 1415 dominus
1514 1361 1782 1414 amborum
1811 1360 1860 1412 in
1889 1375 2000 1412 ma-

490 1446 784 1516 trimonium
831 1445 1116 1512 conjunxit,
1139 1456 1320 1514 postea
1362 1447 1581 1499 liberato
1628 1462 1778 1498 servo
1804 1446 1885 1498 vel
1911 1461 2002 1498 an-

488 1535 624 1597 cilla,
653 1536 694 1587 si
724 1551 822 1587 non
849 1544 1016 1601 potest
1043 1536 1224 1588 redimi
1254 1550 1368 1603 quae
1393 1537 1443 1587 in
1474 1537 1685 1588 servitio
1713 1544 1811 1596 est,
1838 1535 2001 1587 libero

489 1620 605 1672 licet
636 1621 909 1688 ingenuam
935 1621 1265 1689 conjungere.
1292 1623 1414 1692 Cap.
1445 1638 1562 1674 LXXI
1593 1639 1603 1673 :
1629 1621 1682 1673 Si
1709 1637 1888 1674 servus
1910 1624 1996 1684 sit,

489 1716 536 1758 et
578 1709 762 1760 ancilla
816 1710 1009 1762 domini
1044 1724 1248 1762 servum
1297 1710 1437 1762 illum
1483 1710 1700 1762 liberum
1746 1728 1846 1764 non
1889 1712 1998 1765 vult

489 1811 601 1846 cum
634 1796 716 1846 illa
748 1797 961 1861 nubere,
988 1797 1188 1850 dimitte
1223 1797 1480 1864 accipere,
1506 1799 1548 1850 si
1577 1798 1658 1850 illa
1687 1813 1786 1851 non
1815 1809 1998 1865 potue-

488 1885 552 1936 rit
588 1884 650 1936 ad
679 1900 816 1938 eum.
846 1883 971 1948 ρυτε
1008 1886 1154 1938 verba
1185 1886 1395 1936 nimium
1425 1886 1696 1953 depravata
1724 1886 1790 1937 ad
1823 1890 1998 1953 genui-

487 1987 601 2023 num
647 1981 692 2023 et
729 1982 953 2040 apertum
995 1988 1196 2025 sensum
1240 1973 1572 2024 restituuntur
1608 1972 1903 2039 prmeedenti
1931 1972 2000 2024 le-
2043 1987 2052 1992 ‘

2099 482 2434 548 excerptiones
2467 480 2669 547 Egberti
2690 480 2928 541 Eborac.,
2963 496 3072 547 cap.
3103 478 3218 540 124,
3243 478 3416 530 Conon
3439 476 3567 528 dicit
3594 488 3614 553 ς

2101 569 2154 622 Si
2186 585 2388 622 servum
2415 577 2466 620 et
2494 568 2728 620 ancillam
2757 569 2994 621 dominus
3036 567 3300 620 amborum
3331 566 3380 618 in
3420 565 3612 617 matri-

2101 663 2272 713 monio
2297 660 2634 726 coniunxerit,
2658 668 2836 726 postea
2864 660 3087 711 liberato
3107 673 3256 710 servo
3287 657 3366 709 vel
3394 655 3612 716 ancilla,

2099 748 2143 800 si
2175 764 2276 800 non
2302 755 2471 814 potest
2501 747 2681 800 redimi
2707 748 2793 814 qui
2820 747 2872 798 in
2901 747 3112 800 servitio
3135 754 3237 805 est,
3263 745 3426 797 libero
3460 743 3609 808 licet,

2101 838 2233 889 sicut
2279 835 2586 902 quibusdam
2628 835 2814 902 placet,
2839 835 3112 902 ingenuam
3143 831 3480 900 conjungere;
3509 823 3610 884 sed

2101 930 2274 974 tamen
2314 918 2464 986 juxta
2512 919 2822 973 sententiam
2877 917 3079 970 Domini
3133 916 3364 969 moechus
3411 916 3607 983 proba-

2102 1015 2202 1060 tur.
2504 1091 2651 1146 CAP.
2688 1090 2799 1144 Xlll
2833 1091 2918 1145 DE
2959 1089 3206 1144 HIS-MT.

2167 1199 2371 1270 Jejunio
2415 1199 2642 1268 legitima
2672 1200 2770 1253 tria
2816 1208 2937 1252 sunt
2980 1199 3030 1252 in
3074 1197 3612 1264 annozquadraginta

2099 1294 2218 1340 ante
2243 1285 2422 1339 Natale
2449 1284 2671 1347 Domini,
2693 1294 2747 1338 et
2764 1294 2881 1353 post
2907 1285 3244 1337 Pentecosten
3269 1282 3614 1350 quadraginta

2100 1375 2229 1428 dies.
2260 1375 2382 1442 Cap.
2413 1373 2510 1428 109
2531 1387 2545 1425 :
2565 1371 2764 1439 Jejunia
2784 1372 3013 1442 legitima
3039 1378 3162 1425 sunt
3187 1370 3287 1422 tria
3315 1371 3367 1422 in
3386 1369 3615 1436 quadra-

2099 1477 2328 1532 gesxmts.

2168 1569 2388 1622 Iulirmis
2411 1568 2531 1622 licet
2553 1569 2711 1621 omni
2737 1569 2864 1620 hora
2892 1568 3062 1620 cibum
3091 1576 3144 1620 et
3179 1575 3356 1634 potum
3383 1577 3616 1625 sumere,

2028 1692 2072 1751 Β
2102 1657 2306 1724 quando
2324 1655 2620 1707 desiderant
2639 1655 2717 1707 vel
2740 1661 2973 1722 possunt,
2998 1655 3040 1706 si
3062 1664 3350 1720 opportune
3370 1657 3616 1720 possunt.

2096 1743 2305 1804 Burch.,
2334 1742 2368 1792 Ι.
2401 1757 2548 1802 xvm,
2577 1757 2622 1792 ο.
2657 1741 2744 1800 20,
2771 1756 2832 1791 ea:
2871 1739 3048 1791 concil.
3077 1738 3305 1805 Mogunt.
3335 1755 3379 1790 ε.
3406 1735 3620 1789 20:111-

2099 1830 2264 1882 ﬁrmis
2305 1830 2425 1881 licet
2470 1829 2610 1882 omni
2656 1829 2782 1880 hora
2826 1829 2997 1881 cibum
3044 1837 3323 1895 potumque
3370 1839 3616 1885 sumere,

2102 1918 2510 1985 quotiescunque
2535 1916 2846 1970 desiderant.

1604 2157 2120 2238 POENITENTIALE
2155 2161 2492 2240 rationem

492 2293 902 2365 Coliatumcum
956 2293 1280 2365 quibusdam
1312 2293 1638 2365 testimoniis,
1666 2308 1785 2365 qua:
1830 2308 2003 2365 ex_eo
2037 2294 2336 2365 deprompta
2385 2295 2662 2348 laudantur
2708 2297 2807 2365 sub
2863 2295 3158 2350 nominibus
3204 2295 3484 2364 suppositis
3510 2295 3621 2365 ily-

729 2363 833 2430 gini
880 2376 1042 2430 papte,
1075 2361 1304 2422 Fabiani,
1331 2371 1431 2412 elc.
1467 2363 1635 2426 Atque
1665 2361 1774 2412 ha:c
1802 2362 2097 2413 testimonia
2132 2373 2274 2414 certo
2299 2377 2359 2415 ac
2391 2377 2513 2416 vero
2541 2365 2738 2416 auctori
2770 2363 3041 2418 Theodoro
3070 2361 3428 2417 restituuntur.

551 2541 680 2595 Cum
724 2537 856 2604 apud
890 2550 1070 2587 omnes
1098 2535 1236 2586 viros
1271 2535 1450 2587 doctos
1477 2544 1678 2588 constet
1705 2551 1819 2602 quae
1849 2535 2000 2603 vulgo

487 2630 759 2684 laudantur
799 2626 862 2678 ab
908 2623 1203 2676 auctoribus
1244 2623 1618 2689 recentioribus
1651 2625 1744 2676 sub
1779 2624 2000 2675 nomini-

489 2721 583 2772 bus
612 2714 791 2783 Hygini
815 2727 976 2778 papm,
999 2711 1232 2771 Fabiani,
1257 2708 1585 2776 Eutycbiaui,
1601 2718 1723 2771 etc.,
1739 2725 1854 2761 esse
1877 2724 1998 2775 sup-

487 2805 674 2873 posita,
705 2811 754 2854 et
777 2801 933 2851 variis
963 2799 1083 2850 hinc
1109 2797 1227 2848 inde
1257 2797 1515 2861 excerptis
1542 2797 1850 2848 testimoniis
1881 2813 2003 2849 con-

485 2899 656 2950 texta;
686 2885 872 2938 sullieit
897 2898 956 2934 ea
984 2897 1098 2949 qua:
1121 2881 1383 2948 pertinent
1412 2882 1473 2932 ad
1516 2882 1840 2934 Theodorum
1860 2923 1872 2944 ,
1905 2883 1999 2949 ipsi

486 2992 542 3035 ut
569 2996 690 3032 vero
725 2993 782 3030 ac
819 2984 963 3028 certo
997 2976 1194 3026 auctori
1232 2973 1521 3025 restituere.
1554 2973 1688 3025 sicut
1715 2973 1824 3040 jam
1853 2973 1998 3038 plura

486 3069 599 3122 aliis
627 3067 858 3135 patribus
887 3079 914 3115 a
938 3061 1065 3114 Viris
1092 3061 1406 3114 doctissimis
1433 3062 1671 3118 restituta
1701 3069 1842 3112 sunt.

558 3174 702 3228 Crat.
726 3174 944 3234 Decret,
981 3187 1017 3222 ιι
1046 3187 1118 3237 p.,
1145 3184 1285 3220 caus.
1313 3167 1396 3226 27,
1429 3185 1474 3234 (ι.
1499 3167 1550 3228 2,
1582 3183 1625 3218 ε.
1656 3168 1740 3219 2'7.
1774 3168 2001 3233 Despon-

450 3239 610 3322 ‘sata:
658 3263 837 3330 puellm
881 3276 978 3311 non
1025 3258 1364 3326 prohibentur
1396 3255 1764 3308 monasterium
1793 3254 1998 3321 eligere.

485 3351 742 3405 Probatur
771 3347 944 3400 itidem
979 3343 1284 3396 auctoritate
1320 3342 1526 3395 Eusebii
1563 3357 1707 3408 papre
1736 3341 1955 3393 dicentis
1987 3355 1998 3390 :

486 3440 855 3506 Desponsatam
899 3433 1120 3501 puellam
1153 3446 1253 3483 non
1284 3431 1403 3482 licet
1446 3430 1748 3496 parentibus
1776 3428 1863 3479 alii
1892 3427 2003 3478 viro

487 3529 726 3581 tradere:
753 3526 868 3576 licet
901 3532 1069 3574 tamen
1105 3521 1177 3572 illi
1219 3519 1587 3572 monasterium
1617 3517 1826 3584 eligere.
1861 3515 2002 3566 Illud

487 3625 557 3666 est
580 3612 890 3676 desumptum
908 3623 968 3658 ex
985 3606 1167 3657 Paenit.
1195 3605 1405 3666 Tlieod.,
1430 3605 1481 3655 in
1507 3602 1866 3676 questionibus
1887 3618 2003 3653 con-

490 3700 772 3766 iugiorum,
805 3695 884 3744 ubi
931 3690 1291 3744 sic:Puellam
1333 3691 1693 3757 desponsatam
1741 3705 1840 3742 non
1885 3689 2004 3740 licet

490 3785 810 3853 parentibus,
842 3791 944 3833 etc.

557 3891 777 3951 Deerat,
808 3905 840 3940 ιι
874 3906 947 3956 ρ.,
974 3903 1113 3939 caus.
1142 3887 1228 3948 28,
1260 3903 1307 3954 q.
1335 3886 1382 3947 1,
1413 3902 1455 3936 c.
1483 3886 1516 3936 2
1542 3904 1552 3935 :
1584 3897 1606 3923 ε
1638 3885 1690 3936 lu
1724 3883 1888 3936 ﬁdelis
1916 3898 2006 3950 po-

490 3988 676 4033 testate
709 3980 794 4039 sit,
821 3987 937 4041 post
975 3976 1283 4041 baptismum
1312 3988 1526 4026 uxorem
1574 3973 1819 4038 recipere,
1849 3985 2004 4036 quam

491 4074 612 4118 ante
636 4063 918 4114 dimiserat.
945 4060 1014 4112 Et
1037 4061 1244 4112 decreto
1267 4059 1568 4127 Eutyebiani
1599 4074 1741 4123 papa-
1770 4075 1779 4109 :
1807 4056 1859 4108 Si
1891 4056 2005 4122 quis

493 4153 698 4220 gentilis
722 4150 962 4219 gentilem
991 4165 1204 4201 uxorem
1233 4149 1487 4201 dimiserit
1515 4159 1633 4200 ante
1663 4149 2002 4213 baptismum,

2097 2547 2149 2589 et
2173 2539 2304 2591 alter
2331 2539 2556 2606 gent-Elis,
2597 2549 2649 2591 et
2675 2541 2818 2606 sequi
2844 2555 2946 2592 non
2971 2540 3082 2592 vult
3101 2579 3115 2602 ,
3151 2541 3285 2593 sicut
3327 2541 3452 2594 dicit
3477 2541 3620 2608 Apo-

2097 2625 2261 2677 stolus
2291 2643 2301 2675 :
2332 2626 2556 2678 lulidelis
2601 2626 2643 2677 si
2675 2626 2912 2688 discedit,
2943 2627 3188 2678 discedat.
3236 2626 3382 2678 Istud
3420 2641 3621 2697 quoque

2099 2724 2167 2763 est
2199 2713 2445 2764 Theodori
2466 2715 2550 2781 qui
2575 2714 2681 2765 Iure
2709 2714 2963 2782 subjungit
2988 2728 3004 2764 .'
3031 2715 3198 2766 Simili
3229 2715 3397 2778 modo,
3429 2717 3472 2767 si
3497 2715 3617 2785 quis

2098 2815 2277 2852 eorum
2304 2801 2593 2868 baptizatus
2619 2811 2719 2864 est,
2745 2803 2873 2855 alter
2896 2803 3120 2870 gentilis,
3147 2813 3249 2856 etc.

2171 2908 2386 2971 Decret.,
2412 2927 2446 2962 ιι
2464 2927 2540 2978 ρ.,
2566 2927 2703 2962 caus.
2727 2911 2811 2974 55,
2831 2929 2879 2979 q.
2909 2911 2964 2974 9.,
2988 2927 3032 2962 c.
3058 2913 3090 2963 5
3117 2929 3128 2962 :
3152 2909 3341 2964 Amnes
3364 2913 3414 2964 in
3434 2913 3616 2978 quinta

2099 3002 2432 3066 generatione
2480 3001 2708 3069 copulari
2753 3011 2969 3070 possunt
2995 3017 3009 3052 :
3037 3002 3086 3053 in
3116 3010 3298 3068 quarta
3338 3003 3379 3054 si
3423 3001 3618 3053 fuerint

2098 3088 2322 3151 inventi,
2369 3101 2470 3141 nOn
2519 3097 2841 3156 separentur.
2887 3087 3013 3141 Item
3047 3088 3307 3141 Fabianus
3350 3088 3620 3155 papa:Dc

2099 3175 2400 3241 propinquis
2430 3176 2516 3242 qui
2563 3176 2626 3227 ad
2655 3175 2956 3228 aﬂinitatem
2985 3189 3074 3242 per
3098 3176 3267 3227 Virum
3311 3183 3362 3227 et
3403 3189 3617 3228 uxorein

2099 3261 2330 3322 veniunt,
2366 3260 2605 3314 defuncta
2641 3277 2801 3315 uxore
2845 3262 2922 3313 vel
2953 3262 3087 3323 viro,
3115 3270 3166 3312 et
3191 3261 3372 3328 quinta
3401 3277 3620 3328 genera—

2102 3348 2238 3401 tione
2263 3347 2641 3416 conjungantur
2658 3367 2670 3378 ·
2692 3350 2742 3402 in
2767 3359 2973 3417 quarta,
2991 3349 3032 3401 si
3069 3350 3259 3401 inventi
3283 3348 3491 3411 fuerint,
3514 3364 3620 3401 non

2100 3445 2422 3502 separentur.
2467 3437 2522 3488 In
2572 3437 2722 3489 tertia
2775 3452 2899 3490 vero
2939 3437 3325 3504 propinquitate
3365 3452 3464 3488 non
3497 3435 3618 3488 lieet

2100 3539 2315 3575 uxorem
2333 3524 2547 3576 alterius
2570 3525 2804 3590 accipere
2823 3533 2936 3591 post
2962 3524 3158 3577 obitum
3179 3524 3310 3592 ejus.
3328 3523 3623 3591 :Equaliter

2100 3610 2179 3661 vir
2203 3609 2546 3678 conjungatur
2579 3611 2628 3662 in
2657 3611 2986 3663 matrimonio
3013 3612 3087 3663 eis
3113 3626 3228 3678 qua:
3269 3612 3366 3664 sibi
3391 3627 3622 3665 consan-

2101 3698 2300 3766 guinea:
2327 3706 2467 3760 sunt,
2499 3706 2549 3750 et
2575 3699 2752 3750 uxoris
2779 3713 2884 3750 sua:
2913 3698 3311 3766 consanguineis
3338 3707 3450 3766 post
3478 3715 3614 3750 mor-

2100 3793 2204 3837 tem
2229 3802 2334 3839 sua:
2364 3787 2556 3838 uxoris.
2597 3785 2789 3838 Eadem
2826 3786 2976 3853 paulo
3004 3797 3112 3853 post
3141 3787 3261 3838 citat
3298 3787 3387 3838 sub
3421 3787 3626 3840 nomine

2100 3871 2219 3925 Julii
2248 3888 2391 3940 papa:
2431 3874 2481 3925 in
2510 3874 2680 3925 eadem
2711 3890 2850 3926 caus.
2881 3884 2927 3925 et
2973 3883 3172 3943 quiest,
3204 3891 3246 3925 c.
3278 3875 3360 3927 l5.
3393 3872 3492 3927 Sed
3520 3875 3626 3926 ista

2102 3965 2346 4028 pertinent
2372 3963 2438 4013 ad
2469 3961 2780 4014 Theodorum
2808 3965 2894 4030 qui
2922 3964 2992 4014 sic
3022 3965 3070 4014 in
3101 3973 3276 4031 quiest.
3305 3963 3541 4031 conjug.‘:
3563 3961 3623 4017 In

2103 4035 2254 4102 tertia
2303 4051 2687 4117 propinquitate
2729 4052 2902 4103 carnis
2947 4051 3068 4104 licet
3113 4053 3307 4105 nubere
3337 4053 3625 4107 secundum

2101 4141 2329 4202 Graecos,
2356 4143 2488 4194 sicut
2515 4143 2564 4194 in
2594 4143 2704 4210 lege
2726 4144 2974 4210 scriptum
3001 4152 3110 4205 est;
3144 4144 3196 4196 in
3221 4144 3397 4210 quinta
3426 4156 3624 4195 secun-

493 4250 610 4309 pust
647 4241 956 4305 baptismum
986 4240 1034 4291 in
1061 4245 1318 4302 potestate
1357 4235 1467 4300 ejus
1507 4238 1607 4287 erit
1644 4254 1756 4286 cum
1793 4236 2003 4294 habere,
2038 4235 2084 4291 D
2109 4232 2228 4284 dum
2271 4231 2548 4292 Romanos,
2576 4241 2746 4285 tamen
2776 4234 2824 4285 in
2853 4234 3002 4286 tertia
3033 4249 3137 4286 non
3168 4233 3393 4293 solvunt,
3421 4233 3464 4284 si
3506 4241 3623 4299 post

494 4327 574 4379 vel
610 4341 709 4377 non
747 4326 956 4376 habere.
995 4323 1104 4374 Hoc
1143 4322 1352 4389 pertinet
1383 4324 1448 4373 ad
1482 4321 1796 4372 Theodorum
1827 4322 1911 4388 qui
1937 4321 2007 4370 ita

494 4413 547 4465 in
575 4411 928 4480 quastionibas
973 4409 1281 4477 conjug.:Si
1309 4410 1426 4476 quis
1469 4408 1723 4461 dimiserit
1767 4407 2008 4475 gentilem

498 4514 732 4558 uxorein,
764 4505 864 4548 etc.

563 4607 709 4676 Apud
737 4606 883 4660 Grut.
925 4607 1150 4672 sequ-itur
1173 4623 1217 4657 ε.
1244 4607 1276 4658 3
1302 4623 1312 4655 :
1339 4604 1530 4657 Fidelis
1563 4604 1820 4657 inﬁdelem
1847 4603 2012 4656 disce—

498 4697 700 4749 dentem
731 4695 875 4761 sequi
903 4708 1003 4746 non
1034 4693 1254 4760 cogitur.
1289 4692 1426 4746 Idem
1457 4692 1806 4759 Eutychianus
1841 4704 1971 4757 papa
1999 4706 2011 4740 :

502 4783 669 4838 Simili
713 4783 881 4842 modo,
911 4783 952 4834 si
999 4797 1130 4834 unus
1171 4796 1233 4834 ex
1263 4779 1550 4847 coniugatis
1596 4779 1889 4846 baptizatus
1917 4788 2016 4839 est,

573 4924 596 4953 ι
635 4911 851 4977 Bureh.,
880 4913 918 4965 l.
949 4928 1024 4975 ιι,
1057 4928 1102 4966 c.
1130 4910 1214 4974 59,
1245 4909 1330 4964 60.

2109 4321 2301 4372 factum
2337 4320 2510 4372 fuerit.
2548 4321 2683 4388 Ergo
2732 4323 2782 4373 in
2831 4325 3009 4388 quinta
3045 4322 3377 4391 generatione
3404 4320 3622 4388 conjun-

2109 4417 2313 4476 gantur.
2340 4407 2405 4460 Et
2439 4410 2510 4460 sic
2529 4408 2591 4460 de
2624 4411 2836 4462 ctrtcris.

2181 4520 2255 4572 Ex
2305 4521 2491 4586 quibus
2531 4520 2771 4573 omnibus
2818 4527 2960 4587 patet
3008 4519 3245 4572 maximae
3300 4517 3634 4571 auctoritatis

2111 4624 2225 4662 esse
2250 4609 2606 4662 Poznitentiale
2643 4609 2916 4672 Theodori,
2937 4616 3092 4677 atque
3119 4607 3371 4676 optimum
3393 4606 3631 4665 codicem

2115 4711 2213 4748 ms.
2242 4710 2344 4763 quo
2374 4696 2454 4748 usi
2481 4711 2676 4749 sumus.
