3922 6222
506 375 622 431 I999

826 474 999 531 Conon
1023 484 1047 513 ι
1080 472 1443 534 Romanorum,
1474 486 1575 522 arra
1600 469 1633 521 5
1658 469 1705 519 ι).

581 578 603 606 ο
630 565 735 619 Hos
761 570 1008 631 praiterea
1034 563 1122 627 qui
1150 558 1450 612 steeularem
1474 557 1643 624 adepti
1672 563 1981 624 potestatem
2004 597 2017 619 ,

404 672 413 682 '
511 654 667 724 hujus
694 654 837 723 [Ed.,
860 649 966 719 jus]
997 648 1171 710 saeculi
1196 654 1538 699 exercuerunt
1575 645 1800 714 negotia,
1832 645 2021 696 immu-

512 759 603 797 nes
642 758 671 796 a
708 745 920 807 peccato
945 750 1057 788 esse
1086 749 1186 787 non
1230 747 1379 799 posse
1414 731 1742 799 perspicuum
1767 737 1864 783 est.
1894 730 2023 781 Dum

510 832 647 885 enim
670 828 869 897 gladius
905 829 1153 881 exeritur,
1187 830 1276 872 aut
1300 819 1552 885 judicium
1583 816 1706 885 [Ed.
1735 816 1879 878 nam,
1903 831 2027 868 con-

511 916 694 987 fertur]
722 914 986 981 injustum,
1012 919 1102 963 aut
1119 916 1379 963 tormenta
1401 914 1711 959 exercentur
1731 902 1853 973 [ΕΔ.
1879 905 2023 967 add.,

511 1024 605 1075 pro
625 1005 931 1059 necessitate
957 995 1273 1065 causarum],
1298 1004 1387 1047 aut
1408 994 1742 1047 saecularibus
1764 1008 1819 1045 se
1844 992 2023 1061 [Ed¢l.,

512 1088 709 1158 curam]
741 1088 984 1140 exhibent
1022 1083 1385 1149 voluptatibus.
1427 1078 1585 1148 [ΕΜ.
1631 1079 1775 1142 add.,
1812 1080 2031 1145 Propter

511 1178 620 1231 haec
657 1174 851 1243 omnia]
894 1174 954 1225 Hi
1002 1172 1129 1223 tales
1153 1169 1372 1223 multum
1401 1168 1497 1221 sibi
1540 1175 1806 1234 prmstant,
1839 1168 1881 1219 si
1923 1168 2032 1233 epi-

511 1271 775 1332 seopatum
821 1273 925 1312 non
951 1257 1193 1310 affectent
1213 1295 1228 1319 ,
1254 1256 1345 1309 sed
1370 1255 1394 1292 ἀ
1420 1262 1633 1322 agentes
1666 1254 2029 1321 ptenitentiam

513 1356 811 1413 mereantur
835 1344 979 1400 certo
1004 1351 1236 1409 tempore
1272 1341 1431 1411 [Edd.
1463 1339 1605 1401 add.,
1634 1338 1867 1408 impleto]
1904 1339 2033 1391 alta-

513 1434 659 1487 ribus
672 1431 889 1486 sociari.

836 1536 1007 1589 Canon
1036 1535 1412 1593 Aurasicorum,
1441 1546 1545 1582 tera
1566 1529 1633 1582 24
1659 1541 1701 1581 ε.

579 1632 651 1683 De
680 1627 879 1681 idoneis
908 1634 957 1678 et
979 1618 1362 1690 probatioribus
1392 1618 1519 1670 viris
1544 1617 1562 1655 ί
1590 1617 1637 1669 si
1673 1615 1808 1667 forte
1837 1613 2035 1667 incide-

515 1720 620 1771 rint
642 1714 897 1782 duplicata
927 1709 1282 1769 matrimonia,
1308 1721 1408 1758 non
1435 1704 1573 1757 ultra
1603 1702 2032 1755 subdiaconatum

515 1799 894 1856 ecclesiasticas
923 1795 1127 1862 capiant
1156 1794 1452 1861 dignitates.

956 1903 997 1955 ,5
1031 1899 1205 1953 Canon
1242 1897 1585 1950 Taurinensis.

514 2053 542 2072 κ
586 2011 761 2078 Neque
788 2010 874 2079 qui
902 2017 1017 2078 post
1038 2007 1353 2075 baptismum
1375 2020 1561 2059 causas
1579 2013 1799 2073 egerunt
1824 2012 1914 2056 aut
1934 2004 2027 2056 ad-

516 2102 957 2157 tuinistravernnt,
990 2102 1157 2162 neqde
1186 2109 1251 2146 ex
1274 2094 1587 2152 curialibus,
1610 2105 1780 2157 neque
1808 2091 1894 2158 qui
1920 2099 2035 2156 post

518 2190 829 2255 baptismum
855 2184 1086 2239 coronati
1122 2181 1330 2233 fuerunt
1352 2219 1366 2242 ,
1396 2179 1475 2230 vel
1514 2177 1862 2230 sacerdotium
1896 2177 2035 2244 quod

518 2276 709 2329 dicitur
735 2273 1144 2333 substinuerunt,
1171 2283 1266 2326 nec
1288 2268 1376 2335 qui
1402 2266 1657 2319 editiones
1686 2265 1919 2333 publicas
1954 2281 2038 2319 ce-

519 2363 804 2422 lebrarunt,
835 2361 1001 2413 modis
1021 2359 1261 2411 omnibus
1285 2364 1534 2428 caveatur
1561 2370 1626 2407 ne
1650 2370 1713 2408 ex
1740 2355 1823 2409 his
1861 2356 1923 2409 ad
1952 2371 2039 2409 or—

518 2449 691 2506 dinem
718 2447 1123 2502 ecclesiasticum
1152 2444 1336 2512 aliquis
1362 2444 1691 2511 provehatur.

906 2552 970 2605 In
998 2554 1023 2593 II
1052 2550 1262 2620 epistola
1286 2549 1467 2603 Leonis
1492 2564 1654 2617 papae.

592 2666 697 2718 Nec
723 2678 811 2717 eos
833 2662 1028 2731 passim
1054 2661 1119 2713 ad
1140 2660 1375 2714 ordinem
1416 2674 1621 2713 sacrum
1648 2661 1765 2727 quis
1804 2661 2043 2714 admittat

524 2750 707 2823 [Edd.,
736 2750 1079 2803 admittuntur
1103 2746 1341 2818 passim],
1370 2747 1557 2815 quibus
1586 2748 1729 2800 nulla
1758 2749 2004 2800 natalium
2024 2788 2036 2810 ,

526 2838 662 2892 nulla
691 2852 893 2891 morum
916 2837 1139 2906 dignitas
1167 2835 1483 2902 suffragatur
1508 2854 1519 2886 :
1551 2844 1609 2887 et
1628 2836 1715 2902 qui
1752 2850 1782 2887 a
1821 2836 2043 2890 dominis

592 2976 618 3004 ι
647 2965 738 3017 Vir
764 2964 827 3016 cl.
855 2962 899 3014 J.
926 2960 1229 3015 Sirmondus
1256 2978 1268 3011 :
1306 2980 1322 3011 ι
1342 2961 1398 3013 In
1426 2960 1603 3013 codice
1631 2960 1933 3014 Fossatensi
1965 2961 2041 3014 di-

522 3030 947 3098 citur;Synodus
986 3028 1326 3081 Romanorum
1367 3029 1432 3081 ad
1477 3026 1649 3080 Gallos
1693 3031 1946 3098 episcopzs
1990 3036 2041 3081 et

522 3078 750 3177 ξξῶἱοζιζ
760 3078 1447 3177 suis},'qias"¢pig‘t_otsju
1473 3078 1672 3177 morem
1690 3078 1904 3177 scriptis
1928 3078 2040 3174 est:
2067 3078 2114 3139 ο

524 3164 580 3220 In
620 3164 981 3233 antiquissima
1021 3180 1143 3219 vero
1182 3164 1491 3217 'collcctione
1537 3164 1733 3233 codicis
1788 3164 2044 3233 Pithmani

524 3230 760 3288 Canones
782 3234 1119 3284 Romanorum
1150 3232 1457 3299 simpliciter
1492 3230 1833 3299 appellantur.
1864 3230 1952 3283 Sic
1991 3231 2043 3282 in

564 3302 832 3353 uibusdam
880 3301 1041 3352 codex
1084 3298 1384 3352 Pithmanus
1426 3298 1686 3349 consentit
1712 3312 1829 3349 cum
1865 3299 2047 3349 codice

575 3366 920 3425 erovalliano,
958 3367 1009 3417 in
1036 3367 1345 3432 quibusdam
1391 3380 1515 3417 vero
1561 3364 1676 3416 aliis
1728 3364 2043 3427 dissentire,

527 3451 589 3487 ex
621 3436 681 3485 iis
707 3448 820 3500 quae
841 3433 950 3498 jam
981 3449 1133 3499 supra
1165 3436 1323 3485 citata
1352 3441 1489 3493 sunt,
1522 3432 1755 3499 dignosci
1780 3440 1969 3500 potest.
1993 3451 2030 3500 ﬂ»

598 3502 624 3539 δ
653 3499 748 3568 Qui
775 3501 925 3568 vulgo
948 3501 1248 3552 inscribitur
1267 3516 1431 3568 canon
1460 3500 1521 3550 10
1545 3507 1762 3568 vocatur
1786 3499 1817 3550 5
1846 3500 1897 3551 in
1925 3499 2041 3551 coll.

529 3568 644 3620 cod.
678 3567 737 3619 II.
770 3583 831 3619 ac
854 3567 1091 3621 similiter
1119 3569 1170 3619 in
1194 3569 1369 3620 codice
1388 3567 1708 3629 Fossatensi,
1739 3575 1797 3618 ut
1822 3574 2048 3618 testatur

530 3637 610 3702 vir
633 3635 715 3702 _cl.
747 3633 792 3685 .I.
823 3635 1145 3702 Sirmondus.
1185 3636 1240 3702 In
1276 3636 1356 3687 ed.
1389 3650 1437 3702 c.
1478 3634 1541 3702 10
1592 3634 1719 3702 Can.
1769 3635 1931 3702 Rom,
1960 3635 2046 3702 qui

532 3700 877 3768 subjiciuntur
918 3700 1147 3768 epistolis
1173 3701 1457 3767 Innocentii
1484 3701 1535 3752 in
1558 3700 1651 3752 ult.
1680 3702 1841 3768 Cone.
1874 3701 1955 3751 ed.

608 3778 627 3803 ε
664 3767 880 3819 Constat
899 3766 1287 3832 antiquissimos
1309 3782 1424 3821 esse
1448 3768 1542 3820 hos
1561 3782 1804 3821 canones.
1824 3766 1925 3819 Sed
1947 3782 2049 3833 quo

538 3843 769 3901 tempore
794 3844 847 3887 et
873 3851 901 3887 a
930 3850 1031 3899 quo
1056 3837 1250 3887 conditi
1280 3836 1383 3887 sint
1404 3873 1417 3896 ,
1448 3850 1549 3887 non
1580 3835 1906 3902 exploratum
1932 3850 2049 3888 esse

538 3902 732 3953 indicat
758 3911 914 3980 caput
942 3904 1005 3953 70
1031 3903 1151 3980 _c_oll.
1182 3904 1295 3955 cod.
1327 3902 1412 3961 II.,
1437 3903 1523 3954 ubi
1552 3904 1819 3980 catalogus
1846 3903 2051 3980 episco-

535 3983 717 4033 porum
743 3968 837 4037 qui
857 3970 1177 4037 supradictos
1205 3984 1427 4022 canones
1451 3968 1788 4021 confecerunt
1812 3968 1903 4037 aut
1924 3985 2051 4021 con-

539 4036 829 4097 tinuarunt,
855 4038 1048 4089 nullum
1078 4038 1293 4089 istorum
1313 4044 1577 4088 auctorem
1602 4036 1960 4089 recenset.Vir
1983 4037 2049 4089 cl.

538 4099 583 4151 .I.
624 4101 927 4170 Sirmondus
952 4110 1099 4170 putat
1125 4117 1225 4153 non
1262 4104 1466 4170 inanem
1510 4104 1730 4156 fortasse
1758 4104 2052 4170 opinionem

539 4180 652 4235 esse
677 4207 688 4225 .
720 4169 764 4218 si
792 4169 907 4235 quis
936 4168 1285 4221 Innocentium
1315 4168 1335 4219 I
1361 4171 1543 4221 horum
1583 4168 1845 4222 auctorem
1892 4169 2054 4224 fuisse

539 4233 1019 4305 conjiciats‘VLerum
1046 4236 1087 4288 si
1119 4250 1219 4287 non
1246 4235 1549 4298 Innocentii,
1579 4236 1761 4289 saltem
1784 4238 2050 4305 cujusdam

539 4308 621 4380 est
647 4303 827 4380 synodi
853 4302 1123 4367 Romanae,
1140 4304 1486 4380 quat-decreta
1508 4305 1789 4380 Innocentii
1814 4302 2050 4380 attende:

1329 352 1947 430 CANONES'SELECTI
1985 362 2074 415 EX
2115 363 2262 419 VET.
2297 363 2446 418 CAN.
2486 362 2805 419 COLLECT.

3504 312 3644 414 ιυᾶο

2059 472 2093 531 Δ
2120 472 2229 525 suis
2255 472 2546 525 libertatem
2575 471 2821 538 consequi
2844 470 3057 524 minime
3078 477 3385 538 potuerunt,
3408 469 3475 524 ad
3496 470 3647 525 fasti-

2121 558 2260 625 gium
2284 559 2557 612 sacerdotii
2587 562 2598 598 ί
2631 559 2843 627 provehi
2870 573 2975 612 non
2998 558 3223 611 audeant
3249 558 3433 628 [Edd.,
3456 573 3648 628 prove-

2122 645 2356 715 buntur].
2388 645 2453 698 Et
2472 647 2730 713 quomodo
2757 660 2813 699 se
2842 647 3066 714 probare
3092 661 3243 715 posse
3271 638 3378 700 Πέῡ
3419 650 3646 702 credun-

2125 740 2227 792 tur,
2257 734 2344 799 qni
2372 732 2593 784 dominis
2614 734 2721 785 suis
2745 734 2966 785 necdum
2992 734 3199 801 probari
3228 734 3415 804 [Edd.,
3439 750 3495 793 se
3518 750 3649 804 pro-

2124 816 2269 887 bare]
2302 820 2617 886 potuerunt?
2654 808 2848 885 Duphx
2882 820 3057 886 itaque
3086 821 3135 873 in
3166 823 3263 874 hac
3294 832 3442 890 parte
3468 833 3650 877 reatus

2124 912 2205 955 est
2228 920 2252 965 ,'
2281 903 2417 970 quod
2461 911 2512 956 et
2556 918 2761 957 sacrum
2789 906 3136 959 ministerium
3170 910 3419 961 consortii
3449 910 3649 963 vilitate

2124 993 2391 1058 polluitur,
2416 1000 2469 1045 et
2488 992 2814 1046 dominorum
2839 992 2853 1041 i
2882 992 3001 1060 jura
3021 994 3312 1049 solvuntur.
3338 996 3418 1048 Ab
3445 998 3523 1051 his
3548 998 3655 1051 its-

2127 1092 2245 1144 que,
2270 1079 2459 1130 fratres
2476 1118 2489 1140 ,
2514 1093 2696 1133 omnes
2723 1088 2909 1133 vestris
2936 1081 3217 1148 provinciae
3242 1083 3539 1135 abstineant
3564 1098 3656 1138 ss-

2128 1166 2395 1229 cerdotes;
2422 1167 2447 1204 κ
2474 1167 2563 1219 sed
2592 1174 2647 1218 et
2674 1167 2738 1219 ab
2766 1167 2908 1229 aliis,
2936 1168 3024 1235 qui
3065 1168 3302 1235 originali
3343 1178 3437 1221 aut
3477 1169 3656 1237 aliqua

2128 1254 2421 1307 conditione
2461 1255 2674 1323 obligati
2718 1264 2845 1322 sunt
2870 1254 2914 1317 ι,
2944 1257 3043 1309 nisi
3089 1255 3223 1310 forte
3246 1274 3424 1311 eorum
3470 1260 3659 1326 petitio

2131 1341 2235 1411 [Αι.
2270 1341 2391 1393 add.
2432 1348 2521 1393 aut
2544 1341 2803 1412 voluntas]
2845 1344 3162 1405 accesserit,
3191 1346 3281 1411 qui
3316 1346 3514 1414 aliquid
3552 1348 3656 1400 siti

2130 1429 2183 1481 in
2217 1442 2306 1481 eos
2328 1429 2591 1481 vindicant
2613 1416 2905 1496 potestatis.
2936 1430 3099 1485 Debet
3125 1432 3265 1485 enim
3288 1448 3405 1487 esse
3434 1436 3501 1487 ab
3540 1435 3661 1487 aliis

2132 1519 2404 1581 immunis,
2454 1524 2542 1587 qui
2588 1521 2777 1577 divina:
2819 1522 3017 1575 militiae
3064 1520 3222 1577 fuerit
3270 1526 3697 1593 aggregandus.’

2132 1616 2171 1645 ιιι
2196 1607 2259 1659 Et
2286 1617 2311 1643 ιι
2337 1622 2457 1659 cum
2485 1603 2763 1674 unicﬁ‘ue
2788 1608 3082 1661 constiterit
3118 1609 3304 1662 natalis
3331 1611 3576 1664 honestas
3605 1620 3664 1665 et

2132 1708 2334 1753 morum
2364 1734 2379 1758 ,
2433 1708 2549 1748 esse
2598 1696 2752 1747 debet
2801 1696 2939 1749 sacri
2990 1696 3167 1750 altaris
3224 1698 3513 1752 ministerio
3572 1714 3665 1753 so-

2064 1786 2107 1843 Β
2134 1776 2369 1833 εἱθηάυεζ

2363 1870 2425 1921 In
2452 1878 2474 1903 ο
2504 1869 2711 1937 cpistola
2736 1870 3019 1941 Innocentii
3044 1885 3208 1939 paptr,
3235 1886 3346 1941 cap.
3376 1871 3431 1924 2.

2170 1978 2177 1989 π
2198 1956 2612 2009 Catcchumenus
2635 1958 2723 2023 qui
2750 1965 2869 2011 ante
2895 1958 3209 2025 baptismum
3237 1974 3452 2013 uxorem
3474 1960 3649 2021 duxit,

2132 2053 2183 2121 μ
2209 2054 2326 2112 post
2351 2046 2665 2113 bapLismum
2691 2047 2865 2109 aliam,
2893 2048 2960 2100 ad
2985 2049 3203 2119 gradum
3226 2050 3404 2101 venire
3440 2065 3543 2103 non
3569 2066 3667 2118 po-

2135 2140 2254 2185 test.
2279 2132 2426 2197 Quod
2470 2133 2513 2185 si
2555 2133 2672 2199 quis
2698 2132 2912 2199 objieiat
2953 2136 3093 2202 quod
3142 2135 3192 2188 in
3241 2136 3503 2202 baptismo
3539 2151 3667 2191 eum

2135 2221 2442 2274 criminibus
2486 2221 2728 2274 omnibus
2766 2231 2819 2275 et
2857 2222 2957 2276 hoc
2985 2223 3061 2279 sit,
3082 2223 3414 2276 absolutum:
3441 2224 3672 2278 interro-

2135 2322 2285 2380 getur
2310 2313 2352 2365 si
2378 2312 2550 2365 hocin
2569 2312 2828 2378 baptismo
2854 2312 3082 2365 abluitur
3100 2312 3240 2379 quod
3266 2321 3538 2380 peccatum
3558 2327 3671 2366 non

2136 2410 2249 2467 est,
2280 2403 2403 2455 dum
2445 2402 2636 2456 ducere
2665 2418 2879 2456 uxorem
2906 2402 3156 2455 Dominus
3195 2403 3467 2470 permisit,
3505 2402 3673 2456 etiam

2140 2480 2420 2543 Salomone
2448 2496 2669 2543 testante
2694 2490 2781 2557 qui
2808 2490 2879 2543 ait
2906 2508 2918 2542 :
2948 2488 2990 2540 Α
3012 2488 3118 2541 Deo
3146 2498 3359 2557 paratur
3379 2490 3486 2542 viro
3515 2506 3671 2552 umor.

2137 2587 2183 2630 et
2211 2579 2424 2629 maritus
2449 2578 2616 2628 uxori.
2648 2576 2713 2629 Et
2736 2577 2780 2629 si
2808 2584 2917 2629 tres
2946 2574 3187 2628 habuerit
3216 2576 3268 2628 in
3306 2578 3467 2628 veteri
3499 2576 3675 2629 humi-

2138 2681 2220 2726 ne,
2254 2665 2355 2716 erit
2393 2664 2439 2716 ei
2481 2658 2595 2729 quae
2622 2663 2675 2715 in
2703 2664 2963 2730 baptismo
2990 2670 3071 2715 est
3092 2670 3299 2729 quarta.
3337 2662 3499 2727 Quis,
3538 2678 3670 2726 oro.

2141 2750 2274 2804 istud
2302 2765 2405 2802 non
2432 2749 2568 2801 dicat
2592 2757 2773 2802 contra
2800 2749 3031 2818 Apostoli
3055 2750 3367 2803 sententiam
3388 2788 3402 2813 ,
3432 2750 3521 2819 qui
3550 2751 3626 2804 ait
3649 2769 3668 2804 :

2142 2836 2304 2891 Unius
2328 2838 2502 2890 uxoris
2526 2836 2686 2889 ritum
2714 2836 2778 2887 Μ

2213 2965 2226 3015 i
2428 2967 2479 3018 in
2500 2966 2581 3047 ed:
2606 2973 2853 3047 quantum
2878 2963 2945 3016 ad
2982 2963 3175 3015 illicita:
3214 2962 3560 3030 usurpationis
3597 2973 3677 3018 to-

2144 3042 2865 3153 ’”ῗ’ἒ⁰ἆῖί”;”ἓῖίῖιῖῗὶαητυνπ
2888 3098 2949 3149 ab
2979 3097 3086 3157 his,
3112 3097 3200 3150 sed
3241 3097 3303 3148 ab
3350 3096 3454 3150 ius.
3492 3100 3672 3154 etiam.

2144 3169 2295 3237 Apud
2336 3166 2509 3238 Grat.,
2531 3167 2648 3238 dist.
2675 3164 2759 3238 54,
2784 3166 2915 3238 c._._'.’)i
2946 3183 2957 3216 :
2984 3164 3084 3238 Sed
3110 3167 3262 3218 etiam
3286 3165 3348 3217 ab
3370 3165 3487 3219 aliis
3513 3168 3679 3238 origi-

2146 3234 2303 3289 ndriis
2325 3235 2397 3288 vel
2425 3237 2511 3302 qui
2542 3234 2694 3285 alicui
2722 3234 3016 3285 conditioni.

2217 3323 2235 3360 ι
2268 3322 2401 3373 Add.
2430 3323 2480 3373 in
2502 3322 2583 3373 ed.
2613 3338 2625 3372 τ
2662 3320 2909 3387 Volumus
2939 3320 3225 3387 temperari.

2214 3402 2252 3431 ω
2270 3389 2400 3441 Add.
2427 3390 2483 3459 in
2498 3389 2587 3459 ed.
2615 3406 2627 3438 :
2659 3384 2723 3439 Ut
2750 3404 2797 3459 _a_
2823 3389 3000 3439 castris
3020 3384 3292 3459 dominicis
3310 3427 3324 3451 ,
3351 3387 3531 3459 quibus
3556 3391 3674 3459 ejus

2146 3474 2323 3577 20mm
2353 3455 2640 3518 ascribitur,
2672 3453 2823 3506 nullis
2863 3456 3172 3507 necessitatis
3218 3453 3428 3507 vinculis
3469 3453 3674 3512 abstra—

2182 3536 2315 3577 atur.

2216 3624 2241 3649 ι
2272 3614 2336 3664 Et
2361 3629 2475 3663 cum
2498 3610 2765 3677 unicuique
2793 3618 2845 3661 et
2873 3618 3060 3662 cmtera
3090 3610 3141 3663 id
3167 3611 3251 3663 ed.
3285 3610 3676 3678 desiderantur,

2147 3682 2385 3748 quamvis
2401 3679 2607 3748 omnino
2629 3678 2957 3748 requirantur
2976 3680 3041 3729 ad
3060 3693 3269 3729 sensum
3290 3678 3675 3745 complendum,

2148 3742 2264 3803 eum
2296 3748 2441 3799 initio
2467 3746 2656 3797 dixerit
2693 3744 2758 3795 ad
2790 3742 3027 3795 ordinem
3055 3760 3261 3795 sacrum
3300 3742 3529 3797 eos'non
3556 3742 3679 3801 esse

2149 3816 2523 3872 admittendos,
2567 3813 2753 3879 quibus
2794 3809 2933 3879 nulla
2977 3812 3247 3874 natalium,
3291 3812 3429 3865 nulla
3469 3828 3680 3868 morum

2147 3884 2372 3951 dignitas
2420 3877 2746 3951 sxtlI‘ragatur.
2804 3877 2891 3929 Sic
2931 3881 3126 3951 optima
3175 3880 3378 3934 collect.
3425 3879 3553 3935 Cod.
3606 3883 3675 3936 Η.

2150 3945 2265 4017 quae
2301 3950 2557 4017 superﬂua
2586 3945 2709 4001 sunt
2741 3962 2843 3998 non
2880 3945 3135 4011 admittit,
3166 3963 3265 4002 nec
3286 3963 3403 4015 quae
3427 3963 3681 4004 necessa-

2152 4020 2230 4069 ria
2262 4026 2383 4070 sunt
2405 4017 2614 4069 omittit.
2937 4066 2953 4080 ν

2223 4092 2246 4118 ο
2274 4085 2435 4150 Epist.
2484 4083 2748 4135 Innocent.
2802 4085 2824 4140 I
2876 4085 2939 4137 ad

2151 4167 2265 4221 cap.
2296 4152 2377 4203 11.

2222 4252 2248 4289 p
2278 4240 2376 4293 Tot
2400 4239 2515 4291 add.
2544 4238 2595 4289 in
2620 4237 2793 4300 editis,
2826 4248 3033 4307 tamque
3059 4240 3297 4293 diversus
3332 4239 3461 4293 ordo
3486 4238 3682 4295 verbo-

2153 4306 2267 4363 rum
2292 4348 2304 4365 .
2334 4316 2392 4359 ut
2434 4307 2533 4358 nisi
2562 4308 2734 4358 omnia
2764 4306 3127 4366 exhibeantnr,
3146 4315 3350 4373 quanta
3375 4307 3451 4369 sit,
3479 4307 3682 4361 discre-

2985 4084 3258 4150 episcopos
3314 4080 3631 4139 Macedonia
3654 4125 3673 4147 .
3730 4098 3735 4103 '

543 4368 626 4417 rit.
651 4368 857 4443 _Etenim
880 4385 1043 4443 canon
1068 4372 1417 4443 supracitatus
1440 4375 1816 4443 convenitcum
1838 4389 1952 4443 cap.
1980 4373 2049 4426 40
2084 4376 2128 4432 D
2151 4378 2343 4443 pantia,
2370 4374 2593 4443 perspici
2617 4390 2724 4443 non
2755 4376 2935 4443 possit.
2965 4374 3054 4425 Sic
3088 4368 3245 4443 igitur
3282 4374 3379 4425 ista
3409 4368 3459 4425 in
3485 4374 3569 4443 ed.
3599 4375 3683 4429 Ie—

540 4446 622 4498 ep.
651 4434 931 4488 Innocentii
982 4438 1045 4488 ad
1082 4434 1409 4488 'Victricium.
1455 4440 1631 4493 Canon
1676 4440 1714 4492 Ι.
1747 4439 1804 4490 C.
1840 4434 2049 4493 Ricum

540 4514 654 4565 cap.
686 4501 779 4578 42;
810 4502 1316 4582 ejusdem.epistol:e
1360 4520 1525 4583 canon
1573 4508 1607 4557 Ξ
1647 4523 1764 4559 cum
1803 4521 1917 4573 cap.
1964 4508 2046 4560 15.

542 4564 690 4630 Quod
730 4569 863 4620 idem
892 4571 955 4620 de
982 4572 1287 4630 quibusdam
1318 4572 1432 4624 alus
1459 4575 1557 4625 dici
1586 4582 1772 4630 potest.

608 4587 690 4618 wu
730 4587 863 4620 luem
892 4587 955 4620 (te
982 4587 1287 4636 quibusnam
1318 4587 1432 4624 atus
1459 4587 1557 4625 (IlCl
1586 4587 1772 4641 poteSt.

608 4630 632 4671 ά
664 4634 904 4697 Quaedam
937 4638 1034 4690 alia
1064 4639 1253 4691 inserta
1277 4649 1399 4691 sunt
1426 4640 1476 4690 in
1504 4642 1585 4691 ed.

615 4713 636 4738 ε
664 4704 819 4755 Cone.
844 4704 1168 4761 Arausicani.
1198 4722 1243 4758 c.
1276 4706 1354 4756 15.

616 4769 634 4803 ί
645 4843 651 4846 Α
664 4770 793 4846 1Ξι1ι1.
820 4775 934 4846 add.
964 4792 974 4823 :
1009 4793 1025 4822 ‹
1049 4772 1200 4846 _Q_u_os
1242 4773 1504 4825 clericatui
1546 4772 1741 4846 alligari
1788 4775 1897 4842 ipsa
1937 4777 2055 4846 vitae

545 4840 710 4958 Et]?
739 4843 980 4910 suggerit.
1007 4861 1022 4891 ι
1049 4841 1176 4893 Vide
1206 4856 1358 4907 supra
1394 4855 1644 4892 canonem
1663 4840 1727 4892 45
1750 4840 1896 4897 conc.
1921 4844 2053 4896 Are-

620 4976 643 5011 ε
672 4973 765 5025 Hic
792 4988 956 5027 canon
978 4974 1028 5025 in
1058 4973 1171 5026 edd.
1209 4974 1547 5027 desideratur.

554 5041 645 5155 ph
679 5039 837 5105 Epist.
868 5041 1050 5093 Leonis
1073 5041 1090 5091 I
1116 5042 1178 5092 ad
1218 5042 1488 5108 episcopos
1520 5057 1613 5109 per
1638 5042 1972 5111 Campaniam
2009 5053 2062 5097 et

598 5121 820 5155 tcenum.

598 5121 820 5157 ICCIIUI’II.

628 5185 638 5207 ι
676 5172 802 5239 Αόά.
835 5173 883 5223 in
913 5172 993 5225 ed.
1022 5190 1033 5221 :
1063 5181 1297 5239 tanquam
1344 5176 1533 5227 servilis
1560 5175 1718 5229 vilitas
1741 5180 1875 5230 hunc
1901 5181 2059 5230 hono-

557 5253 657 5314 rem
680 5237 997 5314 jure-capiat.
1033 5237 1170 5314 Illud
1189 5242 1497 5314 superﬂuum
1525 5251 1605 5295 est
1632 5247 1784 5314 quod
1810 5248 2059 5313 antiquis-

559 5305 688 5377 sima
715 5305 947 5377 collectio
968 5308 1079 5377 cod.
1107 5305 1530 5377 liertadmittere
1551 5305 1746 5377 nequit.
1776 5305 2053 5371 Prcetérea.

552 5369 692 5439 jure,
720 5372 864 5439 deest
888 5373 936 5423 in
963 5374 1191 5439 epistolis
1220 5374 1275 5426 S.
1311 5376 1497 5429 Leonis
1537 5369 1681 5430 novin
1720 5380 1867 5439 edit.,
1896 5381 1945 5431 in
1982 5369 2061 5433 se-

563 5438 727 5487 cuuda
747 5438 861 5511 coll.
892 5438 1004 5491 can.
1033 5442 1147 5511 cod.
1176 5440 1293 5494 Iler.
1323 5454 1371 5496 et
1398 5444 1511 5496 aliis
1534 5446 1643 5495 cod.
1677 5461 1824 5507 mss.,
1858 5461 1958 5511 quo
1987 5457 2063 5499 ta-

565 5516 679 5620 :ieu
706 5506 901 5624 Sllllﬂa:0
926 5508 1191 5573 vocabulo,
1220 5524 1280 5563 ex
1306 5512 1385 5565 liis
1413 5513 1580 5565 verbis
1609 5513 1691 5565 vix
1720 5514 1852 5567 ullus
1876 5506 2064 5569 sensus

619 5584 681 5619 ιρι
708 5586 769 5624 no
795 5590 848 5624 cs
876 5612 889 5624 .

657 5586 681 5619 τι
707 5586 889 5635 potest.

2152 4440 2341 4512 guntur
2371 4440 2385 4493 Ξ
2418 4459 2435 4489 ι
2470 4440 2663 4512 Deinde
2699 4440 2926 4512 ponitur.
2972 4440 3491 4512 non‘dieioportere
3526 4441 3684 4512 biga-

2153 4506 2313 4582 inum,
2338 4523 2456 4562 eum
2480 4506 2565 4582 qui
2593 4508 2994 4582 catechumenus
3022 4506 3456 4582 habuerit:_atque
3487 4506 3681 4582 amise-

2153 4580 2221 4630 rit
2247 4591 2482 4637 uxorem,
2513 4575 2557 4627 si
2584 4574 2713 4641 post'
2726 4578 3039 4643 baptismum
3064 4574 3217 4628 fuerit
3244 4574 3397 4629 aliam
3424 4576 3680 4643 sortitus,

2062 4677 2075 4685 ς
2156 4660 2373 4711 eamque
2398 4644 2619 4711 primam
2650 4642 2836 4711 videri,
2864 4659 2979 4710 qum
3020 4658 3151 4711 novo
3197 4642 3393 4711 homini
3434 4642 3683 4711 copulata

2158 4714 2225 4764 sit
2252 4731 2262 4764 :
2292 4709 2415 4779 quia
2444 4710 2566 4762 illud
2595 4709 2917 4779 conjuginm’,
2958 4725 3053 4779 per
3092 4709 3335 4779 baptismi
3376 4709 3685 4779 sacramen-

2158 4793 2288 4843 tum,
2311 4776 2427 4831 cum
2454 4777 2657 4830 caeteris
2680 4776 2984 4830 Criminibus
3008 4778 3077 4829 sit
3103 4776 3351 4830 ablutum.
3382 4776 3528 4841 Quod
3554 4791 3684 4832 cum

2158 4849 2220 4900 de
2242 4842 2342 4898 una
2365 4848 2539 4912 utique
2564 4846 2773 4907 dicitur,
2798 4854 2938 4897 certe
2968 4845 3009 4896 si
3046 4853 3152 4895 tres
3190 4844 3461 4904 habuerit,
3477 4842 3557 4912 _in
3580 4858 3684 4899 ve—

2155 4923 2263 4966 tere
2285 4910 2481 4981 positus
2505 4914 2737 4981 homine,
2754 4925 2961 4981 uxores,
2985 4912 3087 4963 erit
3110 4912 3321 4981 ei,rqu:e
3339 4917 3456 4981 post
3476 4910 3683 4981 baptisp

2158 4976 2301 5033 muni
2336 4990 2517 5046 quarta
2551 4987 2666 5039 est,
2703 4980 2777 5031 sic
2822 4976 3281 5045 interpretantibus
3331 4976 3497 5046 prima
3524 4976 3685 5032 {vir-

2158 5051 2290 5113 ginis
2327 5043 2467 5111 reque
2513 5061 2697 5110 nomen
2742 5043 2996 5113 accipiet,
3040 5061 3155 5111 qua:
3191 5051 3379 5113 quarto
3405 5043 3679 5113 ductasest

2158 5110 2285 5167 loco.
2315 5110 2440 5178 Quis
2462 5113 2593 5181 (oro)
2618 5112 2752 5165 istud
2776 5128 2878 5164 non
2906 5110 3079 5166 videat
3099 5110 3278 5181 contra
3307 5110 3538 5179 Apostoli
3557 5127 3683 5181 esse

2157 5178 2491 5249 pmeeeptum,
2521 5178 2607 5249 qui
2630 5180 2703 5232 ait
2721 5197 2735 5249 _:
2764 5183 2913 5249 unius
2939 5180 3115 5249 uxoris
3132 5178 3293 5249 vitum
3317 5178 3543 5249 oportere
3560 5179 3683 5247 ﬁeri

2157 5196 2491 5249 pmeeeptum.
2521 5196 2607 5299 gul
2630 5196 2703 5232 ait
2726 5197 2735 5229 :
2764 5196 2913 5231 unius
2939 5196 3112 5233 uxoris
3132 5196 3293 5230 virum
3317 5196 3543 5247 oportere
3560 5196 3679 5247 pars

2156 5250 2500 5303 sacci-dotem?
2565 5249 2626 5299 ed
2651 5247 2892 5315 objicitnr
2930 5247 3067 5311 quod
3104 5246 3154 5297 in
3194 5245 3449 5315 baptismo
3479 5254 3679 5315 totum,

2157 5316 2401 5382 quidquid
2430 5317 2479 5366 in
2508 5323 2677 5368 vetere
2704 5312 2909 5370 homine
2935 5320 3133 5382 gestum
3173 5312 3291 5382 est;
3310 5313 3381 5382 sit
3424 5312 3677 5369 solutum.

2158 5379 2321 5434 Dicite
2346 5384 2492 5442 mihi,
2514 5398 2628 5435 cum
2652 5398 2775 5449 pace
2798 5379 2966 5433 vestra
2995 5381 3193 5447 loquor,
3219 5379 3438 5433 crimina
3471 5390 3681 5437 tantum

2160 5451 2485 5502 dimittuntur
2521 5452 2569 5502 in
2599 5451 2885 5517 baptismo,
2925 5464 2989 5500 an
3028 5456 3078 5501 et
3107 5449 3194 5501 illa
3223 5460 3352 5517 quae
3389 5449 3683 5517 εθςωιάιιιιι

2160 5517 2287 5583 legis
2319 5525 2571 5584 praecepta
2605 5515 2791 5569 ac'Dei
2817 5516 3049 5568 instituta
3071 5515 3682 5584 complenturiUxorem

2162 5579 2369 5650 ducere,
2392 5579 2585 5641 crimen
2608 5592 2706 5645 est,
2726 5598 2788 5636 an
2814 5599 2916 5635 non
2937 5593 3014 5639 est
3035 5579 3229 5635 crimen
3247 5582 3269 5634 ?
3285 5579 3342 5634 Si
3363 5583 3564 5637 crimen
3591 5590 3682 5638 est
