3922 6222
601 310 728 367 1003

594 506 856 558 decretura
882 503 981 556 duo
1007 502 1162 568 aliqui
1187 510 1272 553 aut
1296 510 1401 553 tres
1424 503 1830 555 contradixerint
1852 519 1862 551 :
1897 501 1982 552 illa
2009 503 2101 553 ob-

595 591 758 642 tineat
781 589 1031 642 sententia
1047 589 1144 651 ,\in
1180 603 1279 655 qua
1322 588 1492 655 plures
1531 601 1742 644 numero
1787 587 1976 640 fuerint
2018 602 2101 640 sa-

599 678 850 730 cerdotes.

906 764 1078 816 Canon
1106 762 1530 832 Carthaginensis,
1560 781 1661 818 mra
1690 766 1721 816 4
1750 777 1794 815 ο.

664 855 727 906 Et
761 853 882 906 illud
913 854 1237 905 statuendum
1273 863 1370 914 est,
1396 864 1454 904 ut
1485 853 1692 918 quando
1719 853 1780 904 ad
1813 853 2101 918 eligeinlum

596 942 890 1008 episcopum
920 940 1309 992 convenerimus
1329 979 1342 1001 ,
1374 940 1415 991 si
1453 955 1550 1005 qua
1589 940 1924 991 contradictio
1953 940 2105 991 fuerit

596 1031 799 1090 oborta,
836 1009 1352 1166 (λόηηιιριίαλὶιῆὶη
1380 1027 1518 1093 edd.)
1556 1043 1654 1079 non
1697 1035 2009 1092 praesumant
2041 1028 2105 1078 ad

596 1116 915 1166 purgandum
943 1128 1059 1166 eum
1085 1117 1171 1166 uni
1196 1131 1255 1166 or
1294 1114 1508 1166 inandus
1532 1122 1609 1166 est
1633 1120 1773 1164 tres:
1809 1113 1897 1164 sed
1933 1120 2105 1166 nostu—

596 1116 915 1184 purgandum
943 1128 1059 1166 eum
1085 1117 1171 1181 qui
1196 1113 1508 1166 or‘dinandus
1532 1122 1609 1166 est
1633 1120 1738 1164 tres
1763 1131 1773 1162 ε
1809 1113 1897 1164 sed
1933 1120 2107 1178 postu-

597 1202 765 1256 lentur
785 1216 940 1268 supcr
965 1202 1119 1269 |_Edd.
1156 1203 1274 1254 add.
1321 1201 1496 1270 super]
1528 1210 1655 1264 tres,
1683 1216 1816 1252 unus
1847 1201 1924 1252 vel
1965 1202 2064 1252 duo
2090 1219 2100 1252 :

595 1295 648 1338 et
669 1289 718 1340 in
737 1287 914 1339 eadem
931 1287 1155 1340 Ecclesia
1179 1287 1359 1358 [Edd.,
1382 1287 1551 1355 plebe]
1574 1287 1653 1339 cui
1677 1287 1989 1339 ordinandus
2007 1296 2103 1348 est,

597 1371 939 1425 discutiantur
982 1375 1148 1440 primo
1191 1389 1423 1442 persona:
1468 1372 1967 1426 contradicentium:
2017 1388 2108 1439 po-

597 1470 788 1514 stremo
813 1463 968 1514 etiam
998 1463 1083 1514 illa
1110 1477 1224 1529 qua:
1247 1461 1574 1527 objiciuntur,
1612 1466 2020 1526 pertractentur;
2057 1467 2108 1508 et

598 1563 712 1600 cum
738 1559 984 1617 purgatus
1007 1550 1162 1602 fuerit
1187 1550 1282 1602 sub
1316 1559 1590 1614 conspectu
1614 1547 1795 1614 plebis,
1823 1545 2104 1597 ordinetur.

945 1655 1116 1708 Canon
1138 1656 1461 1718 Arelatensis,
1488 1672 1589 1707 mra
1613 1655 1672 1706 ‘21
1704 1655 1749 1704 δ.

667 1743 1236 1811 lnordinationeﬂ’ar.
1289 1746 1427 1812 edd.)
1457 1746 1680 1812 episcopi
1723 1745 1805 1797 hic
1847 1743 1971 1795 ordo
1999 1756 2106 1794 ser-

600 1844 775 1896 vetur,
803 1842 859 1886 ut
887 1834 1053 1902 primo
1089 1833 1201 1884 loco
1237 1833 1514 1885 venalitate
1545 1832 1623 1884 vel
1662 1831 1941 1884 ambitione
1986 1830 2105 1882 sub-

602 1931 762 1985 mota,
809 1929 914 1974 tres
957 1921 1180 1988 episcopi
1217 1920 1313 1988 [ab
1352 1919 1634 1989 CpiSCOIIlS]
1665 1919 2012 1979 nominentur,
2043 1916 2106 1968 de

600 2009 787 2075 quibus
813 2007 989 2061 clerici
1019 2006 1096 2060 vel
1125 2008 1262 2060 cives
1289 2021 1410 2073 erga
1445 2022 1603 2061 unum
1632 2005 1848 2071 eligendi
1887 2003 2110 2055 habeant

601 2106 925 2168 potestatem.

899 2186 1074 2236 Conon
1099 2183 1470 2235 Aurelianensis
1499 2181 1532 2234 2
1555 2193 1602 2244 ο,
1631 2197 1732 2234 (cra
1755 2179 1805 2232 5.

669 2274 951 2342 Episcopus
987 2275 1039 2324 in
1080 2273 1322 2333 civitate,
1354 2271 1404 2322 in
1432 2285 1530 2336 qua
1559 2285 1650 2336 per
1676 2269 1941 2321 decretum
1965 2267 2110 2334 eligi-

606 2374 710 2426 tur,
737 2363 1036 2414 ordinetur:
1079 2357 1229 2428 (Var.
1266 2357 1485 2426 edd.)'et
1511 2357 1561 2408 in
1595 2355 1814 2409 ecclesia
1857 2355 1940 2406 cui
1979 2368 2112 2422 prae-

604 2451 806 2503 futurus
843 2457 923 2501 est
949 2455 1299 2501 consecretur.
1318 2439 1401 2497 'Si
1437 2458 1563 2496 vero
1587 2443 1868 2494 necessitas
1893 2442 1990 2493 hoc
2018 2441 2112 2492 im-

605 2538 744 2601 plere
769 2550 870 2588 non
891 2535 1104 2601 patitur,
1123 2529 1404 2599 (Nonnulla
1430 2529 1549 2581 add.
1577 2530 1629 2580 in
1648 2528 1785 2595 edd.)
1804 2535 1892 2578 aut
1913 2527 1960 2578 in
1983 2541 2114 2594 prte-

605 2622 769 2675 sentia
799 2618 1197 2686 metropolitani,
1227 2624 1314 2668 aut
1337 2630 1454 2669 eum
1489 2613 1602 2680 ejus
1625 2614 1932 2666 auctoritate
1976 2613 2113 2663 intra

608 2708 919 2776 provinciam
940 2707 1148 2760 omnino
1173 2721 1198 2757 a
1221 2701 1735 2770 comprovincialibus
1759 2700 2042 2751 ordinetur.

956 2792 1129 2844 Canon
1157 2789 1509 2858 apostolorum,
1537 2803 1637 2838 tera
1664 2786 1750 2837 21.

671 2884 696 2923 d
725 2881 1001 2936 Eunuchus
1026 2893 1116 2946 per
1142 2877 1384 2928 invidiam
1405 2915 1418 2937 ,
1458 2874 1539 2926 vel
1578 2875 1626 2926 in
1655 2873 2011 2941 persecutione
2039 2871 2114 2923 fa-

604 2979 739 3030 ctus,
767 2966 910 3033 velsi
935 2965 1010 3018 sic
1038 2970 1187 3014 natus
1213 2969 1310 3022 est,
1337 2961 1380 3012 si
1404 2961 1586 3027 dignus
1613 2967 1711 3019 est,
1735 2957 1986 3010 eﬁiciatur
2005 2958 2112 3024 epi-

613 3070 813 3122 scopus.

1033 3137 1204 3191 Conon
1234 3137 1490 3196 Nica‘mts,
1517 3148 1618 3186 (cra
1644 3131 1692 3183 4.

678 3239 700 3265 ε
731 3228 798 3280 Ut
827 3227 1114 3293 episcopus,
1148 3223 1191 3275 si
1233 3222 1343 3274 ﬁeri
1384 3227 1569 3284 potest,
1595 3233 1622 3268 a
1651 3217 1806 3268 totius
1839 3214 2116 3281 provinciae

609 3314 862 3381 episcopis
889 3313 1170 3383 ordinetur.
1201 3309 1256 3360 δι
1281 3322 1402 3359 vero
1423 3305 1520 3356 hoc
1543 3303 1746 3356 diliieile
1773 3313 1873 3363 est,
1898 3316 1998 3352 non
2021 3302 2118 3352 mi-

610 3416 708 3453 nus
732 3398 928 3468 [quam]
960 3415 987 3449 a
1017 3398 1210 3449 tribus:
1236 3397 1305 3446 ita
1328 3402 1496 3445 tamen
1526 3399 1594 3473 ut.
1609 3389 1986 3457 metropolitani
2011 3387 2117 3454 epi-

612 3488 753 3553 scopi
777 3486 855 3538 vel
879 3485 1171 3554 praesentia,
1195 3482 1473 3534 auctoritas
1497 3478 1596 3548 [vel
1620 3476 1895 3543 praesentia
1923 3475 2003 3527 vel
2029 3489 2120 3526 au-

611 3572 848 3640 ctoritas]
885 3573 1151 3623 habeatur.
1184 3570 1390 3634 Absque
1415 3582 1475 3619 eo
1500 3565 1874 3618 ordinationem
1916 3562 2116 3615 irritam

618 3659 850 3713 volumus
880 3657 1014 3726 [esse
1040 3652 1352 3722 voluerunt].

1264 3741 1331 3794 Λῖ
1340 3757 1393 3791 ra
1427 3739 1473 3790 7.

688 3833 706 3870 τ
741 3830 793 3885 Si
823 3831 951 3883 forte
987 3831 1037 3881 in
1066 3828 1350 3879 ordinando
1377 3827 1615 3892 episeopo
1652 3826 1750 3876 duo
1777 3825 1855 3875 vel
1885 3832 1987 3877 tres
2017 3825 2120 3877 dis-

619 3921 844 3974 sentiant
873 3921 986 3986 [pro
1015 3917 1180 3980 aliqua
1210 3912 1576 3980 contentione],
1606 3912 1919 3978 reliquorum
1946 3921 2120 3964 aucto-

622 4007 762 4066 ritas,
789 4013 840 4056 ct
865 4004 1117 4072 praecipue
1154 3999 1528 4065 metropolitani
1556 4013 1672 4049 cum
1697 3999 1897 4050 eceteris
1925 3997 2121 4050 ﬁrmior

620 4097 886 4149 habeatur.

960 4181 1130 4234 Canon
1155 4182 1175 4216 ’ὃ
1208 4179 1541 4240 Laodicensis,
1576 4191 1675 4227 (cra
1707 4174 1788 4228 12.

1406 309 1710 365 CANONES
1749 309 2020 366 SELECTI
2055 309 2143 362 EX
2177 309 2322 361 VET.
2363 308 2509 362 CAN.
2553 308 2871 362 COLLECT.

594 420 789 481 habito,
818 423 869 471 et
896 414 1174 468 secundim
1205 413 1615 467 Ecclesiasticam
1652 415 1876 479 regulam
1905 413 2096 472 factum
2123 417 2172 471 Α

2540 432 2710 482 Canuti
2748 435 2758 470 ί
2800 433 3088 498 Africanus,
3126 450 3228 486 (rm
3261 435 3274 480 J
3317 435 3364 484 el.

2265 558 2363 619 Qui
2395 558 2662 623 episcopus
2688 557 3003 609 ordinandus
3029 567 3127 618 est,
3152 567 3274 611 ante
3299 559 3662 624 examinetur,
3683 562 3727 614 si

2200 653 2382 696 natura
2411 646 2635 712 prudens
2662 652 2758 706 est,
2785 647 2828 697 si
2855 646 3107 708 docibilis,
3134 648 3176 699 si
3203 649 3438 701 moribus
3464 653 3730 715 tempera-

2201 739 2303 792 tus,
2344 732 2386 781 si
2414 732 2514 782 vita
2544 740 2736 792 castus,
2765 733 2807 782 si
2846 732 3067 794 sobrius,
3103 735 3144 786 si
3190 748 3395 801 semper
3419 735 3500 787 sui
3531 737 3729 802 negotii

2199 831 2391 868 vacans
2419 815 2548 884 [suis
2584 818 2804 882 negotiis
2829 818 3036 887 cavens]
3060 856 3073 881 ,
3104 820 3145 872 si
3177 821 3475 874 hominibus
3502 822 3732 874 aﬂabilis

2201 903 2265 972 [si
2294 905 2520 964 humilis,
2557 905 2597 955 si
2621 904 2891 973 affabilis],
2936 906 2978 956 si
3008 906 3296 969 litteratus,
3327 909 3368 962 si
3399 911 3448 960 in
3477 909 3591 977 lege
3623 910 3729 961 Do-

2200 991 2324 1042 mini
2353 990 2654 1051 instructus,
2681 991 2722 1041 si
2749 990 2798 1041 in
2833 990 3218 1056 Scripturarum
3255 995 3495 1047 sensibus
3519 1007 3730 1057 cautus,

2202 1077 2245 1129 si
2292 1076 2342 1128 in
2377 1078 2700 1143 dogmatibus
2728 1078 3095 1132 ecclesiasticis
3127 1085 3464 1136 exercitatus.
3507 1084 3571 1136 Et
3606 1095 3733 1137 ante

2201 1163 2394 1224 omnia,
2421 1164 2462 1215 si
2491 1163 2606 1214 ﬁdei
2629 1164 2933 1215 documenta
2959 1166 3130 1217 verbis
3156 1169 3476 1236 simplicibus
3498 1181 3730 1230 asserat,

2203 1254 2252 1306 id
2281 1262 2360 1306 est
2398 1254 2626 1315 Patrem,
2666 1254 2850 1305 Filium
2893 1264 2945 1305 et
2989 1254 3236 1322 Spiritum
3281 1269 3519 1310 sanctum
3567 1274 3731 1310 unum

2203 1340 2364 1392 Deum
2398 1357 2512 1394 esse
2542 1342 2876 1405 conﬁrmans,
2907 1351 3172 1411 totamque
3199 1347 3249 1397 in
3289 1347 3548 1398 Trinitate
3578 1346 3734 1415 [Tri-

2204 1427 2401 1496 nitatis]
2427 1428 2669 1480 deitatem
2698 1431 3110 1493 coessentialem,
3135 1440 3185 1484 et
3201 1435 3731 1493 consubstantialem.

2203 1523 2256 1565 et
2281 1515 2674 1578 coxeternalem,
2711 1525 2763 1568 et
2807 1518 3273 1584 eoomnipotentem
3316 1523 3646 1586 przedicans:
3682 1526 3734 1576 si

2203 1603 2430 1670 singulas
2467 1619 2881 1671 unamquamque
2919 1604 3256 1673 [singularem
3291 1608 3577 1678 quamque]
3613 1626 3737 1678 per-

2137 1706 2182 1763 Β
2207 1706 2388 1744 sonam
2417 1692 2468 1744 in
2497 1693 2747 1745 Trinitate
2770 1693 2976 1760 plenum
3016 1695 3205 1758 Deum,
3227 1706 3280 1750 et
3315 1707 3450 1752 totas
3480 1708 3587 1752 tres
3615 1715 3738 1767 per-

2206 1795 2360 1834 sonas
2384 1795 2542 1832 unum
2570 1781 2729 1832 Deum
2761 1782 2783 1818 ι
2811 1799 2822 1832 :
2863 1781 2905 1832 si
2935 1782 3341 1835 incarnationem
3371 1786 3602 1837 divinam
3631 1801 3737 1839 non

2206 1867 2257 1919 in
2285 1866 2438 1918 Patre
2466 1880 2629 1932 neque
2655 1867 2704 1916 in
2734 1865 2927 1932 Spiritu
2957 1878 3138 1920 sancto
3165 1866 3378 1932 factum,
3407 1873 3497 1923 sed
3525 1873 3579 1924 in
3600 1873 3736 1926 Filio

2208 1960 2404 2004 tantum
2445 1952 2532 2020 [In
2557 1953 2670 2004 edd.
2711 1955 2834 2036 add;
2857 1953 3053 2024 credat]
3079 1971 3092 2017 ;
3129 1963 3186 2008 ut
3210 1957 3294 2022 qui
3320 1966 3438 2009 erat
3462 1960 3515 2010 in
3545 1960 3736 2011 divini-

2208 2050 2312 2095 tate
2333 2043 2422 2096 Dei
2440 2042 2607 2095 Patris
2628 2037 2805 2104 Filius,
2831 2045 2941 2111 ipse
2962 2045 3106 2098 ﬁeret
3129 2046 3179 2097 in
3200 2047 3525 2099 immanitate
3546 2048 3735 2117 [Edd.,

2207 2130 2434 2193 homine,
2482 2133 2661 2182 rectius
2707 2128 2860 2200 Coll.]
2910 2133 3134 2184 hominis
3177 2136 3360 2187 matris
3392 2135 3562 2195 ﬁlius,
3598 2136 3737 2188 Deus

2207 2231 2360 2270 verus
2386 2234 2450 2271 ex
2477 2218 2664 2279 Patre,
2702 2229 2754 2270 et
2785 2220 2939 2271 homo
2983 2234 3140 2272 verus
3184 2236 3246 2272 ex
3291 2231 3487 2284 matre,
3521 2236 3736 2277 carnem

2209 2317 2272 2355 ex
2320 2305 2502 2356 matris
2549 2304 2834 2356 visceribus
2888 2305 3084 2358 habens
3127 2315 3180 2358 et
3225 2309 3455 2360 animam
3506 2310 3739 2365 rationa—

2210 2389 2399 2452 bilem;
2438 2389 2589 2441 simul
2618 2391 2669 2441 in
2709 2404 2770 2442 eo
2813 2392 2976 2443 ambae
3013 2402 3233 2456 naturae,
3284 2394 3333 2446 id
3378 2400 3460 2447 est
3501 2393 3660 2449 homo
3685 2407 3742 2449 ct

2210 2476 2366 2539 Deus,
2415 2491 2549 2529 unus
2594 2476 2773 2538 Filius,
2823 2494 2956 2531 unus
2998 2479 3256 2542 Christus,
3296 2498 3432 2534 unus
3460 2483 3738 2544 Dominus,

2209 2563 2439 2614 omnium
2466 2578 2579 2629 quae
2609 2570 2726 2615 sunt
2770 2572 2822 2616 et
2864 2575 3046 2618 auctor
3079 2576 3133 2619 et
3160 2567 3409 2620 Dominus
3448 2580 3501 2622 et
3531 2582 3741 2624 creator

2212 2665 2328 2702 cum
2375 2650 2527 2701 Patre
2567 2657 2619 2700 et
2650 2650 2843 2717 Spiritu
2884 2644 3101 2704 sancto:
3142 2655 3228 2720 qui
3272 2671 3456 2722 passus
3500 2659 3570 2710 sit
3616 2675 3740 2712 vera

2211 2739 2452 2806 passione
2479 2738 2650 2790 carnis
2670 2747 2721 2790 et
2743 2748 2978 2793 mortuus
3000 2739 3142 2809 [vera
3165 2746 3398 2812 corporis
3421 2747 3499 2797 sui
3523 2747 3736 2814 morte],

2213 2826 2600 2896 resurrexitque
2629 2841 2748 2877 vera
2778 2828 2950 2880 carnis
2975 2843 3080 2881 suae.
3111 2834 3515 2895 resurrectione,
3539 2844 3590 2886 et
3615 2850 3739 2886 vera

2214 2913 2399 2963 anim-.0
2426 2915 2772 2980 resumptione
2793 2955 2806 2974 ,
2835 2916 2882 2966 in
2921 2932 3022 2983 qua
3051 2919 3223 2970 veniet
3256 2919 3494 2984 judicare
3519 2921 3666 2973 vivos
3691 2931 3741 2974 et

2139 2996 2185 3058 C
2215 3009 2462 3051 mortuos.
2489 2999 2829 3062 Qumrentlum
2851 3011 2930 3053 est
2958 3003 3113 3054 etiam
3142 3005 3205 3056 ab
3230 3021 3312 3066 co,
3341 3008 3379 3059 si
3413 3007 3543 3058 Novi
3567 3018 3621 3059 et
3647 3010 3741 3060 Ve-

2216 3086 2340 3138 teris
2371 3085 2713 3144 Testaineuii,
2741 3087 2788 3139 id
2812 3097 2891 3140 est
2919 3089 3044 3156 legis
3074 3100 3124 3142 et
3148 3093 3522 3158 proyhetarum
3544 3105 3600 3148 et
3619 3109 3743 3162 apo-

2214 3175 2488 3234 stolorum,
2539 3191 2696 3226 tuutm
2753 3178 3093 3245 eumdemque
3144 3181 3318 3233 credat
3370 3194 3645 3235 auctorem
3692 3193 3744 3236 et

2215 3263 2396 3314 Deum.
2429 3261 2482 3314 Si
2511 3263 2742 3315 dialtolus
2769 3280 2873 3315 non
2898 3280 2992 3330 per
3019 3267 3385 3328 conditionem,
3417 3270 3508 3320 sed
3536 3286 3630 3335 per
3659 3286 3741 3323 ar-

2215 3349 2425 3400 bitrium
2456 3348 2621 3402 factus
2646 3351 2713 3400 sit
2740 3351 2921 3403 malus.
2954 3350 3298 3416 Qumrendum
3325 3356 3480 3406 etiam
3518 3357 3586 3408 ab
3613 3374 3679 3409 eo
3701 3359 3740 3410 si

2214 3434 2394 3486 credat
2431 3435 2580 3502 hujus
2607 3450 2762 3501 quam
2793 3446 3076 3504 gestamus,
3105 3449 3156 3491 et
3193 3455 3292 3492 non
3325 3441 3544 3495 alterius
3565 3445 3743 3497 carnis

2216 3523 2645 3574 resurrectionem
2673 3542 2682 3574 :
2713 3525 2755 3575 si
2785 3526 2959 3577 credat
2995 3524 3246 3590 judicium
3276 3527 3507 3584 futurum
3529 3569 3543 3592 ,
3584 3541 3638 3583 ct
3663 3547 3744 3583 re.-

2215 3617 2453 3675 cepturos
2499 3611 2728 3678 singulos
2770 3627 2863 3678 pro
2897 3614 2976 3665 his
3004 3629 3116 3680 qua:
3160 3616 3209 3666 in
3239 3630 3397 3670 carne
3439 3630 3740 3686 gesserunt,

2215 3696 2294 3747 vel
2341 3711 2542 3764 pinnam
2586 3698 2661 3749 vel
2709 3698 2963 3766 gloriam:
3013 3701 3055 3752 si
3102 3704 3307 3769 nuptias
3343 3719 3445 3757 nou
3491 3708 3738 3772 prohibet

2217 3781 2555 3851 [improbet].
2606 3783 2676 3835 Et
2711 3793 2910 3847 uetera,
2954 3802 3066 3838 cum
3091 3789 3268 3856 quibus
3303 3792 3506 3863 omnino
3551 3808 3732 3844 conre-

2216 3869 2358 3921 m'unt
2377 3870 2455 3922 ed.
2496 3870 2534 3922 1.

2539 3999 2714 4051 Cenon
2734 4001 3127 4063 Aurelianensis,
3153 4018 3257 4055 (cra
3283 4003 3317 4056 4
3347 4015 3403 4055 ιιι.

2285 4113 2310 4138 ιι
2342 4103 2762 4172 Metropolitanus
2788 4111 3043 4173 omnibus,
3075 4112 3116 4163 si
3147 4112 3257 4164 ﬁeri
3288 4122 3475 4180 potest,
3506 4129 3735 4182 ιιι-ωεξη-

2219 4189 2356 4241 tibus
2397 4193 2914 4259 comprovincialibus
2950 4198 3206 4264 episcopis
3238 4200 3540 4262 ordinetur;
3571 4201 3644 4252 ita
3682 4211 3745 4253 ur

690 4296 714 4332 ι·
744 4293 809 4346 Ut
837 4293 1058 4359 episcopi
1085 4290 1590 4356 metropolitanorum
1621 4286 1813 4352 judicio
1830 4325 1842 4345 ,
1867 4295 1918 4339 et
1941 4302 2113 4340 eorum

2219 4277 2314 4341 ipsi
2360 4280 2753 4346 metropolitano
2799 4291 2821 4315 ο
2851 4283 3175 4350 privilegium
3219 4286 3488 4337 ordinandi
3529 4297 3736 4339 maneat

622 4383 970 4448 episcoporum
991 4379 1075 4445 qui
1105 4379 1241 4429 circa
1266 4385 1402 4437 sunt,
1426 4374 1774 4441 provehantur
1797 4373 1861 4426 ad
1882 4373 2123 4426 ecclesia-

622 4471 802 4523 sticam
822 4475 1122 4534 potestatem
1146 4483 1158 4525 ;
1182 4467 1232 4517 hi
1257 4465 1493 4520 videlicet
1519 4462 1605 4530 qui
1627 4462 1847 4531 plurimo
1873 4468 2122 4529 tempore,

625 4567 730 4610 tam
759 4556 814 4618 in
834 4555 989 4606 verbo
1016 4553 1130 4604 lidei
1159 4567 1312 4620 quam
1337 4559 1488 4605 recta:
1515 4551 1920 4605 conversationis
1950 4566 2125 4605 exem-

625 4644 728 4712 plo,
750 4643 947 4713 probati
973 4641 1180 4694 fuerint.
1538 4625 1544 4632 ’

695 4841 720 4871 ι
745 4829 900 4898 Cone.
932 4831 1198 4898 Carthag.,
1228 4846 1273 4883 e.
1303 4833 1386 4882 40.

695 4898 722 4938 δ
745 4897 900 4951 Cone.
930 4897 1212 4960 Arelatfu,
1235 4914 1280 4951 c.
1309 4899 1390 4949 54.

697 4977 718 5003 ο
744 4966 898 5018 Conc.
930 4963 1100 5017 Aurel.
1129 4981 1212 5027 tv;
1252 4967 1301 5017 iu
1330 4965 1443 5018 edd.
1477 4981 1521 5018 c.
1553 4968 1600 5018 5.

695 5032 721 5070 ἀ
748 5031 856 5100 Non
884 5044 962 5086 est
988 5033 1192 5100 Dionys.
1218 5034 1483 5100 interpret.

698 5111 721 5169 ξ
747 5098 935 5169 interp.
960 5098 1147 5169 Ruﬁni.
1172 5101 1284 5154 VH.
1311 5098 1561 5169 sinedum
1592 5101 1709 5153 Arei
1730 5111 1782 5153 ιι.
1816 5119 1874 5162 t1,
1900 5118 1943 5154 e.
1975 5103 2021 5154 5.

703 5165 719 5204 ί
751 5165 936 5230 luterp.
969 5167 1083 5218 Ruf.
1209 5171 1226 5188 ⁸

698 5234 724 5272 8
749 5232 1033 5290 Laodiceni,
1061 5251 1105 5284 c.
1137 5235 1214 5285 12.

695 5299 722 5370 ᾗ
754 5299 860 5370 ᾒοιι
889 5301 1100 5370 multum
1123 5301 1293 5370 dilfert
1309 5302 1372 5370 ab
1402 5303 1610 5369 interpr.
1641 5304 1845 5370 Dionys.

705 5368 719 5437 ξ
753 5365 938 5437 _Statut_.
969 5369 1102 5437 Eccl.
1135 5369 1293 5434 antiq.
1327 5369 1447 5420 \‘ide
1474 5365 1644 5437 supra.
1735 5372 1737 5374 ’

702 5435 943 5507 [ιη-(τοᾷ.
986 5435 1135 5487 Barb.
1178 5438 1397 5507 primum
1438 5435 1708 5504 hoe‘eaput
1749 5437 1973 5507 fungitur
2014 5443 2124 5495 vice

637 5499 940 5559 uitiationis
966 5499 1283 5570 sequentium
1311 5519 1422 5570 cap.

2222 4365 2283 4416 de
2310 4368 2440 4433 ipso,
2464 4383 2615 4434 quem
2653 4371 2990 4438 ordinationis
3017 4373 3330 4425 consuetudo
3357 4375 3594 4441 requirit.
3622 4375 3734 4444 Ipse

2225 4461 2394 4505 tamen
2423 4457 2842 4521 metropolitanus
2867 4473 2895 4506 a
2925 4461 3437 4525 comprovincialibus
3455 4463 3729 4532 episcopis,

2222 4540 2357 4592 sicut
2397 4539 2605 4594 decreta
2642 4543 2780 4594 sedis
2810 4543 3101 4609 apostolicae
3137 4547 3420 4609 continent,
3463 4563 3586 4602 cum
3609 4564 3732 4604 con-

2224 4641 2378 4678 sensu
2421 4627 2726 4680 clericorum
2770 4636 2821 4680 et
2866 4629 3055 4681 civium
3083 4631 3337 4697 eligatur:
3376 4634 3498 4699 quia
3525 4649 3730 4703 equum

2289 4840 2314 4907 ξε
2343 4839 2396 4890 1η
2426 4838 2538 4891 edd.
2570 4841 2927 4892 desiderantur
2949 4841 3104 4893 verba
3133 4848 3262 4894 totas
3287 4882 3298 4894 .
3327 4883 3340 4894 .
3373 4883 3386 4896 .
3415 4845 3598 4907 Deum.

2294 4905 2309 4942 ι
2351 4908 2425 4969 Ex
2469 4908 2550 4959 his
2593 4909 2722 4959 sicut
2763 4923 2824 4959 ex
2868 4909 2982 4960 aliis
3027 4910 3349 4974 perspicuum
3395 4905 3489 4973 ﬁt,
3515 4913 3724 4970 Palmm

2221 4973 2574 5051 Alrigmorum
2591 5049 2596 5051 Α
2613 4976 2838 5051 decreta,
2877 4988 2964 5027 seu
2983 4973 3194 5051 _statuta
3214 4978 3464 5051 ‘Eeclesiie
3490 4983 3722 5051 antiqua,

2221 5058 2320 5115 non
2345 5041 2500 5115 fuisse
2531 5042 2866 5115 interpolata;
2907 5043 2995 5094 sed
3025 5045 3255 5115 exceptis
3288 5053 3488 5099 tantum
3517 5041 3726 5115 quibus;

2220 5111 2334 5160 dam
2373 5110 2528 5159 variis
2567 5109 2900 5168 lectionibus,
2940 5125 3054 5178 qme
3089 5111 3296 5178 quidem
3336 5109 3550 5168 sensum
3592 5117 3726 5170 nullo

2221 5177 2614 5245 modomutant,
2643 5178 2835 5245 integra
2862 5177 3223 5245 permansisse.

2290 5256 2325 5280 ιιι
2354 5243 2565 5294 Coneilii
2597 5259 2650 5296 Ill
2683 5243 2967 5304 Aureliam,
2995 5259 3041 5296 c.
3065 5245 3115 5296 5.

2289 5321 2312 5346 ο
2337 5311 2509 5374 Οιιίυει.
2543 5312 2592 5362 in
2621 5313 2700 5363 ed.
2729 5314 3023 5378 pnecedunt
3050 5313 3382 5378 expositionis
3409 5329 3571 5368 causa
3610 5319 3724 5373 add.

2290 5386 2312 5452 ξ’
2345 5378 2709 5452 dietropolitrmi
2746 5378 3205 5452 emeram-(itania.
3239 5381 3372 5433 Pith.
3401 5389 3457 5452 et
3484 5382 3652 5452 Lugd.
3675 5397 3728 5439 ut

2223 5445 2431 5564 vulgalti.
2472 5462 2500 5496 η
2541 5447 2931 5513 meti'Opolimno.
2977 5446 3085 5499 Viti.
3126 5455 3274 5501 notas
3317 5463 3365 5500 v.
3410 5449 3476 5502 cl.
3525 5445 3597 5504 «ΙΪ
3623 5451 3726 5507 Sir-

2223 5529 2354 5564 mone
2380 5530 2411 5564 l.

2223 5529 2411 5565 ιιιοιιςιι.
