3922 6222
135 423 278 475 1005

889 397 892 401 ’
953 386 1258 478 essuries
1296 425 1570 480 SELEGTI
1612 426 1703 480 ex
1741 429 1890 482 ver.
1934 429 2083 484 CAN.
2124 431 2442 488 COLLECT.

3139 448 3276 504 1006

123 545 236 597 est,
269 536 403 587 sicut
434 536 546 603 ipsa
573 535 720 589 sedes
742 536 1020 602 apostolica
1049 538 1199 600 dixit,
1227 544 1284 590 ut
1307 537 1396 605 qui
1422 538 1660 590 omnibus
1688 541 1732 598 Α
1757 537 1870 604 ejus
1898 547 2123 594 teneant.
2151 543 2357 599 .Ctetera
2404 554 2852 617 pra’termittimus,
2901 572 2932 607 α
2970 557 3148 624 quibus
3176 575 3273 612 non

126 625 516 692 praponendus
544 634 643 687 est,
673 626 738 677 ab
765 626 1003 678 omnibus
1030 626 1269 695 eligatur.

435 712 613 767 Canon
639 727 661 752 δ
692 714 1065 768 Aurelianensis
1091 715 1143 777 4,
1164 727 1268 768 (vra
1293 718 1342 770 9.

193 799 266 854 Ut
293 804 482 856 vivente
507 805 731 871 epismpo
753 803 879 856 alter
902 820 998 856 non
1024 805 1282 857 ordinetur
1300 807 1658 875 episcopus.—

122 888 314 942 Nullus
342 890 548 942 vivente
585 892 823 960 episeopo
863 893 995 946 alius
1036 903 1356 978 supponatur
1397 895 1552 964 [Nulli
1581 899 1658 950 vi-

119 978 263 1028 venti
298 993 383 1044 ep.
415 979 849 1048 superponatur],
881 989 970 1033 aut
1004 985 1427 1050 superordinetur
1454 987 1656 1053 cpisco:

117 1078 234 1128 pus,
270 1066 373 1118 nisi
405 1067 538 1119 forte
566 1068 616 1119 in
641 1068 754 1134 ejus
791 1069 903 1122 loco
931 1085 1082 1136 quem
1109 1073 1346 1140 capitalis
1373 1074 1522 1143 culpa
1565 1076 1655 1128 de-

115 1151 328 1203 ἰοί-ἀτη.

136 1169 328 1203 ct'eru.

112 1169 125 1215 j
517 1239 580 1292 In
606 1242 810 1309 epistola
842 1243 868 1282 δ
894 1243 1086 1297 Zosimi
1111 1263 1270 1313 paprr.

187 1322 314 1377 Hcce
369 1327 419 1378 in
463 1328 675 1396 singulis
715 1330 961 1398 gradibus
998 1333 1321 1387 observanda
1367 1345 1487 1390 sunt
1514 1347 1647 1391 tem-

110 1422 262 1473 pora.
309 1411 367 1463 Si
415 1413 480 1465 ab
523 1413 734 1468 infantia
762 1418 1130 1474 ecclesiasticis
1159 1422 1346 1493 (Deest)
1385 1427 1646 1494 mysteriis

112 1498 192 1548 vel
235 1501 549 1554 ministeriis
592 1518 776 1559 nomen
805 1507 1028 1570 dederit,
1068 1510 1202 1562 inter
1233 1511 1453 1566 lectores
1483 1529 1646 1582 usque

109 1584 162 1636 in
191 1601 260 1638 xx
291 1589 466 1640 artatis
488 1603 590 1641 sua:
612 1605 801 1642 annum
829 1592 1126 1645 continuata
1147 1596 1508 1651 observatione
1529 1614 1643 1667 per-

111 1676 283 1729 duret.
316 1677 372 1729 Si
403 1678 595 1745 majore
616 1680 888 1747 :etatejam
914 1681 1101 1750 [major
1114 1683 1223 1749 jam
1242 1695 1296 1739 et
1313 1688 1638 1759 grandazvus]

110 1767 436 1824 accesserit,
480 1766 636 1819 itaut
670 1776 787 1835 post
823 1769 1136 1850 baptismum
1163 1774 1340 1826 statim
1371 1789 1426 1827 se
1453 1776 1638 1829 divina:

1760 625 2043 694 discrepant
2101 629 2234 680 edita
2277 645 2460 700 pra'ter
2519 636 2883 692 distinctionem
2933 659 3269 707 numerorum,

1761 729 1908 780 quant
1939 715 2129 767 nullam
2157 718 2237 769 hic
2261 721 2405 774 habet
2427 723 2540 776 coll.
2579 727 2689 777 cod.
2719 727 2841 779 Her.

2059 803 2078 841 ί
2110 805 2283 859 Canon
2327 810 2680 876 Africanorum
2723 833 2844 869 αντ-α.
2890 818 2971 870 10.

1828 887 1896 941 Ut
1917 890 2190 977 episcopus
2219 894 2411 961 absque
2449 899 2663 952 consilio
2696 904 3110 972 presbyterorum
3143 906 3269 977 [cle-

1759 972 2006 1044 ricorum]
2039 992 2270 1040 suorum,
2298 981 2511 1036 clericos
2534 999 2632 1036 non
2656 988 2874 1050 ordinet,
2905 991 2975 1043 ita
3003 1001 3058 1044 ut
3077 972 3266 1050 civium

1757 1063 2138 1117 conniventiam
2163 1077 2216 1119 et
2243 1070 2536 1123 testimonia
2565 1074 2800 1138 acquirat
2836 1077 3073 1150 [quaerat]
3107 1083 3155 1134 ⁸.

2371 1157 2522 1209 ίΕι-α.
2566 1161 2646 1213 13.

1819 1238 1846 1277 h
1877 1238 1946 1292 Ut
1971 1241 2021 1292 in
2049 1243 2405 1296 sacerdotibus
2436 1247 2736 1303 ordinandis
2758 1251 2910 1304 etiam
2937 1261 3064 1306 aetas
3092 1257 3264 1324 requi-

1752 1333 1917 1380 ratur.

2093 1416 2268 1471 Canon
2289 1420 2684 1488 Aurelianensis,
2708 1441 2810 1477 tera
2838 1428 2923 1480 55.

1823 1500 2067 1555 iPlacuit
2106 1505 2157 1556 in
2194 1506 2521 1562 ordinatione
2566 1511 2793 1578 episcopi
2842 1514 2979 1567 hunc
3025 1517 3258 1571 ordinem

1745 1590 2029 1652 Custodiri,
2077 1600 2133 1642 ut
2162 1591 2212 1643 iu
2241 1593 2409 1659 primo
2438 1596 2550 1651 loco
2587 1600 2864 1654 venalitate
2913 1604 2986 1654 vel
3017 1606 3255 1660 ambitio-

1745 1691 1810 1728 ne
1835 1677 2090 1741 submota,
2125 1688 2230 1734 tres
2246 1681 2310 1733 ab
2336 1684 2590 1752 episcopis
2612 1690 2956 1742 nominentur.
2983 1693 3046 1745 de
3071 1694 3257 1759 quibus

1744 1763 1919 1816 clerici
1960 1764 2042 1816 vel
2081 1766 2222 1820 cives
2257 1782 2379 1839 erga
2423 1786 2583 1825 unum
2619 1773 2837 1841 eligendi
2867 1777 3083 1830 habeant
3105 1763 3254 1846 pote-

113 1851 313 1903 militizc
343 1852 607 1905 desideret
643 1844 946 1920 mancipari,
975 1858 1050 1909 sic
1084 1857 1234 1928 [sive]
1263 1861 1397 1912 inter
1422 1860 1640 1915 lectores
1671 1844 1711 1900 Β
1741 1857 1948 1903 513mm-

113 1938 191 1989 vel
215 1940 512 1991 exorcistas
536 1941 887 2009 quinquennio
916 1952 1151 1998 teneatur
1177 1964 1188 1996 :
1230 1956 1283 1998 et
1305 1947 1490 2000 exinde
1521 1963 1642 2000 aco-
1705 2005 1713 2011 _

118 2025 293 2090 lytbus
334 2025 416 2078 vel
443 2027 787 2080 subdiaconus
814 2039 1035 2097 quatuor
1061 2047 1224 2086 annos
1250 2042 1352 2086 stet
1387 2033 1507 2103 [Ed.
1540 2052 1638 2088 om.

115 2114 240 2183 stet]
269 2131 280 2163 :
313 2123 368 2165 et
394 2115 468 2166 sic
495 2116 559 2167 ad
584 2115 888 2170 diaconatus
923 2120 1351 2186 benedictionem,
1395 2125 1438 2176 si
1476 2141 1643 2178 mere-

117 2213 221 2264 tur,
253 2203 491 2255 accedat.
520 2204 573 2256 ln
600 2220 701 2272 quo
724 2207 904 2260 ordine
928 2210 1154 2277 quinque
1194 2226 1358 2266 annos
1387 2215 1429 2266 si
1472 2216 1639 2269 incul-

111 2301 232 2358 pate
271 2307 328 2344 se
366 2293 624 2360 gesserit;
663 2292 930 2362 (Qua-dam
951 2298 1072 2349 add.
1108 2300 1160 2350 in
1183 2299 1322 2367 edd.)
1353 2301 1638 2371 suifragan-

115 2384 248 2436 tibus
277 2385 482 2436 meritis
509 2382 819 2453 [stipendiis]
842 2396 934 2452 per
961 2395 1037 2440 tot
1064 2390 1253 2457 gradus
1276 2393 1495 2458 prepriae
1518 2393 1636 2445 ﬁdei

115 2476 473 2535 documentis,
518 2475 824 2543 presbyterii
870 2479 1217 2532 sacerdotium
1243 2484 1435 2549 poterit
1473 2482 1630 2552 [Edd.

114 2581 209 2616 om.
244 2563 461 2631 poterit]
491 2565 796 2631 promereri.
829 2566 899 2618 De
926 2581 1028 2634 quo
1064 2567 1193 2630 loco,
1238 2571 1282 2621 si
1329 2571 1470 2624 illum
1511 2588 1634 2626 exa-

112 2653 240 2705 ctior
263 2654 371 2705 vita
400 2655 462 2705 ad
489 2654 651 2706 bonos
679 2668 850 2708 mores
876 2657 1194 2724 perduxerit,
1223 2673 1476 2713 summum
1504 2676 1632 2728 pon-

113 2740 362 2794 tiﬁcatum
389 2756 600 2808 sperare
622 2743 806 2796 debet:
843 2742 940 2796 hac
972 2753 1143 2798 tamen
1183 2745 1292 2811 lege
1321 2757 1544 2811 servata,
1572 2759 1630 2802 ut

114 2841 276 2894 neque
321 2828 580 2896 bigamus,
628 2844 794 2896 neque
837 2832 1094 2898 ptenitens
1133 2830 1236 2901 [ΑΙ.
1281 2834 1425 2897 add.,
1462 2849 1629 2903 neque

109 2917 276 2970 viduas
301 2916 545 2987 maritus]
572 2918 637 2970 ad
666 2919 760 2971 hos
785 2921 976 2988 gradus
1019 2922 1182 2987 possit
1206 2923 1425 2975 admitti.
1465 2925 1623 2989 Sane,

115 3017 166 3059 ut
197 3010 355 3062 etiam
382 3008 682 3061 defensores
710 3008 972 3069 Ecclesiae,
1001 3010 1087 3076 qui
1128 3026 1190 3063 ex
1227 3011 1371 3065 laicis
1411 3013 1622 3078 fuerint,

110 3100 403 3166 supradicta
426 3099 785 3152 observatione
810 3108 1100 3162 teneantur,
1127 3101 1171 3152 si
1199 3102 1484 3166 meruerint
1508 3118 1623 3159 esse
1649 3137 1696 3202 ο

113 3185 159 3236 in
188 3187 370 3238 ordine
398 3186 692 3240 clericatus.
1435 3259 1438 3262 .

113 3303 132 3330 θ
181 3309 342 3347 CAPUT
417 3309 779 3350 ORDINATIONIS
837 3311 1240 3350 MINISTERIORCH
1294 3315 1620 3356 OFFICIALIUI

723 3379 974 3418 ECCLESUE
984 3403 996 3416 .

143 3449 212 3502 De
236 3451 555 3503 ordinatione
588 3453 800 3520 episcopi
821 3491 854 3570 ἃ
880 3453 1150 3521 presbyteri
1186 3465 1231 3506 et
1284 3453 1587 3524 reliquorum

729 3537 816 3570 ora
860 3536 995 3570 num.

729 3536 995 3586 graauum.

145 3603 198 3642 -ά
225 3603 511 3672 Episcopus
545 3619 663 3656 cum
703 3605 990 3665 ordinatur,
1025 3605 1125 3658 duo
1151 3606 1376 3673 episcopi
1413 3614 1621 3661 teneant

87 3665 505 3759 ‘Evangcliorum
538 3691 725 3743 librum
767 3706 922 3758 super
953 3693 1206 3745 cervicem
1242 3691 1371 3758 ejus,
1406 3702 1460 3746 et
1488 3710 1619 3748 unus

113 3778 283 3831 fundat
311 3794 469 3847 super
498 3793 615 3832 eum
667 3779 790 3848 [uno
814 3795 969 3847 super
1007 3795 1123 3832 eum
1170 3780 1433 3851 fundente]
1465 3783 1618 3836 bene-

112 3866 378 3919 dictionem
415 3884 426 3918 :
465 3866 649 3933 reliqui
693 3881 873 3920 omnes
896 3867 982 3933 qui
1011 3868 1219 3930 adsunt,
1246 3869 1482 3920 manibus
1510 3869 1617 3922 suis

114 3965 257 4022 caput
281 3956 396 4022 ejus
428 3963 658 4022 tangant.
691 3967 712 3993 ε
740 3955 1019 4023 Presbyter
1046 3971 1162 4024 cum
1187 3956 1472 4019 ordinatur,
1507 3957 1616 4023 epi-

112 4057 257 4109 sc0po
285 4058 406 4096 eum
434 4043 788 4104 benedicente,
821 4051 874 4095 et
903 4057 1110 4094 manum
1145 4057 1299 4108 super
1327 4051 1478 4108 caput
1503 4043 1614 4109 ejus

113 4139 327 4190 tenente,
383 4129 583 4200 [etiam]
639 4146 816 4183 omnes
863 4130 1149 4198 presbyteri
1192 4131 1280 4198 qui
1331 4139 1613 4197 prmsentes

112 4227 239 4278 sunt,
265 4233 449 4270 manus
478 4233 596 4270 suas
615 4217 765 4283 juxta
797 4234 1007 4272 manum
1029 4219 1252 4286 episc0pi
1281 4233 1434 4286 super
1458 4227 1611 4286 caput

170 4374 193 4402 ⁸
220 4364 375 4418 Cone.
408 4364 581 4418 Aurel.
611 4381 658 4426 v,
688 4380 735 4418 c.
766 4364 847 4417 12.

171 4431 194 4502 _b
239 4433 327 4499 Ep.
369 4434 563 4485 Zozimi
607 4448 752 4501 papae
796 4433 859 4485 ad
902 4432 1214 4501 Hesychium
1251 4432 1604 4489 Salonitanum
1635 4444 1684 4502 D

168 4498 390 4527 :(‘nAILII—A
445 4516 534 4527 nnn
584 4501 612 4527 ⁷

108 4511 413 4566 episcopum,
441 4516 551 4566 cap.
583 4511 633 4552 ξί.

171 4576 191 4602 ο
225 4566 276 4618 In
311 4571 425 4619 cod.
464 4568 613 4618 Bari).
658 4577 776 4621 ante
813 4566 1016 4620 Statuta
1063 4567 1199 4620 Eccl.
1231 4569 1392 4635 antiq.
1439 4583 1484 4622 c.
1517 4571 1598 4631 90,

109 4640 358 4704 tanquam;
393 4635 714 4704 sequentium
753 4646 1007 4704 canonum
1030 4636 1227 4704 titulus
1261 4638 1542 4704 pneﬁgitur
1588 4655 1598 4688 :

114 4699 826 4768 Recapitulatioordinationis
860 4702 1142 4768 ofﬁcia/ium
1171 4699 1427 4756 Ecclesia:

168 4767 190 4803 τι
228 4767 318 4821 Est
348 4783 467 4822 can.
504 4768 570 4822 90
595 4769 645 4820 in
667 4770 780 4820 cod.
823 4767 999 4832 Βοὴ-1»,
1039 4779 1091 4821 et
1132 4784 1277 4822 conc.
1307 4786 1357 4822 tv
1399 4771 1599 4834 Carth.,

110 4848 150 4885 c.
183 4836 228 4886 l.

175 4912 195 4938 θ
230 4903 352 4956 Can.
385 4905 444 4957 91
471 4905 522 4956 in
552 4919 599 4956 c.
626 4902 776 4954 Barb.
800 4911 852 4954 et
881 4917 1026 4954 conc.
1076 4919 1125 4954 ιγ
1171 4903 1438 4970 Cartliag.,
1475 4921 1521 4956 ο.
1544 4905 1596 4966 2,

111 4975 156 5018 et
180 4971 250 5039 sic
275 4973 594 5039 cmteriAcan.
624 4971 1024 5039 distinguuntur.

176 5035 192 5071 ί
233 5036 420 5090 Statut.
451 5037 590 5090 Eccl.
621 5035 804 5154 antiit,
835 5038 944 5090 sive
963 5052 1107 5091 conc.
1130 5053 1180 5090 tv
1204 5037 1407 5101 Carth.,
1430 5053 1476 5090 c.
1512 5039 1596 5093 22.

179 5102 206 5152 d
233 5103 282 5154 in
311 5107 424 5154 cod.
449 5105 600 5154 Barb.
631 5118 676 5154 c.
709 5104 729 5154 1
777 5141 789 5153 .

115 5097 206 5152 Sed
233 5103 282 5172 in
311 5107 424 5158 cod.
449 5105 600 5157 Barb.
631 5097 799 5172 c.4107.»
935 5171 938 5172 ν
1396 5097 1419 5172 λ

177 5172 214 5240 ς
233 5171 358 5240 Add.
392 5175 443 5224 in
481 5187 609 5225 nova
637 5170 718 5222 ed.
745 5171 1027 5240 Conc.hoc
1050 5173 1162 5226 loco
1191 5189 1305 5240 qua:
1338 5170 1520 5227 deSunt
1547 5175 1598 5227 in

113 5237 279 5291 codice
301 5238 571 5294 Teleriano
595 5241 728 5292 sicut
749 5239 798 5290 in
821 5239 938 5291 coll.
970 5243 1083 5293 eod.
1107 5241 1170 5293 Η.

177 5305 198 5341 δ
235 5307 326 5376 llic
355 5323 520 5361 canon
542 5308 593 5358 in
620 5306 767 5376 Stat._
785 5306 902 5359 Eccl
942 5308 1104 5376 antiq.
1141 5309 1249 5361 sive
1289 5310 1339 5360 in
1376 5323 1521 5362 conc.
1552 5325 1599 5362 tv

116 5369 278 5445 (ἐπιῇ.
303 5376 642 5445 desideratur.
676 5373 801 5426 Vide
823 5389 1056 5445 conc._ni
1069 5369 1280 5445 'G_art|i.,
1309 5393 1355 5430 c.
1387 5376 1436 5426 ι1.

180 5439 193 5476 ί
233 5440 557 5496 Desideratnr
581 5441 632 5493 in
658 5456 803 5494 conc.
826 5441 1000 5494 Aurel.
1028 5442 1129 5494 Sed
1150 5439 1263 5497 vide
1287 5459 1434 5498 conc.
1456 5443 1596 5497 Arel.

120 5517 263 5577 Il._c._7
276 5508 357 5571 51,
379 5520 431 5561 et
453 5508 874 5577 supracitatum.
904 5525 1008 5561 aera
1033 5510 1118 5562 5|.

181 5571 192 5618 ὁ
237 5574 318 5626 Sic
364 5578 485 5628 olim
516 5571 697 5628 Gallic.
751 5576 977 5630 Ecclesia
1027 5591 1248 5630 canones
1301 5577 1598 5631 Grrccorum

121 5645 394 5697 summatim
430 5643 878 5711 interpretabatur.
920 5645 1063 5708 Quod
1098 5645 1215 5699 licet
1249 5645 1524 5700 observare
1546 5648 1595 5699 in

2048 1940 2221 1994 Canon
2250 1943 2667 1999 Chalcedonensis
2685 1987 2700 2010 ,
2728 1964 2831 2000 aera
2865 1951 2942 2003 12.

1812 2024 1824 2069 i
1866 2024 2278 2097 Utnequaquam
2302 2033 2356 2084 in
2385 2033 2513 2086 duos
2547 2037 2967 2104 metropolitanos
2988 2041 3250 2107 provincia

1739 2113 2016 2169 dividatur.

2306 2205 2522 2262 CAPUT
2562 2210 2685 2262 Vill.

1737 2299 1799 2337 ΝΕ
1838 2301 1888 2339 ιε
1925 2302 2024 2342 UNA
2061 2306 2307 2346 CIVITATE
2361 2310 2458 2347 DUO
2494 2310 2609 2349 SINT
2647 2311 2870 2352 EPISCOPI
2897 2337 2910 2362 ν
2968 2314 3034 2354 ET
3070 2315 3135 2355 οι
3169 2317 3248 2354 νι-

2209 2376 2378 2414 (ζιιῐιιιδ
2412 2379 2777 2418 ΕΡΙΞΕΟΡΟΒΙΙΜ.

2130 2442 2306 2497 Canon
2335 2444 2604 2510 Nicetius,
2635 2468 2738 2504 trra
2763 2454 2844 2507 10.

1802 2524 1826 2561 ι
1856 2523 1930 2578 Ne
1954 2525 2006 2579 in
2035 2528 2370 2584 una'civitate
2396 2533 2495 2585 duo
2523 2535 2628 2586 sint
2649 2539 2894 2608 episcopi.

2070 2614 2244 2670 Canon
2272 2621 2665 2687 Aurelianensis,
2691 2613 2793 2678 trra
2823 2629 2901 2681 l8.

1802 2701 1819 2738 ι
1855 2702 2048 2758 Vicarii
2076 2708 2460 2775 episcoporum,
2493 2728 2622 2780 quos
2649 2714 2814 2768 Graeci
2847 2719 3244 2792 cborepiscopos

1727 2788 1938 2854 dicunt,
1969 2795 2233 2846 constituti
2263 2805 2381 2848 sunt
2415 2800 2478 2852 ad
2507 2801 2797 2868 exemplum
2832 2821 2931 2857 ιιι
2961 2788 3236 2865 seniorum.

1727 2877 1830 2930 Sed
1865 2887 2112 2948 tanquam
2156 2884 2450 2939 sacerdotes
2499 2897 2711 2955 prOpter
2758 2891 3150 2950 sollicitudinem
3190 2909 3244 2952 et

1724 2965 1950 3020 studium
1976 2969 2028 3021 in
2054 2985 2308 3040 pauperes
2335 2975 2574 3039 oll‘erant,
2597 2986 2650 3030 et
2677 2979 3004 3036 honorabiles
3033 2983 3158 3038 ﬁant
3180 2999 3236 3037 ω.

2292 3078 2507 3136 CAPUT
2555 3084 2624 3140 IX

1844 3178 1906 3215 DE
1945 3177 2236 3221 OBDINANDO
2272 3184 2510 3224 EPISCOPO
2547 3187 2704 3227 INTBA
2739 3191 2927 3232 IE‘A'SES
2963 3196 3108 3237 TRES.

2026 3252 2200 3306 Conon
2225 3254 2673 3324 Chalcedonensis,
2704 3278 2807 3315 tera
2836 3265 2920 3317 25.

1789 3347 1813 3373 υ
1841 3337 2040 3392 Placuit
2079 3351 2270 3396 sancta:
2313 3347 2530 3411 synodo,
2563 3347 2696 3401 intra
2726 3361 2831 3405 tres
2856 3368 3065 3412 menses
3089 3357 3232 3414 ordi-

1719 3429 1953 3484 nationes
1972 3431 2328 3500 episcoporum
2353 3435 2622 3489 celebrari.

2313 3523 2531 3622 CyUT
2569 3527 2630 3578 X.
3116 3545 3146 3569 δ

1917 3622 1979 3659 DE
2016 3623 2290 3662 ORDLVATIS
2324 3627 2593 3672 EPISCOPIS,
2634 3630 2727 3667 NEC
2764 3632 3028 3672 BECEPTIS.

1786 3699 1808 3725 ο
1839 3690 1892 3744 Si
1934 3695 2050 3760 quis
2094 3697 2366 3764 episcopus
2409 3713 2513 3750 non
2561 3704 2846 3768 susceperit
2885 3704 3130 3771 cilicium,
3176 3720 3229 3765 et

1713 3793 1891 3831 curam
1933 3782 2107 3848 populi
2147 3784 2245 3836 sibi
2269 3786 2550 3849 commissi,
2589 3792 2945 3845 conmiunione
2974 3797 3220 3860 privetur.

1713 3881 1980 3933 usquequo
2004 3872 2297 3922 consentiat
2313 3873 2552 3939 obedire...
2570 3873 2817 3929 Similiter
2832 3881 3118 3947 presbyter,
3144 3886 3222 3937 vel

1711 3956 1976 4010 diaconus.
2017 3957 2072 4010 Si
2103 3973 2224 4010 vero
2261 3970 2355 4027 pro
2400 3961 2592 4015 malitia
2633 3965 2806 4032 populi
2846 3979 3082 4036 receptus
3118 3987 3220 4028 non

1663 4034 1674 4044 ”
1709 4045 1883 4108 ﬁterit,
1913 4046 2020 4113 ipse
2055 4048 2261 4114 quidem
2290 4057 2496 4102 maneat
2527 4052 2819 4120 episcopus.
2878 4056 3065 4112 Clerici
3096 4075 3221 4115 vero

1708 4136 1934 4188 civitatis
1956 4137 2315 4190 communione
2342 4141 2631 4205 priventur,
2669 4157 2731 4195 eo
2765 4145 2903 4212 quod
2928 4149 3218 4206 eruditores

1708 4223 2051 4276 inobedientis
2074 4224 2246 4291 populi
2270 4239 2371 4276 non
2394 4225 2616 4278 fuerunt.

1706 4369 1886 4435 synod.
1917 4367 2049 4421 Gall.
2079 4379 2130 4421 et
2157 4369 2327 4421 Ruﬁni
2349 4369 2536 4438 interp.
2731 4441 2735 4443 _

1736 4503 1747 4507 _
1776 4436 2116 4507 k_Ev_in_terp.
2145 4436 2334 4507 Ruﬁni,
2363 4453 2463 4507 qua
2487 4440 2640 4494 simili
2669 4439 2734 4496 de
2763 4441 2881 4497 aliis
2902 4448 3083 4501 concil.
3111 4449 3211 4506 Ec-

1705 4503 1860 4557 clesia
1890 4505 2022 4558 Gali.
2055 4503 2313 4557 utebatur.

1778 4571 1790 4607 ι
1835 4571 2168 4624 Desideratur
2197 4573 2248 4623 in
2276 4573 2391 4625 edd.

1771 4641 1930 4691 mlste
1975 4654 2140 4691 canon
2186 4639 2236 4690 in
2283 4641 2515 4714 conciliis
2551 4641 2815 4714 Aurelian.
2865 4646 3202 4714 desideratur,

1701 4707 2104 4774 desumptusque
2133 4720 2245 4774 esse
2270 4709 2472 4760 videtur
2494 4725 2556 4762 ex
2587 4713 2804 4765 concilio
2830 4707 3208 4771 Neocesarien;

1700 4775 1763 4848 si,
1788 4773 1907 4848 can.
1950 4775 2032 4848 11f),
2081 4773 2226 4840 cujus
2265 4777 2650 4848 interpretatio.
2684 4795 2798 4848 quae
2851 4781 3037 4848 legitur
3067 4786 3203 4848 apud

1702 4842 1952 4913 Isidorum
1986 4843 2352 4913 Mercatorem,
2400 4842 2568 4913 verbis
2595 4842 3003 4913 pnebedentibus
3044 4842 3203 4908 multo

1699 4910 1918 4983 similior
1963 4920 2045 4983 est
2081 4925 2236 4983 quam
2283 4910 2610 4983 Dionysianai
2664 4913 2750 4967 Sic
2779 4915 2934 4983 igitur
2953 4931 3015 4969 ex
3038 4918 3202 4972 inter-

1698 4978 1984 5052 pretatiﬁone
2017 4977 2206 5052 _lsidori
2246 4994 2287 5052 ε.
2319 4996 2337 5025 ι
2379 4978 2569 5033 Vicarii
2610 4990 2779 5035 autem
2800 4977 3194 5052 'cpiscoporum.

1699 5059 1827 5110 quos
1867 5044 2030 5097 Graeci
2081 5045 2476 5112 cborcpiscopos
2526 5059 2746 5112 vocant,
2790 5044 3052 5105 constituti
3081 5044 3198 5110 sunt

1699 5060 1827 5110 quos
1867 5060 2030 5097 ιιι-ωςι
2081 5060 2476 5165 cnorcptscopos
2526 5060 2746 5112 vocant,
2790 5060 3052 5105 constituti
3081 5065 3196 5110 sunt

1698 5112 1902 5176 quidem
1950 5113 2015 5164 ad
2058 5127 2366 5185 exemp_um_
2401 5117 2722 5185 septuaginta
2767 5121 3066 5181 seniorum;
3105 5123 3196 5176 sed

1700 5187 1943 5251 tanquam
1985 5181 2428 5251 consacerdotales
2470 5181 2680 5251 propter
2711 5186 3101 5240 sollicitudinem
3144 5200 3199 5245 et

1697 5247 1922 5317 studium
1947 5248 2084 5317 quod
2131 5248 2184 5300 in
2213 5247 2644 5317 pauperes—agunt
2666 5291 2679 5315 ,
2709 5251 2926 5308 offerant
2959 5263 3012 5308 et
3037 5256 3198 5312 bono-

1699 5313 1883 5366 rabiles
1908 5313 2256 5368 habeantur.)

1767 5391 1792 5417 ιι
1826 5383 2046 5452 interpr.
2081 5383 2289 5452 Dionys.

1767 5458 1790 5483 °
1825 5449 1930 5502 Nec
1960 5459 2140 5504 auctor
2166 5449 2262 5504 nec
2285 5466 2529 5507 numerus
2557 5453 2871 5509 inscribitur.
2921 5456 3048 5509 Vide
3074 5472 3196 5512 cor.-

1699 5517 1871 5590 cilium
1920 5517 2180 5590 annecti”
2227 5534 2274 5590 c_.
2305 5520 2387 5581 17,
2420 5521 2509 5582 18;
2551 5521 2679 5576 Can.
2709 5524 2805 5577 sub
2831 5525 3039 5577 nomine
3071 5538 3194 5590 apo-

1699 5586 1839 5649 stol.,
1868 5600 1912 5640 c.
1938 5587 2022 5639 35.
2059 5586 2234 5641 Prisca
2257 5587 2520 5654 interpret.
