  <div class='ocr_page' id='page_1' title='image "/cluster/home/n/w/nwhite01/storage/ocr_20150623/99/uva.x000827057/510.png"; bbox 0 0 3922 6222; ppageno 0'>
   <div class='ocr_carea' id='block_1_1' title="bbox 148 364 311 420">
    <p class='ocr_par' dir='ltr' id='par_1_1' title="bbox 148 364 311 420">
     <span class='ocr_line' id='line_1_1' title="bbox 148 364 311 420; baseline 0.037 -6"><span class='ocrx_word' id='word_1_1' title='bbox 148 364 311 420; x_wconf 71' lang='grc'>1009</span> 
     </span>
    </p>
   </div>
   <div class='ocr_carea' id='block_1_2' title="bbox 444 473 1332 544">
    <p class='ocr_par' dir='ltr' id='par_1_2' title="bbox 444 473 1332 544">
     <span class='ocr_line' id='line_1_2' title="bbox 444 473 1332 544; baseline -0.007 -13"><span class='ocrx_word' id='word_1_2' title='bbox 444 526 450 531; x_wconf 89' lang='grc'>.</span> <span class='ocrx_word' id='word_1_3' title='bbox 517 474 690 529; x_wconf 85' lang='lat' dir='ltr'><strong>Canon</strong></span> <span class='ocrx_word' id='word_1_4' title='bbox 719 476 1051 544; x_wconf 82' lang='lat' dir='ltr'><strong>Epaunensis,</strong></span> <span class='ocrx_word' id='word_1_5' title='bbox 1074 490 1177 527; x_wconf 72' lang='lat' dir='ltr'><strong>trra</strong></span> <span class='ocrx_word' id='word_1_6' title='bbox 1200 473 1266 526; x_wconf 75' lang='lat'><strong>55</strong></span> <span class='ocrx_word' id='word_1_7' title='bbox 1288 486 1332 525; x_wconf 76' lang='lat' dir='ltr'><strong>II.</strong></span> 
     </span>
    </p>
   </div>
   <div class='ocr_carea' id='block_1_3' title="bbox 226 559 1679 631">
    <p class='ocr_par' dir='ltr' id='par_1_3' title="bbox 226 559 1679 631">
     <span class='ocr_line' id='line_1_3' title="bbox 226 559 1679 631; baseline -0.001 -16"><span class='ocrx_word' id='word_1_8' title='bbox 226 559 310 615; x_wconf 83' lang='lat' dir='ltr'><strong>Ut</strong></span> <span class='ocrx_word' id='word_1_9' title='bbox 338 562 611 629; x_wconf 79' lang='lat' dir='ltr'><strong>episcopus</strong></span> <span class='ocrx_word' id='word_1_10' title='bbox 636 564 719 616; x_wconf 89' lang='lat' dir='ltr'><strong>ille</strong></span> <span class='ocrx_word' id='word_1_11' title='bbox 740 565 825 631; x_wconf 89' lang='lat' dir='ltr'><strong>qui</strong></span> <span class='ocrx_word' id='word_1_12' title='bbox 855 563 1027 629; x_wconf 84' lang='lat' dir='ltr'><strong>plures</strong></span> <span class='ocrx_word' id='word_1_13' title='bbox 1064 562 1219 614; x_wconf 86' lang='lat' dir='ltr'><strong>habet</strong></span> <span class='ocrx_word' id='word_1_14' title='bbox 1257 560 1489 621; x_wconf 86' lang='lat' dir='ltr'><strong>clericos,</strong></span> <span class='ocrx_word' id='word_1_15' title='bbox 1531 560 1679 613; x_wconf 77' lang='lat' dir='ltr'><strong>alteri</strong></span> 
     </span>
    </p>
   </div>
   <div class='ocr_carea' id='block_1_4' title="bbox 138 647 1676 717">
    <p class='ocr_par' dir='ltr' id='par_1_4' title="bbox 138 647 1676 717">
     <span class='ocr_line' id='line_1_4' title="bbox 138 647 1676 717; baseline -0.002 -15"><span class='ocrx_word' id='word_1_16' title='bbox 138 647 415 717; x_wconf 77' lang='lat' dir='ltr'><strong>episcopo</strong></span> <span class='ocrx_word' id='word_1_17' title='bbox 432 664 613 713; x_wconf 88' lang='lat' dir='ltr'><strong>unum,</strong></span> <span class='ocrx_word' id='word_1_18' title='bbox 634 650 676 702; x_wconf 90' lang='lat' dir='ltr'><strong>si</strong></span> <span class='ocrx_word' id='word_1_19' title='bbox 700 662 911 702; x_wconf 83' lang='lat' dir='ltr'><strong>necesse</strong></span> <span class='ocrx_word' id='word_1_20' title='bbox 932 656 1028 711; x_wconf 90' lang='lat' dir='ltr'><strong>est,</strong></span> <span class='ocrx_word' id='word_1_21' title='bbox 1049 647 1300 714; x_wconf 75' lang='lat' dir='ltr'><strong>largiatur</strong></span> <span class='ocrx_word' id='word_1_22' title='bbox 1317 647 1676 700; x_wconf 90' lang='lat' dir='ltr'><strong>ordinandum.</strong></span> 
     </span>
    </p>
   </div>
   <div class='ocr_carea' id='block_1_5' title="bbox 531 733 1330 795">
    <p class='ocr_par' dir='ltr' id='par_1_5' title="bbox 531 733 1330 795">
     <span class='ocr_line' id='line_1_5' title="bbox 531 733 1330 795; baseline -0.008 -6"><span class='ocrx_word' id='word_1_23' title='bbox 531 734 704 789; x_wconf 86' lang='lat' dir='ltr'><strong>Canon</strong></span> <span class='ocrx_word' id='word_1_24' title='bbox 735 735 1086 795; x_wconf 70' lang='lat' dir='ltr'><strong>Antiocheam,</strong></span> <span class='ocrx_word' id='word_1_25' title='bbox 1116 749 1219 786; x_wconf 77' lang='lat' dir='ltr'><strong>cera</strong></span> <span class='ocrx_word' id='word_1_26' title='bbox 1246 733 1330 785; x_wconf 74' lang='lat'><strong>21.</strong></span> 
     </span>
    </p>
   </div>
   <div class='ocr_carea' id='block_1_6' title="bbox 228 820 1682 895">
    <p class='ocr_par' dir='ltr' id='par_1_6' title="bbox 228 820 1682 895">
     <span class='ocr_line' id='line_1_6' title="bbox 228 820 1682 895; baseline -0.004 -18"><span class='ocrx_word' id='word_1_27' title='bbox 228 824 262 861; x_wconf 75' lang='grc' dir='ltr'>δ</span> <span class='ocrx_word' id='word_1_28' title='bbox 304 823 589 891; x_wconf 83' lang='lat' dir='ltr'><strong>Episcopus</strong></span> <span class='ocrx_word' id='word_1_29' title='bbox 618 826 683 874; x_wconf 89' lang='lat' dir='ltr'><strong>ab</strong></span> <span class='ocrx_word' id='word_1_30' title='bbox 710 824 811 874; x_wconf 89' lang='lat' dir='ltr'><strong>alia</strong></span> <span class='ocrx_word' id='word_1_31' title='bbox 849 823 1093 888; x_wconf 87' lang='lat' dir='ltr'><strong>parochia</strong></span> <span class='ocrx_word' id='word_1_32' title='bbox 1132 836 1458 895; x_wconf 78' lang='lat' dir='ltr'><strong>nequaquam</strong></span> <span class='ocrx_word' id='word_1_33' title='bbox 1494 820 1682 889; x_wconf 84' lang='lat' dir='ltr'><strong>migret</strong></span> 
     </span>
    </p>
   </div>
   <div class='ocr_carea' id='block_1_7' title="bbox 139 908 1681 978">
    <p class='ocr_par' dir='ltr' id='par_1_7' title="bbox 139 908 1681 978">
     <span class='ocr_line' id='line_1_7' title="bbox 139 908 1681 978; baseline 0.001 -19"><span class='ocrx_word' id='word_1_34' title='bbox 139 909 223 962; x_wconf 83' lang='lat' dir='ltr'><strong>ad</strong></span> <span class='ocrx_word' id='word_1_35' title='bbox 280 911 459 975; x_wconf 84' lang='lat' dir='ltr'><strong>aliam,</strong></span> <span class='ocrx_word' id='word_1_36' title='bbox 499 926 594 963; x_wconf 85' lang='lat' dir='ltr'><strong>nec</strong></span> <span class='ocrx_word' id='word_1_37' title='bbox 628 920 810 978; x_wconf 89' lang='lat' dir='ltr'><strong>sponte</strong></span> <span class='ocrx_word' id='word_1_38' title='bbox 845 927 939 963; x_wconf 87' lang='lat' dir='ltr'><strong>sua</strong></span> <span class='ocrx_word' id='word_1_39' title='bbox 968 927 1179 978; x_wconf 85' lang='lat' dir='ltr'><strong>prorsus</strong></span> <span class='ocrx_word' id='word_1_40' title='bbox 1214 911 1463 973; x_wconf 83' lang='lat' dir='ltr'><strong>insiliens,</strong></span> <span class='ocrx_word' id='word_1_41' title='bbox 1500 925 1596 963; x_wconf 89' lang='lat' dir='ltr'><strong>nec</strong></span> <span class='ocrx_word' id='word_1_42' title='bbox 1629 908 1681 961; x_wconf 92' lang='lat' dir='ltr'><strong>vi</strong></span> 
     </span>
    </p>
   </div>
   <div class='ocr_carea' id='block_1_8' title="bbox 137 998 1679 1067">
    <p class='ocr_par' dir='ltr' id='par_1_8' title="bbox 137 998 1679 1067">
     <span class='ocr_line' id='line_1_8' title="bbox 137 998 1679 1067; baseline 0 -18"><span class='ocrx_word' id='word_1_43' title='bbox 137 1007 381 1052; x_wconf 84' lang='lat' dir='ltr'><strong>coactus</strong></span> <span class='ocrx_word' id='word_1_44' title='bbox 404 999 683 1067; x_wconf 60' lang='lat' dir='ltr'><strong>a&#39;p0pulis,</strong></span> <span class='ocrx_word' id='word_1_45' title='bbox 710 1013 803 1050; x_wconf 89' lang='lat' dir='ltr'><strong>nec</strong></span> <span class='ocrx_word' id='word_1_46' title='bbox 829 998 893 1049; x_wconf 91' lang='lat' dir='ltr'><strong>ab</strong></span> <span class='ocrx_word' id='word_1_47' title='bbox 916 998 1174 1066; x_wconf 88' lang='lat' dir='ltr'><strong>episcopis</strong></span> <span class='ocrx_word' id='word_1_48' title='bbox 1199 999 1513 1052; x_wconf 80' lang='lat' dir='ltr'><strong>necessitate</strong></span> <span class='ocrx_word' id='word_1_49' title='bbox 1534 1012 1679 1050; x_wconf 89' lang='lat' dir='ltr'><strong>com-</strong></span> 
     </span>
    </p>
   </div>
   <div class='ocr_carea' id='block_1_9' title="bbox 136 1084 1683 1153">
    <p class='ocr_par' dir='ltr' id='par_1_9' title="bbox 136 1084 1683 1153">
     <span class='ocr_line' id='line_1_9' title="bbox 136 1084 1683 1153; baseline 0.002 -17"><span class='ocrx_word' id='word_1_50' title='bbox 136 1084 364 1149; x_wconf 83' lang='lat' dir='ltr'><strong>pulsus.</strong></span> <span class='ocrx_word' id='word_1_51' title='bbox 390 1085 593 1139; x_wconf 79' lang='lat' dir='ltr'><strong>Maneat</strong></span> <span class='ocrx_word' id='word_1_52' title='bbox 613 1086 665 1138; x_wconf 92' lang='lat' dir='ltr'><strong>in</strong></span> <span class='ocrx_word' id='word_1_53' title='bbox 689 1084 941 1148; x_wconf 83' lang='lat' dir='ltr'><strong>Ecclesia,</strong></span> <span class='ocrx_word' id='word_1_54' title='bbox 967 1101 1120 1152; x_wconf 89' lang='lat' dir='ltr'><strong>quam</strong></span> <span class='ocrx_word' id='word_1_55' title='bbox 1136 1087 1377 1153; x_wconf 84' lang='lat' dir='ltr'><strong>primitus</strong></span> <span class='ocrx_word' id='word_1_56' title='bbox 1398 1102 1428 1138; x_wconf 89' lang='lat' dir='ltr'><strong>a</strong></span> <span class='ocrx_word' id='word_1_57' title='bbox 1449 1086 1555 1141; x_wconf 87' lang='lat' dir='ltr'><strong>Deo</strong></span> <span class='ocrx_word' id='word_1_58' title='bbox 1571 1099 1683 1140; x_wconf 88' lang='lat' dir='ltr'><strong>sor-</strong></span> 
     </span>
    </p>
   </div>
   <div class='ocr_carea' id='block_1_10' title="bbox 139 1172 412 1226">
    <p class='ocr_par' dir='ltr' id='par_1_10' title="bbox 139 1172 412 1226">
     <span class='ocr_line' id='line_1_10' title="bbox 139 1172 412 1226; baseline 0.004 -4"><span class='ocrx_word' id='word_1_59' title='bbox 139 1172 293 1225; x_wconf 83' lang='lat' dir='ltr'><strong>titus</strong></span> <span class='ocrx_word' id='word_1_60' title='bbox 313 1182 412 1226; x_wconf 89' lang='lat' dir='ltr'><strong>est.</strong></span> 
     </span>
    </p>
   </div>
   <div class='ocr_carea' id='block_1_11' title="bbox 502 1257 1335 1321">
    <p class='ocr_par' dir='ltr' id='par_1_11' title="bbox 502 1257 1335 1321">
     <span class='ocr_line' id='line_1_11' title="bbox 502 1257 1335 1321; baseline -0.004 -10"><span class='ocrx_word' id='word_1_61' title='bbox 502 1257 677 1311; x_wconf 65' lang='lat' dir='ltr'><strong>Cano:</strong></span> <span class='ocrx_word' id='word_1_62' title='bbox 699 1258 1134 1321; x_wconf 70' lang='lat' dir='ltr'><strong>Chalcedonensis,</strong></span> <span class='ocrx_word' id='word_1_63' title='bbox 1160 1274 1263 1311; x_wconf 76' lang='lat' dir='ltr'><strong>trra</strong></span> <span class='ocrx_word' id='word_1_64' title='bbox 1286 1259 1335 1311; x_wconf 90' lang='lat'><strong>8.</strong></span> 
     </span>
    </p>
   </div>
   <div class='ocr_carea' id='block_1_12' title="bbox 229 1342 1683 1413">
    <p class='ocr_par' dir='ltr' id='par_1_12' title="bbox 229 1342 1683 1413">
     <span class='ocr_line' id='line_1_12' title="bbox 229 1342 1683 1413; baseline -0.001 -16"><span class='ocrx_word' id='word_1_65' title='bbox 229 1354 255 1381; x_wconf 71' lang='grc' dir='ltr'><em>ε</em></span> <span class='ocrx_word' id='word_1_66' title='bbox 300 1342 487 1397; x_wconf 82' lang='lat' dir='ltr'><strong>Clerici</strong></span> <span class='ocrx_word' id='word_1_67' title='bbox 516 1345 604 1410; x_wconf 85' lang='lat' dir='ltr'><strong>qui</strong></span> <span class='ocrx_word' id='word_1_68' title='bbox 642 1343 993 1412; x_wconf 75' lang='lat' dir='ltr'><strong>przeliciuntur</strong></span> <span class='ocrx_word' id='word_1_69' title='bbox 1029 1344 1272 1412; x_wconf 83' lang='lat' dir='ltr'><strong>ptochiis,</strong></span> <span class='ocrx_word' id='word_1_70' title='bbox 1311 1342 1389 1413; x_wconf 88' lang='lat' dir='ltr'><strong>vel</strong></span> <span class='ocrx_word' id='word_1_71' title='bbox 1424 1344 1511 1409; x_wconf 89' lang='lat' dir='ltr'><strong>qui</strong></span> <span class='ocrx_word' id='word_1_72' title='bbox 1542 1343 1683 1396; x_wconf 89' lang='lat' dir='ltr'><strong>ordi-</strong></span> 
     </span>
    </p>
   </div>
   <div class='ocr_carea' id='block_1_13' title="bbox 140 1432 1685 1500">
    <p class='ocr_par' dir='ltr' id='par_1_13' title="bbox 140 1432 1685 1500">
     <span class='ocr_line' id='line_1_13' title="bbox 140 1432 1685 1500; baseline 0.001 -17"><span class='ocrx_word' id='word_1_73' title='bbox 140 1442 362 1486; x_wconf 86' lang='lat' dir='ltr'><strong>nantur</strong></span> <span class='ocrx_word' id='word_1_74' title='bbox 392 1434 721 1487; x_wconf 82' lang='lat' dir='ltr'><strong>monasteriis</strong></span> <span class='ocrx_word' id='word_1_75' title='bbox 751 1441 802 1486; x_wconf 92' lang='lat' dir='ltr'><strong>et</strong></span> <span class='ocrx_word' id='word_1_76' title='bbox 830 1433 1089 1496; x_wconf 87' lang='lat' dir='ltr'><strong>basilicis,</strong></span> <span class='ocrx_word' id='word_1_77' title='bbox 1121 1433 1216 1486; x_wconf 89' lang='lat' dir='ltr'><strong>sub</strong></span> <span class='ocrx_word' id='word_1_78' title='bbox 1246 1432 1473 1500; x_wconf 82' lang='lat' dir='ltr'><strong>episcopi</strong></span> <span class='ocrx_word' id='word_1_79' title='bbox 1501 1446 1685 1485; x_wconf 87' lang='lat' dir='ltr'><strong>secun-</strong></span> 
     </span>
    </p>
   </div>
   <div class='ocr_carea' id='block_1_14' title="bbox 139 1519 1684 1588">
    <p class='ocr_par' dir='ltr' id='par_1_14' title="bbox 139 1519 1684 1588">
     <span class='ocr_line' id='line_1_14' title="bbox 139 1519 1684 1588; baseline 0 -16"><span class='ocrx_word' id='word_1_80' title='bbox 139 1520 286 1573; x_wconf 87' lang='lat' dir='ltr'><strong>dum</strong></span> <span class='ocrx_word' id='word_1_81' title='bbox 327 1522 631 1584; x_wconf 80' lang='lat' dir='ltr'><strong>traditiones</strong></span> <span class='ocrx_word' id='word_1_82' title='bbox 667 1519 879 1573; x_wconf 85' lang='lat' dir='ltr'><strong>Patrum</strong></span> <span class='ocrx_word' id='word_1_83' title='bbox 904 1528 1160 1588; x_wconf 74' lang='lat' dir='ltr'><strong>potestate</strong></span> <span class='ocrx_word' id='word_1_84' title='bbox 1186 1527 1559 1587; x_wconf 84' lang='lat' dir='ltr'><strong>permaneant:</strong></span> <span class='ocrx_word' id='word_1_85' title='bbox 1587 1533 1684 1572; x_wconf 92' lang='lat' dir='ltr'><strong>nec</strong></span> 
     </span>
    </p>
   </div>
   <div class='ocr_carea' id='block_1_15' title="bbox 140 1604 1682 1675">
    <p class='ocr_par' dir='ltr' id='par_1_15' title="bbox 140 1604 1682 1675">
     <span class='ocr_line' id='line_1_15' title="bbox 140 1604 1682 1675; baseline -0.003 -14"><span class='ocrx_word' id='word_1_86' title='bbox 140 1622 259 1675; x_wconf 80' lang='lat' dir='ltr'><strong>per</strong></span> <span class='ocrx_word' id='word_1_87' title='bbox 294 1608 674 1661; x_wconf 83' lang='lat' dir='ltr'><strong>contumaciam</strong></span> <span class='ocrx_word' id='word_1_88' title='bbox 725 1607 790 1660; x_wconf 87' lang='lat' dir='ltr'><strong>ab</strong></span> <span class='ocrx_word' id='word_1_89' title='bbox 832 1608 1077 1675; x_wconf 82' lang='lat' dir='ltr'><strong>episcopo</strong></span> <span class='ocrx_word' id='word_1_90' title='bbox 1119 1621 1213 1660; x_wconf 90' lang='lat' dir='ltr'><strong>suo</strong></span> <span class='ocrx_word' id='word_1_91' title='bbox 1260 1606 1533 1659; x_wconf 82' lang='lat' dir='ltr'><strong>dissiliant.</strong></span> <span class='ocrx_word' id='word_1_92' title='bbox 1580 1604 1682 1669; x_wconf 82' lang='lat' dir='ltr'><strong>Qui</strong></span> 
     </span>
    </p>
   </div>
   <div class='ocr_carea' id='block_1_16' title="bbox 140 1696 1680 1765">
    <p class='ocr_par' dir='ltr' id='par_1_16' title="bbox 140 1696 1680 1765">
     <span class='ocr_line' id='line_1_16' title="bbox 140 1696 1680 1765; baseline 0 -16"><span class='ocrx_word' id='word_1_93' title='bbox 140 1712 290 1752; x_wconf 88' lang='lat' dir='ltr'><strong>vero</strong></span> <span class='ocrx_word' id='word_1_94' title='bbox 316 1698 498 1751; x_wconf 87' lang='lat' dir='ltr'><strong>audire</strong></span> <span class='ocrx_word' id='word_1_95' title='bbox 528 1697 792 1750; x_wconf 72' lang='lat' dir='ltr'><strong>tenuerint</strong></span> <span class='ocrx_word' id='word_1_96' title='bbox 820 1698 1173 1765; x_wconf 85' lang='lat' dir='ltr'><strong>hujuscemodi</strong></span> <span class='ocrx_word' id='word_1_97' title='bbox 1199 1697 1438 1758; x_wconf 89' lang='lat' dir='ltr'><strong>formam,</strong></span> <span class='ocrx_word' id='word_1_98' title='bbox 1463 1696 1509 1749; x_wconf 87' lang='lat' dir='ltr'><strong>si</strong></span> <span class='ocrx_word' id='word_1_99' title='bbox 1530 1696 1680 1749; x_wconf 85' lang='lat' dir='ltr'><strong>cleri-</strong></span> 
     </span>
    </p>
   </div>
   <div class='ocr_carea' id='block_1_17' title="bbox 140 1783 1679 1859">
    <p class='ocr_par' dir='ltr' id='par_1_17' title="bbox 140 1783 1679 1859">
     <span class='ocr_line' id='line_1_17' title="bbox 140 1783 1679 1859; baseline -0.003 -20"><span class='ocrx_word' id='word_1_100' title='bbox 140 1787 200 1839; x_wconf 85' lang='lat' dir='ltr'><strong>ci</strong></span> <span class='ocrx_word' id='word_1_101' title='bbox 256 1794 416 1848; x_wconf 85' lang='lat' dir='ltr'><strong>sum,</strong></span> <span class='ocrx_word' id='word_1_102' title='bbox 458 1798 715 1859; x_wconf 85' lang='lat' dir='ltr'><strong>canonum</strong></span> <span class='ocrx_word' id='word_1_103' title='bbox 761 1784 1172 1852; x_wconf 90' lang='lat' dir='ltr'><strong>correptionibus</strong></span> <span class='ocrx_word' id='word_1_104' title='bbox 1215 1783 1585 1851; x_wconf 87' lang='lat' dir='ltr'><strong>subjacebunt;</strong></span> <span class='ocrx_word' id='word_1_105' title='bbox 1634 1784 1679 1837; x_wconf 91' lang='lat' dir='ltr'><strong>si</strong></span> 
     </span>
    </p>
   </div>
   <div class='ocr_carea' id='block_1_18' title="bbox 142 1872 1682 1941">
    <p class='ocr_par' dir='ltr' id='par_1_18' title="bbox 142 1872 1682 1941">
     <span class='ocr_line' id='line_1_18' title="bbox 142 1872 1682 1941; baseline -0.001 -14"><span class='ocrx_word' id='word_1_106' title='bbox 142 1885 337 1929; x_wconf 87' lang='lat' dir='ltr'><strong>autem</strong></span> <span class='ocrx_word' id='word_1_107' title='bbox 380 1875 497 1930; x_wconf 82' lang='lat' dir='ltr'><strong>laici</strong></span> <span class='ocrx_word' id='word_1_108' title='bbox 535 1873 616 1928; x_wconf 92' lang='lat' dir='ltr'><strong>vel</strong></span> <span class='ocrx_word' id='word_1_109' title='bbox 659 1874 900 1928; x_wconf 80' lang='lat' dir='ltr'><strong>monachi</strong></span> <span class='ocrx_word' id='word_1_110' title='bbox 933 1872 1144 1938; x_wconf 77' lang='lat' dir='ltr'><strong>fuerint,</strong></span> <span class='ocrx_word' id='word_1_111' title='bbox 1179 1874 1538 1927; x_wconf 87' lang='lat' dir='ltr'><strong>communione</strong></span> <span class='ocrx_word' id='word_1_112' title='bbox 1576 1872 1682 1941; x_wconf 86' lang='lat' dir='ltr'><strong>pri-</strong></span> 
     </span>
    </p>
   </div>
   <div class='ocr_carea' id='block_1_19' title="bbox 141 1974 368 2018">
    <p class='ocr_par' dir='ltr' id='par_1_19' title="bbox 141 1974 368 2018">
     <span class='ocr_line' id='line_1_19' title="bbox 141 1974 368 2018; baseline 0 -2"><span class='ocrx_word' id='word_1_113' title='bbox 141 1979 259 2018; x_wconf 76' lang='lat' dir='ltr'><strong>ven</strong></span> <span class='ocrx_word' id='word_1_114' title='bbox 266 1974 368 2017; x_wconf 76' lang='grc' dir='ltr'><strong>ιωι.</strong></span> 
     </span>
    </p>
   </div>
   <div class='ocr_carea' id='block_1_20' title="bbox 801 2050 1057 2104">
    <p class='ocr_par' dir='ltr' id='par_1_20' title="bbox 801 2050 1057 2104">
     <span class='ocr_line' id='line_1_20' title="bbox 801 2050 1057 2104; baseline -0.004 0"><span class='ocrx_word' id='word_1_115' title='bbox 801 2050 936 2104; x_wconf 68' lang='grc' dir='ltr'><strong>Αἶγα</strong></span> <span class='ocrx_word' id='word_1_116' title='bbox 972 2051 1057 2104; x_wconf 72' lang='grc'><strong>20.</strong></span> 
     </span>
    </p>
   </div>
   <div class='ocr_carea' id='block_1_21' title="bbox 227 2135 1684 2199">
    <p class='ocr_par' dir='ltr' id='par_1_21' title="bbox 227 2135 1684 2199">
     <span class='ocr_line' id='line_1_21' title="bbox 227 2135 1684 2199; baseline -0.001 -7"><span class='ocrx_word' id='word_1_117' title='bbox 227 2140 253 2179; x_wconf 71' lang='grc' dir='ltr'><em>δ</em></span> <span class='ocrx_word' id='word_1_118' title='bbox 290 2138 522 2193; x_wconf 84' lang='lat' dir='ltr'><strong>Clericos</strong></span> <span class='ocrx_word' id='word_1_119' title='bbox 549 2139 601 2192; x_wconf 92' lang='lat' dir='ltr'><strong>in</strong></span> <span class='ocrx_word' id='word_1_120' title='bbox 632 2136 848 2192; x_wconf 86' lang='lat' dir='ltr'><strong>ecclesia</strong></span> <span class='ocrx_word' id='word_1_121' title='bbox 879 2138 1254 2199; x_wconf 88' lang='lat' dir='ltr'><strong>ministrantes,</strong></span> <span class='ocrx_word' id='word_1_122' title='bbox 1292 2135 1339 2189; x_wconf 90' lang='lat' dir='ltr'><strong>si</strong></span> <span class='ocrx_word' id='word_1_123' title='bbox 1380 2138 1433 2189; x_wconf 93' lang='lat' dir='ltr'><strong>in</strong></span> <span class='ocrx_word' id='word_1_124' title='bbox 1470 2135 1684 2191; x_wconf 80' lang='lat' dir='ltr'><strong>alterius</strong></span> 
     </span>
    </p>
   </div>
   <div class='ocr_carea' id='block_1_22' title="bbox 143 2221 1727 2297">
    <p class='ocr_par' dir='ltr' id='par_1_22' title="bbox 143 2221 1727 2297">
     <span class='ocr_line' id='line_1_22' title="bbox 143 2221 1727 2297; baseline -0.003 -18"><span class='ocrx_word' id='word_1_125' title='bbox 143 2226 389 2279; x_wconf 78' lang='lat' dir='ltr'><strong>civitatis</strong></span> <span class='ocrx_word' id='word_1_126' title='bbox 430 2224 649 2279; x_wconf 85' lang='lat' dir='ltr'><strong>ecclesia</strong></span> <span class='ocrx_word' id='word_1_127' title='bbox 688 2223 867 2278; x_wconf 78' lang='lat' dir='ltr'><strong>statuti</strong></span> <span class='ocrx_word' id='word_1_128' title='bbox 907 2221 1098 2276; x_wconf 78' lang='lat' dir='ltr'><strong>fuerint</strong></span> <span class='ocrx_word' id='word_1_129' title='bbox 1120 2234 1143 2285; x_wconf 83' lang='lat'><strong>,&#39;</strong></span> <span class='ocrx_word' id='word_1_130' title='bbox 1173 2230 1378 2290; x_wconf 90' lang='lat' dir='ltr'><strong>oportet</strong></span> <span class='ocrx_word' id='word_1_131' title='bbox 1412 2228 1685 2275; x_wconf 86' lang='lat' dir='ltr'><strong>contentos</strong></span> <span class='ocrx_word' id='word_1_132' title='bbox 1724 2296 1727 2297; x_wconf 14' lang='grc' dir='ltr'><em>ν</em></span> 
     </span>
    </p>
   </div>
   <div class='ocr_carea' id='block_1_23' title="bbox 144 2309 1681 2381">
    <p class='ocr_par' dir='ltr' id='par_1_23' title="bbox 144 2309 1681 2381">
     <span class='ocr_line' id='line_1_23' title="bbox 144 2309 1681 2381; baseline -0.005 -14"><span class='ocrx_word' id='word_1_133' title='bbox 144 2327 279 2367; x_wconf 86' lang='lat' dir='ltr'><strong>esse</strong></span> <span class='ocrx_word' id='word_1_134' title='bbox 296 2352 311 2375; x_wconf 94' lang='lat'><strong>,</strong></span> <span class='ocrx_word' id='word_1_135' title='bbox 342 2313 395 2365; x_wconf 93' lang='lat' dir='ltr'><strong>in</strong></span> <span class='ocrx_word' id='word_1_136' title='bbox 422 2312 609 2381; x_wconf 84' lang='lat' dir='ltr'><strong>quibus</strong></span> <span class='ocrx_word' id='word_1_137' title='bbox 636 2311 702 2365; x_wconf 87' lang='lat' dir='ltr'><strong>ab</strong></span> <span class='ocrx_word' id='word_1_138' title='bbox 728 2312 877 2365; x_wconf 90' lang='lat' dir='ltr'><strong>initio</strong></span> <span class='ocrx_word' id='word_1_139' title='bbox 901 2310 1202 2363; x_wconf 89' lang='lat' dir='ltr'><strong>ministrare</strong></span> <span class='ocrx_word' id='word_1_140' title='bbox 1225 2309 1548 2371; x_wconf 88' lang='lat' dir='ltr'><strong>debuerunt;</strong></span> <span class='ocrx_word' id='word_1_141' title='bbox 1590 2323 1681 2361; x_wconf 79' lang='lat' dir='ltr'><strong>ex-</strong></span> 
     </span>
    </p>
   </div>
   <div class='ocr_carea' id='block_1_24' title="bbox 144 2396 1685 2468">
    <p class='ocr_par' dir='ltr' id='par_1_24' title="bbox 144 2396 1685 2468">
     <span class='ocr_line' id='line_1_24' title="bbox 144 2396 1685 2468; baseline -0.002 -17"><span class='ocrx_word' id='word_1_142' title='bbox 144 2401 327 2467; x_wconf 86' lang='lat' dir='ltr'><strong>ceptis</strong></span> <span class='ocrx_word' id='word_1_143' title='bbox 361 2399 461 2452; x_wconf 88' lang='lat' dir='ltr'><strong>illis</strong></span> <span class='ocrx_word' id='word_1_144' title='bbox 498 2399 609 2467; x_wconf 86' lang='lat' dir='ltr'><strong>qui,</strong></span> <span class='ocrx_word' id='word_1_145' title='bbox 647 2399 883 2468; x_wconf 75' lang='lat' dir='ltr'><strong>proprias</strong></span> <span class='ocrx_word' id='word_1_146' title='bbox 918 2398 1213 2451; x_wconf 84' lang='lat' dir='ltr'><strong>amittentes</strong></span> <span class='ocrx_word' id='word_1_147' title='bbox 1249 2396 1580 2464; x_wconf 78' lang='lat' dir='ltr'><strong>provincias,</strong></span> <span class='ocrx_word' id='word_1_148' title='bbox 1620 2412 1685 2449; x_wconf 77' lang='lat' dir='ltr'><strong>ex</strong></span> 
     </span>
    </p>
   </div>
   <div class='ocr_carea' id='block_1_25' title="bbox 146 2481 1687 2549">
    <p class='ocr_par' dir='ltr' id='par_1_25' title="bbox 146 2481 1687 2549">
     <span class='ocr_line' id='line_1_25' title="bbox 146 2481 1687 2549; baseline -0.003 -9"><span class='ocrx_word' id='word_1_149' title='bbox 146 2488 475 2540; x_wconf 87' lang='lat' dir='ltr'><strong>necessitate</strong></span> <span class='ocrx_word' id='word_1_150' title='bbox 508 2486 574 2538; x_wconf 90' lang='lat' dir='ltr'><strong>ad</strong></span> <span class='ocrx_word' id='word_1_151' title='bbox 608 2486 763 2538; x_wconf 89' lang='lat' dir='ltr'><strong>aliam</strong></span> <span class='ocrx_word' id='word_1_152' title='bbox 799 2484 1076 2539; x_wconf 77' lang='lat' dir='ltr'><strong>ecclesiam</strong></span> <span class='ocrx_word' id='word_1_153' title='bbox 1116 2484 1451 2537; x_wconf 85' lang='lat' dir='ltr'><strong>transierunt.</strong></span> <span class='ocrx_word' id='word_1_154' title='bbox 1493 2481 1548 2535; x_wconf 89' lang='lat' dir='ltr'><strong>Si</strong></span> <span class='ocrx_word' id='word_1_155' title='bbox 1570 2482 1687 2549; x_wconf 89' lang='lat' dir='ltr'><strong>quis</strong></span> 
     </span>
    </p>
   </div>
   <div class='ocr_carea' id='block_1_26' title="bbox 146 2568 1687 2640">
    <p class='ocr_par' dir='ltr' id='par_1_26' title="bbox 146 2568 1687 2640">
     <span class='ocr_line' id='line_1_26' title="bbox 146 2568 1687 2640; baseline -0.003 -15"><span class='ocrx_word' id='word_1_156' title='bbox 146 2580 335 2625; x_wconf 89' lang='lat' dir='ltr'><strong>autem</strong></span> <span class='ocrx_word' id='word_1_157' title='bbox 349 2573 618 2640; x_wconf 90' lang='lat' dir='ltr'><strong>episcopus</strong></span> <span class='ocrx_word' id='word_1_158' title='bbox 628 2580 745 2639; x_wconf 90' lang='lat' dir='ltr'><strong>post</strong></span> <span class='ocrx_word' id='word_1_159' title='bbox 754 2572 888 2624; x_wconf 89' lang='lat' dir='ltr'><strong>hanc</strong></span> <span class='ocrx_word' id='word_1_160' title='bbox 899 2570 1249 2625; x_wconf 80' lang='lat' dir='ltr'><strong>definitionem</strong></span> <span class='ocrx_word' id='word_1_161' title='bbox 1276 2568 1563 2637; x_wconf 89' lang='lat' dir='ltr'><strong>susceperit</strong></span> <span class='ocrx_word' id='word_1_162' title='bbox 1582 2569 1687 2622; x_wconf 56' lang='lat' dir='ltr'><strong>cie.</strong></span> 
     </span>
    </p>
   </div>
   <div class='ocr_carea' id='block_1_27' title="bbox 146 2658 1687 2731">
    <p class='ocr_par' dir='ltr' id='par_1_27' title="bbox 146 2658 1687 2731">
     <span class='ocr_line' id='line_1_27' title="bbox 146 2658 1687 2731; baseline -0.002 -17"><span class='ocrx_word' id='word_1_163' title='bbox 146 2664 326 2716; x_wconf 88' lang='lat' dir='ltr'><strong>ricum</strong></span> <span class='ocrx_word' id='word_1_164' title='bbox 363 2664 428 2716; x_wconf 91' lang='lat' dir='ltr'><strong>ad</strong></span> <span class='ocrx_word' id='word_1_165' title='bbox 465 2662 623 2717; x_wconf 86' lang='lat' dir='ltr'><strong>alium</strong></span> <span class='ocrx_word' id='word_1_166' title='bbox 654 2663 953 2731; x_wconf 88' lang='lat' dir='ltr'><strong>episcopum</strong></span> <span class='ocrx_word' id='word_1_167' title='bbox 987 2662 1363 2731; x_wconf 80' lang='lat' dir='ltr'><strong>pertinentem,</strong></span> <span class='ocrx_word' id='word_1_168' title='bbox 1390 2658 1603 2728; x_wconf 88' lang='lat' dir='ltr'><strong>placuit,</strong></span> <span class='ocrx_word' id='word_1_169' title='bbox 1631 2666 1687 2712; x_wconf 93' lang='lat' dir='ltr'><strong>et</strong></span> 
     </span>
    </p>
   </div>
   <div class='ocr_carea' id='block_1_28' title="bbox 148 2749 1682 2819">
    <p class='ocr_par' dir='ltr' id='par_1_28' title="bbox 148 2749 1682 2819">
     <span class='ocr_line' id='line_1_28' title="bbox 148 2749 1682 2819; baseline -0.001 -16"><span class='ocrx_word' id='word_1_170' title='bbox 148 2760 459 2819; x_wconf 79' lang='lat' dir='ltr'><strong>susceptum</strong></span> <span class='ocrx_word' id='word_1_171' title='bbox 485 2759 537 2805; x_wconf 88' lang='lat' dir='ltr'><strong>et</strong></span> <span class='ocrx_word' id='word_1_172' title='bbox 560 2752 927 2819; x_wconf 82' lang='lat' dir='ltr'><strong>suscipientem</strong></span> <span class='ocrx_word' id='word_1_173' title='bbox 952 2750 1317 2804; x_wconf 74' lang='lat' dir='ltr'><strong>mmmunione</strong></span> <span class='ocrx_word' id='word_1_174' title='bbox 1339 2749 1553 2818; x_wconf 87' lang='lat' dir='ltr'><strong>privari,</strong></span> <span class='ocrx_word' id='word_1_175' title='bbox 1588 2749 1682 2802; x_wconf 89' lang='lat' dir='ltr'><strong>do-</strong></span> 
     </span>
    </p>
   </div>
   <div class='ocr_carea' id='block_1_29' title="bbox 148 2839 1137 2908">
    <p class='ocr_par' dir='ltr' id='par_1_29' title="bbox 148 2839 1137 2908">
     <span class='ocr_line' id='line_1_29' title="bbox 148 2839 1137 2908; baseline 0 -18"><span class='ocrx_word' id='word_1_176' title='bbox 148 2852 258 2891; x_wconf 90' lang='lat' dir='ltr'><strong>nec</strong></span> <span class='ocrx_word' id='word_1_177' title='bbox 288 2839 334 2891; x_wconf 91' lang='lat' dir='ltr'><strong>is</strong></span> <span class='ocrx_word' id='word_1_178' title='bbox 357 2840 446 2907; x_wconf 89' lang='lat' dir='ltr'><strong>qui</strong></span> <span class='ocrx_word' id='word_1_179' title='bbox 469 2839 801 2908; x_wconf 76' lang='lat' dir='ltr'><strong>migraverat,</strong></span> <span class='ocrx_word' id='word_1_180' title='bbox 828 2847 1137 2893; x_wconf 88' lang='lat' dir='ltr'><strong>revertatur.</strong></span> 
     </span>
    </p>
   </div>
   <div class='ocr_carea' id='block_1_30' title="bbox 503 2924 1338 2989">
    <p class='ocr_par' dir='ltr' id='par_1_30' title="bbox 503 2924 1338 2989">
     <span class='ocr_line' id='line_1_30' title="bbox 503 2924 1338 2989; baseline -0.004 -10"><span class='ocrx_word' id='word_1_181' title='bbox 503 2924 680 2979; x_wconf 72' lang='lat' dir='ltr'><strong>Cimon</strong></span> <span class='ocrx_word' id='word_1_182' title='bbox 715 2926 1124 2989; x_wconf 77' lang='lat' dir='ltr'><strong>Aurelianensis;</strong></span> <span class='ocrx_word' id='word_1_183' title='bbox 1154 2941 1257 2977; x_wconf 68' lang='grc' dir='ltr'><em>(τινα</em></span> <span class='ocrx_word' id='word_1_184' title='bbox 1286 2925 1338 2977; x_wconf 76' lang='lat'><strong>2.</strong></span> 
     </span>
    </p>
   </div>
   <div class='ocr_carea' id='block_1_31' title="bbox 989 362 2464 424">
    <p class='ocr_par' dir='ltr' id='par_1_31' title="bbox 989 362 2464 424">
     <span class='ocr_line' id='line_1_31' title="bbox 989 362 2464 424; baseline 0.001 -5"><span class='ocrx_word' id='word_1_185' title='bbox 989 364 1291 421; x_wconf 75' lang='lat' dir='ltr'><strong>CANONES</strong></span> <span class='ocrx_word' id='word_1_186' title='bbox 1329 362 1615 423; x_wconf 75' lang='lat' dir='ltr'><strong>SELECTI.</strong></span> <span class='ocrx_word' id='word_1_187' title='bbox 1642 364 1727 417; x_wconf 76' lang='lat' dir='ltr'><strong>EX</strong></span> <span class='ocrx_word' id='word_1_188' title='bbox 1769 364 1917 418; x_wconf 81' lang='lat' dir='ltr'><strong>VET.</strong></span> <span class='ocrx_word' id='word_1_189' title='bbox 1954 364 2103 419; x_wconf 68' lang='lat' dir='ltr'><strong>CAN.</strong></span> <span class='ocrx_word' id='word_1_190' title='bbox 2146 368 2464 424; x_wconf 80' lang='lat' dir='ltr'><strong>COLLECT.</strong></span> 
     </span>
    </p>
   </div>
   <div class='ocr_carea' id='block_1_32' title="bbox 1704 478 1753 531">
    <p class='ocr_par' dir='ltr' id='par_1_32' title="bbox 1704 478 1753 531">
     <span class='ocr_line' id='line_1_32' title="bbox 1704 478 1753 531; baseline 0 0"><span class='ocrx_word' id='word_1_191' title='bbox 1704 478 1753 531; x_wconf 77' lang='grc' dir='ltr'>Α</span> 
     </span>
    </p>
   </div>
   <div class='ocr_carea' id='block_1_33' title="bbox 3149 375 3275 426">
    <p class='ocr_par' dir='ltr' id='par_1_33' title="bbox 3149 375 3275 426">
     <span class='ocr_line' id='line_1_33' title="bbox 3149 375 3275 426; baseline -0.008 0"><span class='ocrx_word' id='word_1_192' title='bbox 3149 375 3275 426; x_wconf 71' lang='lat'><strong>1019</strong></span> 
     </span>
    </p>
   </div>
   <div class='ocr_carea' id='block_1_34' title="bbox 2079 472 2975 543">
    <p class='ocr_par' dir='ltr' id='par_1_34' title="bbox 2079 472 2975 543">
     <span class='ocr_line' id='line_1_34' title="bbox 2079 472 2975 543; baseline 0.001 -17"><span class='ocrx_word' id='word_1_193' title='bbox 2079 472 2254 527; x_wconf 82' lang='lat' dir='ltr'><strong>Canon</strong></span> <span class='ocrx_word' id='word_1_194' title='bbox 2300 475 2671 543; x_wconf 77' lang='lat' dir='ltr'><strong>Hipponiensis,</strong></span> <span class='ocrx_word' id='word_1_195' title='bbox 2716 492 2815 528; x_wconf 68' lang='lat' dir='ltr'><strong>trra</strong></span> <span class='ocrx_word' id='word_1_196' title='bbox 2844 475 2975 528; x_wconf 68' lang='lat' dir='ltr'><strong>7U.</strong></span> 
     </span>
    </p>
   </div>
   <div class='ocr_carea' id='block_1_35' title="bbox 1844 558 3279 632">
    <p class='ocr_par' dir='ltr' id='par_1_35' title="bbox 1844 558 3279 632">
     <span class='ocr_line' id='line_1_35' title="bbox 1844 558 3279 632; baseline 0.005 -22"><span class='ocrx_word' id='word_1_197' title='bbox 1844 558 1919 612; x_wconf 88' lang='lat' dir='ltr'><strong>Ne</strong></span> <span class='ocrx_word' id='word_1_198' title='bbox 1964 560 2281 615; x_wconf 89' lang='lat' dir='ltr'><strong>interventor</strong></span> <span class='ocrx_word' id='word_1_199' title='bbox 2325 561 2503 630; x_wconf 83' lang='lat' dir='ltr'><strong>[Edd.,</strong></span> <span class='ocrx_word' id='word_1_200' title='bbox 2549 562 2876 631; x_wconf 84' lang='lat' dir='ltr'><strong>intercessor]</strong></span> <span class='ocrx_word' id='word_1_201' title='bbox 2920 563 3189 632; x_wconf 83' lang='lat' dir='ltr'><strong>episcopus</strong></span> <span class='ocrx_word' id='word_1_202' title='bbox 3227 566 3279 618; x_wconf 89' lang='lat' dir='ltr'><strong>in</strong></span> 
     </span>
    </p>
   </div>
   <div class='ocr_carea' id='block_1_36' title="bbox 1776 648 3276 718">
    <p class='ocr_par' dir='ltr' id='par_1_36' title="bbox 1776 648 3276 718">
     <span class='ocr_line' id='line_1_36' title="bbox 1776 648 3276 718; baseline 0.003 -19"><span class='ocrx_word' id='word_1_203' title='bbox 1776 648 2042 709; x_wconf 86' lang='lat' dir='ltr'><strong>cathedra,</strong></span> <span class='ocrx_word' id='word_1_204' title='bbox 2088 648 2238 716; x_wconf 85' lang='lat' dir='ltr'><strong>(Var.</strong></span> <span class='ocrx_word' id='word_1_205' title='bbox 2280 648 2419 718; x_wconf 80' lang='lat' dir='ltr'><strong>edd.)</strong></span> <span class='ocrx_word' id='word_1_206' title='bbox 2459 650 2567 703; x_wconf 64' lang='lat' dir='ltr'><strong>ubi,</strong></span> <span class='ocrx_word' id='word_1_207' title='bbox 2590 651 2906 702; x_wconf 76' lang='lat' dir='ltr'><strong>interventor</strong></span> <span class='ocrx_word' id='word_1_208' title='bbox 2929 657 3027 714; x_wconf 90' lang='lat' dir='ltr'><strong>est,</strong></span> <span class='ocrx_word' id='word_1_209' title='bbox 3063 651 3276 704; x_wconf 89' lang='lat' dir='ltr'><strong>sedeat:</strong></span> 
     </span>
    </p>
   </div>
   <div class='ocr_carea' id='block_1_37' title="bbox 1777 734 3281 809">
    <p class='ocr_par' dir='ltr' id='par_1_37' title="bbox 1777 734 3281 809">
     <span class='ocr_line' id='line_1_37' title="bbox 1777 734 3281 809; baseline 0.005 -23"><span class='ocrx_word' id='word_1_210' title='bbox 1777 734 1932 804; x_wconf 81' lang='lat' dir='ltr'><strong>(Add.</strong></span> <span class='ocrx_word' id='word_1_211' title='bbox 1956 736 2075 804; x_wconf 84' lang='lat' dir='ltr'><strong>aliq.</strong></span> <span class='ocrx_word' id='word_1_212' title='bbox 2100 738 2150 788; x_wconf 88' lang='lat' dir='ltr'><strong>in</strong></span> <span class='ocrx_word' id='word_1_213' title='bbox 2171 738 2306 806; x_wconf 87' lang='lat' dir='ltr'><strong>edd.)</strong></span> <span class='ocrx_word' id='word_1_214' title='bbox 2333 738 2421 792; x_wconf 88' lang='lat' dir='ltr'><strong>sed</strong></span> <span class='ocrx_word' id='word_1_215' title='bbox 2442 739 2563 792; x_wconf 81' lang='lat' dir='ltr'><strong>dare</strong></span> <span class='ocrx_word' id='word_1_216' title='bbox 2582 754 2787 805; x_wconf 86' lang='lat' dir='ltr'><strong>operam</strong></span> <span class='ocrx_word' id='word_1_217' title='bbox 2817 747 3035 809; x_wconf 89' lang='lat' dir='ltr'><strong>oportet,</strong></span> <span class='ocrx_word' id='word_1_218' title='bbox 3063 748 3119 792; x_wconf 94' lang='lat' dir='ltr'><strong>ut</strong></span> <span class='ocrx_word' id='word_1_219' title='bbox 3148 740 3281 793; x_wconf 85' lang='lat' dir='ltr'><strong>intra</strong></span> 
     </span>
    </p>
   </div>
   <div class='ocr_carea' id='block_1_38' title="bbox 1776 825 3282 897">
    <p class='ocr_par' dir='ltr' id='par_1_38' title="bbox 1776 825 3282 897">
     <span class='ocr_line' id='line_1_38' title="bbox 1776 825 3282 897; baseline 0.005 -24"><span class='ocrx_word' id='word_1_220' title='bbox 1776 825 2482 893; x_wconf 27' lang='lat' dir='ltr'><strong>annum‘episcopuslpopulo</strong></span> <span class='ocrx_word' id='word_1_221' title='bbox 2521 827 2688 879; x_wconf 88' lang='lat' dir='ltr'><strong>detur.</strong></span> <span class='ocrx_word' id='word_1_222' title='bbox 2729 827 2874 892; x_wconf 88' lang='lat' dir='ltr'><strong>Quod</strong></span> <span class='ocrx_word' id='word_1_223' title='bbox 2916 828 2958 879; x_wconf 90' lang='lat' dir='ltr'><strong>si</strong></span> <span class='ocrx_word' id='word_1_224' title='bbox 2998 827 3282 897; x_wconf 79' lang='lat' dir='ltr'><strong>neglectum</strong></span> 
     </span>
    </p>
   </div>
   <div class='ocr_carea' id='block_1_39' title="bbox 1775 907 3283 981">
    <p class='ocr_par' dir='ltr' id='par_1_39' title="bbox 1775 907 3283 981">
     <span class='ocr_line' id='line_1_39' title="bbox 1775 907 3283 981; baseline 0.003 -22"><span class='ocrx_word' id='word_1_225' title='bbox 1775 907 1951 970; x_wconf 89' lang='lat' dir='ltr'><strong>fuerit,</strong></span> <span class='ocrx_word' id='word_1_226' title='bbox 1980 924 2114 961; x_wconf 85' lang='lat' dir='ltr'><strong>anno</strong></span> <span class='ocrx_word' id='word_1_227' title='bbox 2140 920 2378 977; x_wconf 75' lang='lat' dir='ltr'><strong>exempto</strong></span> <span class='ocrx_word' id='word_1_228' title='bbox 2401 912 2714 963; x_wconf 86' lang='lat' dir='ltr'><strong>interventor</strong></span> <span class='ocrx_word' id='word_1_229' title='bbox 2742 912 2825 965; x_wconf 91' lang='lat' dir='ltr'><strong>ille</strong></span> <span class='ocrx_word' id='word_1_230' title='bbox 2854 913 3099 975; x_wconf 84' lang='lat' dir='ltr'><strong>discedat,</strong></span> <span class='ocrx_word' id='word_1_231' title='bbox 3128 910 3283 981; x_wconf 84' lang='lat' dir='ltr'><strong>(mul—</strong></span> 
     </span>
    </p>
   </div>
   <div class='ocr_carea' id='block_1_40' title="bbox 1748 998 3282 1075">
    <p class='ocr_par' dir='ltr' id='par_1_40' title="bbox 1748 998 3282 1075">
     <span class='ocr_line' id='line_1_40' title="bbox 1748 998 3282 1075; baseline 0.005 -27"><span class='ocrx_word' id='word_1_232' title='bbox 1748 1006 1881 1075; x_wconf 35' lang='lat' dir='ltr'><strong>’tum</strong></span> <span class='ocrx_word' id='word_1_233' title='bbox 1923 1014 2031 1049; x_wconf 86' lang='lat' dir='ltr'><strong>var.</strong></span> <span class='ocrx_word' id='word_1_234' title='bbox 2056 998 2194 1066; x_wconf 79' lang='lat' dir='ltr'><strong>edd.)</strong></span> <span class='ocrx_word' id='word_1_235' title='bbox 2222 1008 2274 1051; x_wconf 90' lang='lat' dir='ltr'><strong>et</strong></span> <span class='ocrx_word' id='word_1_236' title='bbox 2297 999 2427 1051; x_wconf 87' lang='lat' dir='ltr'><strong>alius</strong></span> <span class='ocrx_word' id='word_1_237' title='bbox 2455 999 2772 1053; x_wconf 84' lang='lat' dir='ltr'><strong>interventor</strong></span> <span class='ocrx_word' id='word_1_238' title='bbox 2796 1001 2981 1067; x_wconf 90' lang='lat' dir='ltr'><strong>populo</strong></span> <span class='ocrx_word' id='word_1_239' title='bbox 3012 1002 3282 1067; x_wconf 84' lang='lat' dir='ltr'><strong>tribuatur,</strong></span> 
     </span>
    </p>
   </div>
   <div class='ocr_carea' id='block_1_41' title="bbox 1776 1083 2569 1152">
    <p class='ocr_par' dir='ltr' id='par_1_41' title="bbox 1776 1083 2569 1152">
     <span class='ocr_line' id='line_1_41' title="bbox 1776 1083 2569 1152; baseline 0.004 -17"><span class='ocrx_word' id='word_1_240' title='bbox 1776 1083 1863 1150; x_wconf 88' lang='lat' dir='ltr'><strong>qui</strong></span> <span class='ocrx_word' id='word_1_241' title='bbox 1889 1084 1937 1136; x_wconf 90' lang='lat' dir='ltr'><strong>ei</strong></span> <span class='ocrx_word' id='word_1_242' title='bbox 1963 1085 2256 1152; x_wconf 87' lang='lat' dir='ltr'><strong>epise0pum</strong></span> <span class='ocrx_word' id='word_1_243' title='bbox 2283 1086 2569 1151; x_wconf 82' lang='lat' dir='ltr'><strong>provideat.</strong></span> 
     </span>
    </p>
   </div>
   <div class='ocr_carea' id='block_1_42' title="bbox 1818 1170 2983 1242">
    <p class='ocr_par' dir='ltr' id='par_1_42' title="bbox 1818 1170 2983 1242">
     <span class='ocr_line' id='line_1_42' title="bbox 1818 1170 2983 1242; baseline -0.001 -17"><span class='ocrx_word' id='word_1_244' title='bbox 1818 1230 1821 1233; x_wconf 26' lang='grc' dir='ltr'><em>ν</em></span> <span class='ocrx_word' id='word_1_245' title='bbox 2112 1170 2286 1225; x_wconf 86' lang='lat' dir='ltr'><strong>Canon</strong></span> <span class='ocrx_word' id='word_1_246' title='bbox 2322 1172 2579 1242; x_wconf 84' lang='lat' dir='ltr'><strong>Regensis,</strong></span> <span class='ocrx_word' id='word_1_247' title='bbox 2620 1175 2644 1213; x_wconf 66' lang='grc' dir='ltr'><strong><em>κ</em></strong></span> <span class='ocrx_word' id='word_1_248' title='bbox 2683 1192 2785 1227; x_wconf 70' lang='lat' dir='ltr'><strong>trra</strong></span> <span class='ocrx_word' id='word_1_249' title='bbox 2804 1215 2815 1226; x_wconf 92' lang='lat'><strong>.</strong></span> <span class='ocrx_word' id='word_1_250' title='bbox 2840 1214 2853 1226; x_wconf 91' lang='lat'><strong>.</strong></span> <span class='ocrx_word' id='word_1_251' title='bbox 2873 1214 2884 1227; x_wconf 93' lang='lat'><strong>.</strong></span> <span class='ocrx_word' id='word_1_252' title='bbox 2907 1214 2918 1226; x_wconf 95' lang='lat'><strong>.</strong></span> <span class='ocrx_word' id='word_1_253' title='bbox 2946 1174 2983 1224; x_wconf 78' lang='grc' dir='ltr'>ι.</span> 
     </span>
    </p>
   </div>
   <div class='ocr_carea' id='block_1_43' title="bbox 1844 1258 3287 1330">
    <p class='ocr_par' dir='ltr' id='par_1_43' title="bbox 1844 1258 3287 1330">
     <span class='ocr_line' id='line_1_43' title="bbox 1844 1258 3287 1330; baseline 0.001 -19"><span class='ocrx_word' id='word_1_254' title='bbox 1844 1258 1929 1328; x_wconf 86' lang='lat' dir='ltr'><strong>(In</strong></span> <span class='ocrx_word' id='word_1_255' title='bbox 1963 1260 2078 1313; x_wconf 84' lang='lat' dir='ltr'><strong>edd.</strong></span> <span class='ocrx_word' id='word_1_256' title='bbox 2103 1276 2215 1311; x_wconf 88' lang='lat' dir='ltr'><strong>can.</strong></span> <span class='ocrx_word' id='word_1_257' title='bbox 2242 1260 2318 1330; x_wconf 86' lang='lat'><strong>7.)</strong></span> <span class='ocrx_word' id='word_1_258' title='bbox 2347 1272 2384 1299; x_wconf 79' lang='grc' dir='ltr'>ω</span> <span class='ocrx_word' id='word_1_259' title='bbox 2410 1260 2466 1314; x_wconf 83' lang='lat' dir='ltr'><strong>Si</strong></span> <span class='ocrx_word' id='word_1_260' title='bbox 2495 1262 2765 1327; x_wconf 85' lang='lat' dir='ltr'><strong>episcopus</strong></span> <span class='ocrx_word' id='word_1_261' title='bbox 2801 1262 2958 1314; x_wconf 89' lang='lat' dir='ltr'><strong>alium</strong></span> <span class='ocrx_word' id='word_1_262' title='bbox 2995 1262 3287 1329; x_wconf 84' lang='lat' dir='ltr'><strong>episcopum</strong></span> 
     </span>
    </p>
   </div>
   <div class='ocr_carea' id='block_1_44' title="bbox 1775 1346 3290 1415">
    <p class='ocr_par' dir='ltr' id='par_1_44' title="bbox 1775 1346 3290 1415">
     <span class='ocr_line' id='line_1_44' title="bbox 1775 1346 3290 1415; baseline 0.002 -18"><span class='ocrx_word' id='word_1_263' title='bbox 1775 1346 1978 1399; x_wconf 87' lang='lat' dir='ltr'><strong>venerit</strong></span> <span class='ocrx_word' id='word_1_264' title='bbox 2012 1346 2257 1413; x_wconf 88' lang='lat' dir='ltr'><strong>sepelire,</strong></span> <span class='ocrx_word' id='word_1_265' title='bbox 2296 1361 2460 1414; x_wconf 89' lang='lat' dir='ltr'><strong>usque</strong></span> <span class='ocrx_word' id='word_1_266' title='bbox 2499 1348 2561 1400; x_wconf 86' lang='lat' dir='ltr'><strong>ad</strong></span> <span class='ocrx_word' id='word_1_267' title='bbox 2596 1348 2931 1415; x_wconf 86' lang='lat' dir='ltr'><strong>septimanam</strong></span> <span class='ocrx_word' id='word_1_268' title='bbox 2966 1347 3193 1402; x_wconf 82' lang='lat' dir='ltr'><strong>defuncti</strong></span> <span class='ocrx_word' id='word_1_269' title='bbox 3231 1350 3290 1401; x_wconf 88' lang='lat' dir='ltr'><strong>li-</strong></span> 
     </span>
    </p>
   </div>
   <div class='ocr_carea' id='block_1_45' title="bbox 1774 1431 3283 1502">
    <p class='ocr_par' dir='ltr' id='par_1_45' title="bbox 1774 1431 3283 1502">
     <span class='ocr_line' id='line_1_45' title="bbox 1774 1431 3283 1502; baseline 0 -15"><span class='ocrx_word' id='word_1_270' title='bbox 1774 1441 1893 1487; x_wconf 90' lang='lat' dir='ltr'><strong>ceat</strong></span> <span class='ocrx_word' id='word_1_271' title='bbox 1918 1431 2031 1499; x_wconf 85' lang='lat' dir='ltr'><strong>ejus</strong></span> <span class='ocrx_word' id='word_1_272' title='bbox 2050 1435 2325 1502; x_wconf 78' lang='lat' dir='ltr'><strong>exsequias</strong></span> <span class='ocrx_word' id='word_1_273' title='bbox 2354 1436 2613 1489; x_wconf 88' lang='lat' dir='ltr'><strong>celebrare</strong></span> <span class='ocrx_word' id='word_1_274' title='bbox 2638 1451 2651 1495; x_wconf 88' lang='lat'><strong>;</strong></span> <span class='ocrx_word' id='word_1_275' title='bbox 2681 1435 2847 1495; x_wconf 82' lang='lat' dir='ltr'><strong>aliter,</strong></span> <span class='ocrx_word' id='word_1_276' title='bbox 2874 1434 2975 1485; x_wconf 88' lang='lat' dir='ltr'><strong>nisi</strong></span> <span class='ocrx_word' id='word_1_277' title='bbox 3008 1449 3101 1502; x_wconf 90' lang='lat' dir='ltr'><strong>per</strong></span> <span class='ocrx_word' id='word_1_278' title='bbox 3136 1451 3283 1487; x_wconf 82' lang='lat' dir='ltr'><strong>man-</strong></span> 
     </span>
    </p>
   </div>
   <div class='ocr_carea' id='block_1_46' title="bbox 1777 1510 3293 1589">
    <p class='ocr_par' dir='ltr' id='par_1_46' title="bbox 1777 1510 3293 1589">
     <span class='ocr_line' id='line_1_46' title="bbox 1777 1510 3293 1589; baseline 0.001 -17"><span class='ocrx_word' id='word_1_279' title='bbox 1777 1521 1953 1573; x_wconf 88' lang='lat' dir='ltr'><strong>datum</strong></span> <span class='ocrx_word' id='word_1_280' title='bbox 1982 1521 2379 1589; x_wconf 83' lang='lat' dir='ltr'><strong>metrOpolitani.</strong></span> <span class='ocrx_word' id='word_1_281' title='bbox 2412 1521 2486 1573; x_wconf 84' lang='lat' dir='ltr'><strong>Ne</strong></span> <span class='ocrx_word' id='word_1_282' title='bbox 2512 1510 2628 1588; x_wconf 87' lang='lat' dir='ltr'><strong>quis</strong></span> <span class='ocrx_word' id='word_1_283' title='bbox 2649 1524 3005 1589; x_wconf 84' lang='lat' dir='ltr'><strong>episcoporum</strong></span> <span class='ocrx_word' id='word_1_284' title='bbox 3036 1523 3099 1576; x_wconf 91' lang='lat' dir='ltr'><strong>ad</strong></span> <span class='ocrx_word' id='word_1_285' title='bbox 3125 1522 3293 1576; x_wconf 88' lang='lat' dir='ltr'><strong>eccle-</strong></span> 
     </span>
    </p>
   </div>
   <div class='ocr_carea' id='block_1_47' title="bbox 1778 1606 3292 1674">
    <p class='ocr_par' dir='ltr' id='par_1_47' title="bbox 1778 1606 3292 1674">
     <span class='ocr_line' id='line_1_47' title="bbox 1778 1606 3292 1674; baseline 0.003 -16"><span class='ocrx_word' id='word_1_286' title='bbox 1778 1606 1928 1669; x_wconf 89' lang='lat' dir='ltr'><strong>siam,</strong></span> <span class='ocrx_word' id='word_1_287' title='bbox 1959 1621 2074 1674; x_wconf 66' lang='lat' dir='ltr'><strong>quae</strong></span> <span class='ocrx_word' id='word_1_288' title='bbox 2098 1622 2248 1661; x_wconf 88' lang='lat' dir='ltr'><strong>suum</strong></span> <span class='ocrx_word' id='word_1_289' title='bbox 2274 1606 2511 1660; x_wconf 88' lang='lat' dir='ltr'><strong>amiserit</strong></span> <span class='ocrx_word' id='word_1_290' title='bbox 2527 1609 2868 1671; x_wconf 88' lang='lat' dir='ltr'><strong>sacerdotem,</strong></span> <span class='ocrx_word' id='word_1_291' title='bbox 2898 1611 3137 1673; x_wconf 86' lang='lat' dir='ltr'><strong>accedat,</strong></span> <span class='ocrx_word' id='word_1_292' title='bbox 3170 1622 3237 1664; x_wconf 90' lang='lat' dir='ltr'><strong>ne</strong></span> <span class='ocrx_word' id='word_1_293' title='bbox 3264 1624 3292 1662; x_wconf 85' lang='lat' dir='ltr'><strong>a</strong></span> 
     </span>
    </p>
   </div>
   <div class='ocr_carea' id='block_1_48' title="bbox 1778 1692 2263 1762">
    <p class='ocr_par' dir='ltr' id='par_1_48' title="bbox 1778 1692 2263 1762">
     <span class='ocr_line' id='line_1_48' title="bbox 1778 1692 2263 1762; baseline 0.004 -18"><span class='ocrx_word' id='word_1_294' title='bbox 1778 1692 1930 1761; x_wconf 88' lang='lat' dir='ltr'><strong>plebe</strong></span> <span class='ocrx_word' id='word_1_295' title='bbox 1957 1694 2263 1762; x_wconf 87' lang='lat' dir='ltr'><strong>decipiatur.</strong></span> 
     </span>
    </p>
   </div>
   <div class='ocr_carea' id='block_1_49' title="bbox 2120 1779 2956 1844">
    <p class='ocr_par' dir='ltr' id='par_1_49' title="bbox 2120 1779 2956 1844">
     <span class='ocr_line' id='line_1_49' title="bbox 2120 1779 2956 1844; baseline 0.004 -12"><span class='ocrx_word' id='word_1_296' title='bbox 2120 1779 2297 1833; x_wconf 83' lang='lat' dir='ltr'><strong>Conon</strong></span> <span class='ocrx_word' id='word_1_297' title='bbox 2325 1780 2632 1835; x_wconf 78' lang='lat' dir='ltr'><strong>Arelatensis</strong></span> <span class='ocrx_word' id='word_1_298' title='bbox 2657 1791 2701 1844; x_wconf 76' lang='grc' dir='ltr'><strong>ιι,</strong></span> <span class='ocrx_word' id='word_1_299' title='bbox 2739 1798 2842 1835; x_wconf 75' lang='lat' dir='ltr'><strong>mra</strong></span> <span class='ocrx_word' id='word_1_300' title='bbox 2869 1784 2956 1835; x_wconf 72' lang='lat'><strong>20.</strong></span> 
     </span>
    </p>
   </div>
   <div class='ocr_carea' id='block_1_50' title="bbox 1794 1856 3295 1938">
    <p class='ocr_par' dir='ltr' id='par_1_50' title="bbox 1794 1856 3295 1938">
     <span class='ocr_line' id='line_1_50' title="bbox 1794 1856 3295 1938; baseline 0.001 -18"><span class='ocrx_word' id='word_1_301' title='bbox 1794 1856 1797 1859; x_wconf 63' lang='grc'><em>’</em></span> <span class='ocrx_word' id='word_1_302' title='bbox 1845 1866 2144 1935; x_wconf 82' lang='lat' dir='ltr'><strong>Presbyteri</strong></span> <span class='ocrx_word' id='word_1_303' title='bbox 2163 1868 2243 1921; x_wconf 86' lang='lat' dir='ltr'><strong>vel</strong></span> <span class='ocrx_word' id='word_1_304' title='bbox 2264 1868 2465 1921; x_wconf 88' lang='lat' dir='ltr'><strong>diaconi</strong></span> <span class='ocrx_word' id='word_1_305' title='bbox 2486 1868 2503 1935; x_wconf 74' lang='grc' dir='ltr'>Ῐ</span> <span class='ocrx_word' id='word_1_306' title='bbox 2510 1870 2572 1921; x_wconf 94' lang='lat' dir='ltr'><strong>de</strong></span> <span class='ocrx_word' id='word_1_307' title='bbox 2592 1871 2907 1938; x_wconf 86' lang='lat' dir='ltr'><strong>presbyteris</strong></span> <span class='ocrx_word' id='word_1_308' title='bbox 2928 1870 3005 1923; x_wconf 87' lang='lat' dir='ltr'><strong>vel</strong></span> <span class='ocrx_word' id='word_1_309' title='bbox 3024 1868 3295 1937; x_wconf 88' lang='lat' dir='ltr'><strong>diaconis],</strong></span> 
     </span>
    </p>
   </div>
   <div class='ocr_carea' id='block_1_51' title="bbox 1778 1955 3299 2029">
    <p class='ocr_par' dir='ltr' id='par_1_51' title="bbox 1778 1955 3299 2029">
     <span class='ocr_line' id='line_1_51' title="bbox 1778 1955 3299 2029; baseline 0.003 -22"><span class='ocrx_word' id='word_1_310' title='bbox 1778 1956 1867 2023; x_wconf 92' lang='lat' dir='ltr'><strong>qui</strong></span> <span class='ocrx_word' id='word_1_311' title='bbox 1895 1955 2008 2009; x_wconf 87' lang='lat' dir='ltr'><strong>loca</strong></span> <span class='ocrx_word' id='word_1_312' title='bbox 2033 1971 2144 2019; x_wconf 82' lang='lat' dir='ltr'><strong>sua,</strong></span> <span class='ocrx_word' id='word_1_313' title='bbox 2180 1956 2232 2010; x_wconf 92' lang='lat' dir='ltr'><strong>in</strong></span> <span class='ocrx_word' id='word_1_314' title='bbox 2266 1958 2455 2024; x_wconf 88' lang='lat' dir='ltr'><strong>quibus</strong></span> <span class='ocrx_word' id='word_1_315' title='bbox 2479 1959 2703 2012; x_wconf 85' lang='lat' dir='ltr'><strong>ordinati</strong></span> <span class='ocrx_word' id='word_1_316' title='bbox 2736 1968 2874 2024; x_wconf 88' lang='lat' dir='ltr'><strong>sunt,</strong></span> <span class='ocrx_word' id='word_1_317' title='bbox 2912 1959 3101 2029; x_wconf 89' lang='lat' dir='ltr'><strong>[solent</strong></span> <span class='ocrx_word' id='word_1_318' title='bbox 3127 1960 3299 2012; x_wconf 90' lang='lat' dir='ltr'><strong>dimit-</strong></span> 
     </span>
    </p>
   </div>
   <div class='ocr_carea' id='block_1_52' title="bbox 1781 2042 3297 2115">
    <p class='ocr_par' dir='ltr' id='par_1_52' title="bbox 1781 2042 3297 2115">
     <span class='ocr_line' id='line_1_52' title="bbox 1781 2042 3297 2115; baseline 0.002 -19"><span class='ocrx_word' id='word_1_319' title='bbox 1781 2050 1892 2096; x_wconf 88' lang='lat' dir='ltr'><strong>tere</strong></span> <span class='ocrx_word' id='word_1_320' title='bbox 1921 2048 1976 2095; x_wconf 88' lang='lat' dir='ltr'><strong>et</strong></span> <span class='ocrx_word' id='word_1_321' title='bbox 2012 2042 2079 2096; x_wconf 89' lang='lat' dir='ltr'><strong>ad</strong></span> <span class='ocrx_word' id='word_1_322' title='bbox 2114 2042 2216 2095; x_wconf 85' lang='lat' dir='ltr'><strong>alia</strong></span> <span class='ocrx_word' id='word_1_323' title='bbox 2252 2042 2365 2096; x_wconf 87' lang='lat' dir='ltr'><strong>loca</strong></span> <span class='ocrx_word' id='word_1_324' title='bbox 2392 2058 2449 2096; x_wconf 90' lang='lat' dir='ltr'><strong>se</strong></span> <span class='ocrx_word' id='word_1_325' title='bbox 2477 2044 2817 2115; x_wconf 86' lang='lat' dir='ltr'><strong>transferunt]</strong></span> <span class='ocrx_word' id='word_1_326' title='bbox 2843 2046 3034 2112; x_wconf 89' lang='lat' dir='ltr'><strong>absque</strong></span> <span class='ocrx_word' id='word_1_327' title='bbox 3066 2043 3297 2111; x_wconf 74' lang='lat' dir='ltr'><strong>iussione</strong></span> 
     </span>
    </p>
   </div>
   <div class='ocr_carea' id='block_1_53' title="bbox 1783 2126 3293 2199">
    <p class='ocr_par' dir='ltr' id='par_1_53' title="bbox 1783 2126 3293 2199">
     <span class='ocr_line' id='line_1_53' title="bbox 1783 2126 3293 2199; baseline 0.001 -19"><span class='ocrx_word' id='word_1_328' title='bbox 1783 2126 1977 2197; x_wconf 81' lang='lat' dir='ltr'><strong>(Desid.</strong></span> <span class='ocrx_word' id='word_1_329' title='bbox 2004 2129 2058 2181; x_wconf 84' lang='lat' dir='ltr'><strong>in</strong></span> <span class='ocrx_word' id='word_1_330' title='bbox 2083 2128 2223 2198; x_wconf 82' lang='lat' dir='ltr'><strong>edd.)</strong></span> <span class='ocrx_word' id='word_1_331' title='bbox 2252 2130 2479 2199; x_wconf 89' lang='lat' dir='ltr'><strong>episcopi</strong></span> <span class='ocrx_word' id='word_1_332' title='bbox 2510 2130 2589 2183; x_wconf 86' lang='lat' dir='ltr'><strong>sui</strong></span> <span class='ocrx_word' id='word_1_333' title='bbox 2616 2131 2925 2195; x_wconf 80' lang='lat' dir='ltr'><strong>dimiserint,</strong></span> <span class='ocrx_word' id='word_1_334' title='bbox 2953 2131 3293 2199; x_wconf 83' lang='lat' dir='ltr'><strong>deponantur.</strong></span> 
     </span>
    </p>
   </div>
   <div class='ocr_carea' id='block_1_54' title="bbox 2347 2240 2729 2300">
    <p class='ocr_par' dir='ltr' id='par_1_54' title="bbox 2347 2240 2729 2300">
     <span class='ocr_line' id='line_1_54' title="bbox 2347 2240 2729 2300; baseline -0.003 -2"><span class='ocrx_word' id='word_1_335' title='bbox 2347 2242 2568 2299; x_wconf 82' lang='lat' dir='ltr'><strong>CAPUT</strong></span> <span class='ocrx_word' id='word_1_336' title='bbox 2597 2240 2729 2300; x_wconf 76' lang='lat' dir='ltr'><strong>XVI.</strong></span> 
     </span>
    </p>
   </div>
   <div class='ocr_carea' id='block_1_55' title="bbox 1882 2342 3199 2395">
    <p class='ocr_par' dir='ltr' id='par_1_55' title="bbox 1882 2342 3199 2395">
     <span class='ocr_line' id='line_1_55' title="bbox 1882 2342 3199 2395; baseline 0.004 -15"><span class='ocrx_word' id='word_1_337' title='bbox 1882 2342 1945 2381; x_wconf 68' lang='lat' dir='ltr'><strong>ne</strong></span> <span class='ocrx_word' id='word_1_338' title='bbox 1979 2343 2278 2383; x_wconf 70' lang='lat' dir='ltr'><strong>PBBEGRINIS</strong></span> <span class='ocrx_word' id='word_1_339' title='bbox 2303 2346 2574 2393; x_wconf 79' lang='lat' dir='ltr'><strong>EPISCOPIS,</strong></span> <span class='ocrx_word' id='word_1_340' title='bbox 2606 2348 2700 2384; x_wconf 73' lang='grc' dir='ltr'><strong>νει.</strong></span> <span class='ocrx_word' id='word_1_341' title='bbox 2738 2348 2987 2395; x_wconf 65' lang='grc' dir='ltr'><strong>(ςιῑιιιεις,</strong></span> <span class='ocrx_word' id='word_1_342' title='bbox 3018 2347 3107 2386; x_wconf 68' lang='lat' dir='ltr'><strong>seu</strong></span> <span class='ocrx_word' id='word_1_343' title='bbox 3137 2350 3199 2385; x_wconf 65' lang='lat' dir='ltr'><strong>an</strong></span> 
     </span>
    </p>
   </div>
   <div class='ocr_carea' id='block_1_56' title="bbox 2186 2412 2897 2453">
    <p class='ocr_par' dir='ltr' id='par_1_56' title="bbox 2186 2412 2897 2453">
     <span class='ocr_line' id='line_1_56' title="bbox 2186 2412 2897 2453; baseline 0.001 -3"><span class='ocrx_word' id='word_1_344' title='bbox 2186 2412 2490 2453; x_wconf 62' lang='lat' dir='ltr'><strong>COIITATUI</strong></span> <span class='ocrx_word' id='word_1_345' title='bbox 2536 2416 2897 2453; x_wconf 70' lang='lat' dir='ltr'><strong>PBBGENTIBL‘S.</strong></span> 
     </span>
    </p>
   </div>
   <div class='ocr_carea' id='block_1_57' title="bbox 2088 2484 2998 2551">
    <p class='ocr_par' dir='ltr' id='par_1_57' title="bbox 2088 2484 2998 2551">
     <span class='ocr_line' id='line_1_57' title="bbox 2088 2484 2998 2551; baseline 0.002 -12"><span class='ocrx_word' id='word_1_346' title='bbox 2088 2493 2112 2521; x_wconf 90' lang='lat'><strong><em>°</em></strong></span> <span class='ocrx_word' id='word_1_347' title='bbox 2150 2484 2326 2541; x_wconf 82' lang='lat' dir='ltr'><strong>Canon</strong></span> <span class='ocrx_word' id='word_1_348' title='bbox 2359 2489 2748 2551; x_wconf 79' lang='lat' dir='ltr'><strong>Aurelianensis,</strong></span> <span class='ocrx_word' id='word_1_349' title='bbox 2790 2507 2890 2543; x_wconf 70' lang='lat' dir='ltr'><strong>trra</strong></span> <span class='ocrx_word' id='word_1_350' title='bbox 2918 2491 2998 2543; x_wconf 84' lang='lat' dir='ltr'><strong>l9.</strong></span> 
     </span>
    </p>
   </div>
   <div class='ocr_carea' id='block_1_58' title="bbox 1850 2571 3301 2646">
    <p class='ocr_par' dir='ltr' id='par_1_58' title="bbox 1850 2571 3301 2646">
     <span class='ocr_line' id='line_1_58' title="bbox 1850 2571 3301 2646; baseline 0.006 -22"><span class='ocrx_word' id='word_1_351' title='bbox 1850 2571 2142 2641; x_wconf 85' lang='lat' dir='ltr'><strong>Peregrinis</strong></span> <span class='ocrx_word' id='word_1_352' title='bbox 2168 2575 2445 2643; x_wconf 86' lang='lat' dir='ltr'><strong>episcopis,</strong></span> <span class='ocrx_word' id='word_1_353' title='bbox 2470 2592 2587 2630; x_wconf 87' lang='lat' dir='ltr'><strong>cum</strong></span> <span class='ocrx_word' id='word_1_354' title='bbox 2617 2578 2670 2630; x_wconf 92' lang='lat' dir='ltr'><strong>in</strong></span> <span class='ocrx_word' id='word_1_355' title='bbox 2695 2579 2825 2631; x_wconf 88' lang='lat' dir='ltr'><strong>urbe</strong></span> <span class='ocrx_word' id='word_1_356' title='bbox 2845 2579 3071 2643; x_wconf 88' lang='lat' dir='ltr'><strong>veniunt,</strong></span> <span class='ocrx_word' id='word_1_357' title='bbox 3108 2579 3301 2646; x_wconf 79' lang='lat' dir='ltr'><strong>placuit</strong></span> 
     </span>
    </p>
   </div>
   <div class='ocr_carea' id='block_1_59' title="bbox 1784 2658 2981 2729">
    <p class='ocr_par' dir='ltr' id='par_1_59' title="bbox 1784 2658 2981 2729">
     <span class='ocr_line' id='line_1_59' title="bbox 1784 2658 2981 2729; baseline 0.005 -19"><span class='ocrx_word' id='word_1_358' title='bbox 1784 2658 1954 2713; x_wconf 88' lang='lat' dir='ltr'><strong>locum</strong></span> <span class='ocrx_word' id='word_1_359' title='bbox 1978 2660 2120 2722; x_wconf 85' lang='lat' dir='ltr'><strong>dare,</strong></span> <span class='ocrx_word' id='word_1_360' title='bbox 2149 2668 2207 2713; x_wconf 90' lang='lat' dir='ltr'><strong>ut</strong></span> <span class='ocrx_word' id='word_1_361' title='bbox 2232 2659 2472 2714; x_wconf 72' lang='lat' dir='ltr'><strong>offerant.</strong></span> <span class='ocrx_word' id='word_1_362' title='bbox 2976 2726 2981 2729; x_wconf 97' lang='lat'><em>_</em></span> 
     </span>
    </p>
   </div>
   <div class='ocr_carea' id='block_1_60' title="bbox 2158 2748 2931 2816">
    <p class='ocr_par' dir='ltr' id='par_1_60' title="bbox 2158 2748 2931 2816">
     <span class='ocr_line' id='line_1_60' title="bbox 2158 2748 2931 2816; baseline 0.004 -17"><span class='ocrx_word' id='word_1_363' title='bbox 2158 2759 2185 2798; x_wconf 83' lang='lat' dir='ltr'><strong>P</strong></span> <span class='ocrx_word' id='word_1_364' title='bbox 2222 2748 2398 2802; x_wconf 74' lang='lat' dir='ltr'><strong>Conon</strong></span> <span class='ocrx_word' id='word_1_365' title='bbox 2428 2748 2687 2816; x_wconf 66' lang='lat' dir='ltr'><strong>Nicasius,</strong></span> <span class='ocrx_word' id='word_1_366' title='bbox 2717 2768 2821 2804; x_wconf 77' lang='lat' dir='ltr'><strong>trra</strong></span> <span class='ocrx_word' id='word_1_367' title='bbox 2852 2752 2931 2804; x_wconf 73' lang='lat'><strong>10.</strong></span> 
     </span>
    </p>
   </div>
   <div class='ocr_carea' id='block_1_61' title="bbox 1850 2837 3302 2908">
    <p class='ocr_par' dir='ltr' id='par_1_61' title="bbox 1850 2837 3302 2908">
     <span class='ocr_line' id='line_1_61' title="bbox 1850 2837 3302 2908; baseline 0.004 -21"><span class='ocrx_word' id='word_1_368' title='bbox 1850 2848 1877 2887; x_wconf 71' lang='grc' dir='ltr'><strong>«ι</strong></span> <span class='ocrx_word' id='word_1_369' title='bbox 1914 2837 2204 2908; x_wconf 84' lang='lat' dir='ltr'><strong>Episc0pus</strong></span> <span class='ocrx_word' id='word_1_370' title='bbox 2238 2841 2325 2907; x_wconf 89' lang='lat' dir='ltr'><strong>qui</strong></span> <span class='ocrx_word' id='word_1_371' title='bbox 2372 2840 2423 2892; x_wconf 91' lang='lat' dir='ltr'><strong>in</strong></span> <span class='ocrx_word' id='word_1_372' title='bbox 2473 2841 2638 2894; x_wconf 85' lang='lat' dir='ltr'><strong>canali</strong></span> <span class='ocrx_word' id='word_1_373' title='bbox 2686 2842 2993 2895; x_wconf 86' lang='lat' dir='ltr'><strong>constitutus</strong></span> <span class='ocrx_word' id='word_1_374' title='bbox 3036 2848 3136 2902; x_wconf 82' lang='lat' dir='ltr'><strong>est,</strong></span> <span class='ocrx_word' id='word_1_375' title='bbox 3186 2858 3302 2893; x_wconf 87' lang='lat' dir='ltr'><strong>cum</strong></span> 
     </span>
    </p>
   </div>
   <div class='ocr_carea' id='block_1_62' title="bbox 1782 2925 3335 2995">
    <p class='ocr_par' dir='ltr' id='par_1_62' title="bbox 1782 2925 3335 2995">
     <span class='ocr_line' id='line_1_62' title="bbox 1782 2925 3335 2995; baseline 0.003 -20"><span class='ocrx_word' id='word_1_376' title='bbox 1782 2925 2201 2992; x_wconf 74' lang='lat' dir='ltr'><strong>progredientem</strong></span> <span class='ocrx_word' id='word_1_377' title='bbox 2225 2928 2522 2994; x_wconf 82' lang='lat' dir='ltr'><strong>episcOpum</strong></span> <span class='ocrx_word' id='word_1_378' title='bbox 2549 2927 2754 2989; x_wconf 86' lang='lat' dir='ltr'><strong>viderit,</strong></span> <span class='ocrx_word' id='word_1_379' title='bbox 2779 2928 3007 2995; x_wconf 86' lang='lat' dir='ltr'><strong>inquirat</strong></span> <span class='ocrx_word' id='word_1_380' title='bbox 3028 2930 3300 2982; x_wconf 87' lang='lat' dir='ltr'><strong>transitum</strong></span> <span class='ocrx_word' id='word_1_381' title='bbox 3328 2980 3335 2989; x_wconf 71' lang='grc'>,</span> 
     </span>
    </p>
   </div>
   <div class='ocr_carea' id='block_1_63' title="bbox 232 3010 3299 3120">
    <p class='ocr_par' dir='ltr' id='par_1_63' title="bbox 232 3010 3299 3120">
     <span class='ocr_line' id='line_1_63' title="bbox 232 3010 3299 3120; baseline 0 -52"><span class='ocrx_word' id='word_1_382' title='bbox 232 3027 259 3053; x_wconf 77' lang='grc'><strong>⁸</strong></span> <span class='ocrx_word' id='word_1_383' title='bbox 297 3014 517 3070; x_wconf 74' lang='lat' dir='ltr'><strong>Ministri</strong></span> <span class='ocrx_word' id='word_1_384' title='bbox 554 3016 607 3069; x_wconf 90' lang='lat' dir='ltr'><strong>in</strong></span> <span class='ocrx_word' id='word_1_385' title='bbox 628 3015 1021 3085; x_wconf 88' lang='lat' dir='ltr'><strong>quibuscunque</strong></span> <span class='ocrx_word' id='word_1_386' title='bbox 1053 3014 1180 3068; x_wconf 91' lang='lat' dir='ltr'><strong>locis</strong></span> <span class='ocrx_word' id='word_1_387' title='bbox 1212 3013 1437 3068; x_wconf 90' lang='lat' dir='ltr'><strong>ordinati</strong></span> <span class='ocrx_word' id='word_1_388' title='bbox 1468 3012 1680 3078; x_wconf 91' lang='lat' dir='ltr'><strong>fuerint,</strong></span> <span class='ocrx_word' id='word_1_389' title='bbox 1710 3057 1755 3120; x_wconf 71' lang='grc' dir='ltr'><strong>Ο</strong></span> <span class='ocrx_word' id='word_1_390' title='bbox 1782 3010 1913 3078; x_wconf 91' lang='lat' dir='ltr'><strong>ejus,</strong></span> <span class='ocrx_word' id='word_1_391' title='bbox 1946 3026 2232 3081; x_wconf 86' lang='lat' dir='ltr'><strong>causasque</strong></span> <span class='ocrx_word' id='word_1_392' title='bbox 2286 3013 2478 3079; x_wconf 89' lang='lat' dir='ltr'><strong>videat,</strong></span> <span class='ocrx_word' id='word_1_393' title='bbox 2520 3030 2622 3082; x_wconf 89' lang='lat' dir='ltr'><strong>quo</strong></span> <span class='ocrx_word' id='word_1_394' title='bbox 2659 3016 2836 3069; x_wconf 89' lang='lat' dir='ltr'><strong>tendat</strong></span> <span class='ocrx_word' id='word_1_395' title='bbox 2870 3024 3134 3084; x_wconf 76' lang='lat' dir='ltr'><strong>agnoscat.</strong></span> <span class='ocrx_word' id='word_1_396' title='bbox 3166 3016 3231 3069; x_wconf 83' lang='lat' dir='ltr'><strong>Et</strong></span> <span class='ocrx_word' id='word_1_397' title='bbox 3259 3018 3299 3069; x_wconf 87' lang='lat' dir='ltr'><strong>si</strong></span> 
     </span>
    </p>
   </div>
   <div class='ocr_carea' id='block_1_64' title="bbox 155 3104 800 3174">
    <p class='ocr_par' dir='ltr' id='par_1_64' title="bbox 155 3104 800 3174">
     <span class='ocr_line' id='line_1_64' title="bbox 155 3104 800 3174; baseline 0.002 -19"><span class='ocrx_word' id='word_1_398' title='bbox 155 3104 215 3156; x_wconf 86' lang='lat' dir='ltr'><strong>in</strong></span> <span class='ocrx_word' id='word_1_399' title='bbox 248 3104 377 3174; x_wconf 87' lang='lat' dir='ltr'><strong>ipsis</strong></span> <span class='ocrx_word' id='word_1_400' title='bbox 404 3112 736 3173; x_wconf 88' lang='lat' dir='ltr'><strong>perseverent</strong></span> <span class='ocrx_word' id='word_1_401' title='bbox 758 3104 800 3155; x_wconf 75' lang='grc' dir='ltr'><strong>ι.</strong></span> 
     </span>
    </p>
   </div>
   <div class='ocr_carea' id='block_1_65' title="bbox 795 3189 1049 3243">
    <p class='ocr_par' dir='ltr' id='par_1_65' title="bbox 795 3189 1049 3243">
     <span class='ocr_line' id='line_1_65' title="bbox 795 3189 1049 3243; baseline -0.004 0"><span class='ocrx_word' id='word_1_402' title='bbox 795 3189 928 3243; x_wconf 68' lang='grc' dir='ltr'><strong>ίΕτα</strong></span> <span class='ocrx_word' id='word_1_403' title='bbox 962 3190 1049 3242; x_wconf 69' lang='grc'><strong>90.</strong></span> 
     </span>
    </p>
   </div>
   <div class='ocr_carea' id='block_1_66' title="bbox 235 3277 1683 3345">
    <p class='ocr_par' dir='ltr' id='par_1_66' title="bbox 235 3277 1683 3345">
     <span class='ocr_line' id='line_1_66' title="bbox 235 3277 1683 3345; baseline -0.005 -9"><span class='ocrx_word' id='word_1_404' title='bbox 235 3282 261 3319; x_wconf 79' lang='grc'><strong><em>⁸</em></strong></span> <span class='ocrx_word' id='word_1_405' title='bbox 299 3280 446 3345; x_wconf 79' lang='lat' dir='ltr'><strong>Quod</strong></span> <span class='ocrx_word' id='word_1_406' title='bbox 471 3281 514 3333; x_wconf 89' lang='lat' dir='ltr'><strong>si</strong></span> <span class='ocrx_word' id='word_1_407' title='bbox 541 3280 607 3335; x_wconf 90' lang='lat' dir='ltr'><strong>ad</strong></span> <span class='ocrx_word' id='word_1_408' title='bbox 631 3281 789 3335; x_wconf 89' lang='lat' dir='ltr'><strong>alium</strong></span> <span class='ocrx_word' id='word_1_409' title='bbox 813 3280 983 3335; x_wconf 91' lang='lat' dir='ltr'><strong>locum</strong></span> <span class='ocrx_word' id='word_1_410' title='bbox 1011 3295 1066 3333; x_wconf 86' lang='lat' dir='ltr'><strong>se</strong></span> <span class='ocrx_word' id='word_1_411' title='bbox 1097 3277 1379 3333; x_wconf 84' lang='lat' dir='ltr'><strong>transferre</strong></span> <span class='ocrx_word' id='word_1_412' title='bbox 1404 3278 1683 3341; x_wconf 89' lang='lat' dir='ltr'><strong>voluerint,</strong></span> 
     </span>
    </p>
   </div>
   <div class='ocr_carea' id='block_1_67' title="bbox 155 3367 511 3436">
    <p class='ocr_par' dir='ltr' id='par_1_67' title="bbox 155 3367 511 3436">
     <span class='ocr_line' id='line_1_67' title="bbox 155 3367 511 3436; baseline -0.003 -15"><span class='ocrx_word' id='word_1_413' title='bbox 155 3367 511 3436; x_wconf 90' lang='lat' dir='ltr'><strong>deponantur.</strong></span> 
     </span>
    </p>
   </div>
   <div class='ocr_carea' id='block_1_68' title="bbox 544 3455 1305 3521">
    <p class='ocr_par' dir='ltr' id='par_1_68' title="bbox 544 3455 1305 3521">
     <span class='ocr_line' id='line_1_68' title="bbox 544 3455 1305 3521; baseline -0.001 -11"><span class='ocrx_word' id='word_1_414' title='bbox 544 3455 718 3510; x_wconf 82' lang='lat' dir='ltr'><strong>Conon</strong></span> <span class='ocrx_word' id='word_1_415' title='bbox 748 3456 1009 3521; x_wconf 70' lang='lat' dir='ltr'><strong>Nicwnus,</strong></span> <span class='ocrx_word' id='word_1_416' title='bbox 1041 3473 1143 3509; x_wconf 68' lang='lat' dir='ltr'><strong>arra</strong></span> <span class='ocrx_word' id='word_1_417' title='bbox 1168 3456 1226 3509; x_wconf 72' lang='grc'><strong>21</strong></span> <span class='ocrx_word' id='word_1_418' title='bbox 1260 3458 1305 3509; x_wconf 75' lang='grc' dir='ltr'><strong>ιι.</strong></span> 
     </span>
    </p>
   </div>
   <div class='ocr_carea' id='block_1_69' title="bbox 232 3543 1689 3615">
    <p class='ocr_par' dir='ltr' id='par_1_69' title="bbox 232 3543 1689 3615">
     <span class='ocr_line' id='line_1_69' title="bbox 232 3543 1689 3615; baseline -0.002 -15"><span class='ocrx_word' id='word_1_419' title='bbox 232 3546 292 3600; x_wconf 87' lang='lat' dir='ltr'><strong>Si</strong></span> <span class='ocrx_word' id='word_1_420' title='bbox 321 3547 594 3615; x_wconf 88' lang='lat' dir='ltr'><strong>cpiscopus</strong></span> <span class='ocrx_word' id='word_1_421' title='bbox 627 3544 690 3597; x_wconf 90' lang='lat' dir='ltr'><strong>de</strong></span> <span class='ocrx_word' id='word_1_422' title='bbox 728 3544 935 3597; x_wconf 88' lang='lat' dir='ltr'><strong>civitate</strong></span> <span class='ocrx_word' id='word_1_423' title='bbox 977 3559 1069 3597; x_wconf 87' lang='lat' dir='ltr'><strong>sua</strong></span> <span class='ocrx_word' id='word_1_424' title='bbox 1105 3543 1401 3597; x_wconf 88' lang='lat' dir='ltr'><strong>ambitionis</strong></span> <span class='ocrx_word' id='word_1_425' title='bbox 1431 3558 1588 3597; x_wconf 91' lang='lat' dir='ltr'><strong>causa</strong></span> <span class='ocrx_word' id='word_1_426' title='bbox 1621 3545 1689 3598; x_wconf 84' lang='lat' dir='ltr'><strong>ad</strong></span> 
     </span>
    </p>
   </div>
   <div class='ocr_carea' id='block_1_70' title="bbox 156 3632 1683 3703">
    <p class='ocr_par' dir='ltr' id='par_1_70' title="bbox 156 3632 1683 3703">
     <span class='ocr_line' id='line_1_70' title="bbox 156 3632 1683 3703; baseline -0.004 -13"><span class='ocrx_word' id='word_1_427' title='bbox 156 3635 318 3690; x_wconf 87' lang='lat' dir='ltr'><strong>aliam</strong></span> <span class='ocrx_word' id='word_1_428' title='bbox 347 3634 665 3703; x_wconf 77' lang='lat' dir='ltr'><strong>migraverit,</strong></span> <span class='ocrx_word' id='word_1_429' title='bbox 688 3648 784 3687; x_wconf 87' lang='lat' dir='ltr'><strong>nec</strong></span> <span class='ocrx_word' id='word_1_430' title='bbox 807 3632 939 3687; x_wconf 85' lang='lat' dir='ltr'><strong>laiea</strong></span> <span class='ocrx_word' id='word_1_431' title='bbox 965 3634 1013 3687; x_wconf 91' lang='lat' dir='ltr'><strong>ei</strong></span> <span class='ocrx_word' id='word_1_432' title='bbox 1038 3633 1333 3687; x_wconf 83' lang='lat' dir='ltr'><strong>communio</strong></span> <span class='ocrx_word' id='word_1_433' title='bbox 1353 3633 1683 3687; x_wconf 87' lang='lat' dir='ltr'><strong>concedatur.</strong></span> 
     </span>
    </p>
   </div>
   <div class='ocr_carea' id='block_1_71' title="bbox 792 3724 1061 3778">
    <p class='ocr_par' dir='ltr' id='par_1_71' title="bbox 792 3724 1061 3778">
     <span class='ocr_line' id='line_1_71' title="bbox 792 3724 1061 3778; baseline -0.007 0"><span class='ocrx_word' id='word_1_434' title='bbox 792 3724 925 3778; x_wconf 63' lang='lat' dir='ltr'><strong>Era</strong></span> <span class='ocrx_word' id='word_1_435' title='bbox 962 3724 1061 3776; x_wconf 59' lang='lat' dir='ltr'><strong>22f</strong></span> 
     </span>
    </p>
   </div>
   <div class='ocr_carea' id='block_1_72' title="bbox 232 3812 1690 3881">
    <p class='ocr_par' dir='ltr' id='par_1_72' title="bbox 232 3812 1690 3881">
     <span class='ocr_line' id='line_1_72' title="bbox 232 3812 1690 3881; baseline -0.001 -15"><span class='ocrx_word' id='word_1_436' title='bbox 232 3817 245 3851; x_wconf 69' lang='grc' dir='ltr'><strong>ί</strong></span> <span class='ocrx_word' id='word_1_437' title='bbox 285 3813 350 3866; x_wconf 86' lang='lat' dir='ltr'><strong>Ut</strong></span> <span class='ocrx_word' id='word_1_438' title='bbox 387 3814 657 3881; x_wconf 89' lang='lat' dir='ltr'><strong>episcopus</strong></span> <span class='ocrx_word' id='word_1_439' title='bbox 699 3812 763 3864; x_wconf 89' lang='lat' dir='ltr'><strong>ad</strong></span> <span class='ocrx_word' id='word_1_440' title='bbox 803 3812 956 3863; x_wconf 86' lang='lat' dir='ltr'><strong>aliam</strong></span> <span class='ocrx_word' id='word_1_441' title='bbox 990 3812 1330 3879; x_wconf 86' lang='lat' dir='ltr'><strong>provinciam,</strong></span> <span class='ocrx_word' id='word_1_442' title='bbox 1366 3812 1416 3863; x_wconf 92' lang='lat' dir='ltr'><strong>in</strong></span> <span class='ocrx_word' id='word_1_443' title='bbox 1443 3826 1542 3878; x_wconf 88' lang='lat' dir='ltr'><strong>qua</strong></span> <span class='ocrx_word' id='word_1_444' title='bbox 1569 3820 1690 3865; x_wconf 90' lang='lat' dir='ltr'><strong>sunt</strong></span> 
     </span>
    </p>
   </div>
   <div class='ocr_carea' id='block_1_73' title="bbox 78 3898 1683 3970">
    <p class='ocr_par' dir='ltr' id='par_1_73' title="bbox 78 3898 1683 3970">
     <span class='ocr_line' id='line_1_73' title="bbox 78 3898 1683 3970; baseline 0.001 -16"><span class='ocrx_word' id='word_1_445' title='bbox 78 3902 83 3903; x_wconf 59' lang='grc'><strong><em>⁷</em></strong></span> <span class='ocrx_word' id='word_1_446' title='bbox 154 3902 415 3970; x_wconf 81' lang='lat' dir='ltr'><strong>episcopi,</strong></span> <span class='ocrx_word' id='word_1_447' title='bbox 434 3916 535 3953; x_wconf 87' lang='lat' dir='ltr'><strong>non</strong></span> <span class='ocrx_word' id='word_1_448' title='bbox 564 3908 811 3963; x_wconf 86' lang='lat' dir='ltr'><strong>transeat,</strong></span> <span class='ocrx_word' id='word_1_449' title='bbox 835 3901 932 3953; x_wconf 91' lang='lat' dir='ltr'><strong>nisi</strong></span> <span class='ocrx_word' id='word_1_450' title='bbox 956 3898 1085 3953; x_wconf 82' lang='lat' dir='ltr'><strong>forte</strong></span> <span class='ocrx_word' id='word_1_451' title='bbox 1106 3916 1133 3952; x_wconf 92' lang='lat' dir='ltr'><strong>a</strong></span> <span class='ocrx_word' id='word_1_452' title='bbox 1155 3900 1402 3955; x_wconf 84' lang='lat' dir='ltr'><strong>fratribus</strong></span> <span class='ocrx_word' id='word_1_453' title='bbox 1419 3903 1683 3956; x_wconf 86' lang='lat' dir='ltr'><strong>invitetur.</strong></span> 
     </span>
    </p>
   </div>
   <div class='ocr_carea' id='block_1_74' title="bbox 236 4029 1684 4097">
    <p class='ocr_par' dir='ltr' id='par_1_74' title="bbox 236 4029 1684 4097">
     <span class='ocr_line' id='line_1_74' title="bbox 236 4029 1684 4097; baseline 0.001 -15"><span class='ocrx_word' id='word_1_454' title='bbox 236 4042 259 4067; x_wconf 78' lang='grc' dir='ltr'>ι</span> <span class='ocrx_word' id='word_1_455' title='bbox 304 4029 358 4082; x_wconf 83' lang='lat' dir='ltr'><strong>in</strong></span> <span class='ocrx_word' id='word_1_456' title='bbox 408 4029 489 4082; x_wconf 92' lang='lat' dir='ltr'><strong>ed.</strong></span> <span class='ocrx_word' id='word_1_457' title='bbox 534 4044 783 4083; x_wconf 86' lang='lat' dir='ltr'><strong>numerus</strong></span> <span class='ocrx_word' id='word_1_458' title='bbox 824 4044 925 4082; x_wconf 90' lang='lat' dir='ltr'><strong>non</strong></span> <span class='ocrx_word' id='word_1_459' title='bbox 961 4031 1383 4097; x_wconf 71' lang='lat' dir='ltr'><strong>pnetcrgreditur</strong></span> <span class='ocrx_word' id='word_1_460' title='bbox 1426 4046 1541 4085; x_wconf 88' lang='lat' dir='ltr'><strong>can.</strong></span> <span class='ocrx_word' id='word_1_461' title='bbox 1582 4031 1684 4095; x_wconf 70' lang='lat'><strong>40;</strong></span> 
     </span>
    </p>
   </div>
   <div class='ocr_carea' id='block_1_75' title="bbox 156 4098 1646 4151">
    <p class='ocr_par' dir='ltr' id='par_1_75' title="bbox 156 4098 1646 4151">
     <span class='ocr_line' id='line_1_75' title="bbox 156 4098 1646 4151; baseline 0 -2"><span class='ocrx_word' id='word_1_462' title='bbox 156 4098 302 4150; x_wconf 87' lang='lat' dir='ltr'><strong>unde</strong></span> <span class='ocrx_word' id='word_1_463' title='bbox 324 4099 419 4150; x_wconf 88' lang='lat' dir='ltr'><strong>iste</strong></span> <span class='ocrx_word' id='word_1_464' title='bbox 447 4114 612 4151; x_wconf 87' lang='lat' dir='ltr'><strong>canon</strong></span> <span class='ocrx_word' id='word_1_465' title='bbox 641 4108 693 4150; x_wconf 87' lang='lat' dir='ltr'><strong>et</strong></span> <span class='ocrx_word' id='word_1_466' title='bbox 717 4099 801 4149; x_wconf 87' lang='lat' dir='ltr'><strong>alii</strong></span> <span class='ocrx_word' id='word_1_467' title='bbox 828 4099 1206 4151; x_wconf 81' lang='lat' dir='ltr'><strong>desiderantur.</strong></span> <span class='ocrx_word' id='word_1_468' title='bbox 1642 4107 1646 4111; x_wconf 81' lang='lat'><strong><em>‘</em></strong></span> 
     </span>
    </p>
   </div>
   <div class='ocr_carea' id='block_1_76' title="bbox 236 4164 1225 4234">
    <p class='ocr_par' dir='ltr' id='par_1_76' title="bbox 236 4164 1225 4234">
     <span class='ocr_line' id='line_1_76' title="bbox 236 4164 1225 4234; baseline 0 -17"><span class='ocrx_word' id='word_1_469' title='bbox 236 4166 263 4204; x_wconf 70' lang='grc' dir='ltr'>δ</span> <span class='ocrx_word' id='word_1_470' title='bbox 305 4164 496 4234; x_wconf 73' lang='lat' dir='ltr'><strong>Parum</strong></span> <span class='ocrx_word' id='word_1_471' title='bbox 516 4166 688 4234; x_wconf 84' lang='lat' dir='ltr'><strong>dill&#39;ert</strong></span> <span class='ocrx_word' id='word_1_472' title='bbox 707 4168 772 4218; x_wconf 90' lang='lat' dir='ltr'><strong>ab</strong></span> <span class='ocrx_word' id='word_1_473' title='bbox 796 4167 982 4233; x_wconf 89' lang='lat' dir='ltr'><strong>interp.</strong></span> <span class='ocrx_word' id='word_1_474' title='bbox 1006 4167 1225 4234; x_wconf 81' lang='lat' dir='ltr'><strong>Dionys.</strong></span> 
     </span>
    </p>
   </div>
   <div class='ocr_carea' id='block_1_77' title="bbox 236 4233 1118 4301">
    <p class='ocr_par' dir='ltr' id='par_1_77' title="bbox 236 4233 1118 4301">
     <span class='ocr_line' id='line_1_77' title="bbox 236 4233 1118 4301; baseline 0.001 -18"><span class='ocrx_word' id='word_1_475' title='bbox 236 4242 258 4267; x_wconf 66' lang='grc' dir='ltr'><strong>θ</strong></span> <span class='ocrx_word' id='word_1_476' title='bbox 303 4233 495 4301; x_wconf 72' lang='lat' dir='ltr'><strong>interp.</strong></span> <span class='ocrx_word' id='word_1_477' title='bbox 525 4250 619 4285; x_wconf 90' lang='lat' dir='ltr'><strong>nec</strong></span> <span class='ocrx_word' id='word_1_478' title='bbox 640 4233 848 4300; x_wconf 79' lang='lat' dir='ltr'><strong>Dinnys.</strong></span> <span class='ocrx_word' id='word_1_479' title='bbox 879 4248 974 4285; x_wconf 87' lang='lat' dir='ltr'><strong>nec</strong></span> <span class='ocrx_word' id='word_1_480' title='bbox 1001 4233 1118 4285; x_wconf 83' lang='lat' dir='ltr'><strong>Isid.</strong></span> 
     </span>
    </p>
   </div>
   <div class='ocr_carea' id='block_1_78' title="bbox 232 4300 1244 4369">
    <p class='ocr_par' dir='ltr' id='par_1_78' title="bbox 232 4300 1244 4369">
     <span class='ocr_line' id='line_1_78' title="bbox 232 4300 1244 4369; baseline -0.001 -17"><span class='ocrx_word' id='word_1_481' title='bbox 232 4300 257 4339; x_wconf 74' lang='grc' dir='ltr'><strong><em>ἀ</em></strong></span> <span class='ocrx_word' id='word_1_482' title='bbox 303 4300 489 4369; x_wconf 70' lang='lat' dir='ltr'><strong>Parum</strong></span> <span class='ocrx_word' id='word_1_483' title='bbox 520 4302 691 4354; x_wconf 73' lang='lat' dir='ltr'><strong>diﬂ‘ert</strong></span> <span class='ocrx_word' id='word_1_484' title='bbox 718 4302 783 4353; x_wconf 90' lang='lat' dir='ltr'><strong>ab</strong></span> <span class='ocrx_word' id='word_1_485' title='bbox 812 4301 999 4369; x_wconf 88' lang='lat' dir='ltr'><strong>interp.</strong></span> <span class='ocrx_word' id='word_1_486' title='bbox 1033 4302 1244 4369; x_wconf 87' lang='lat' dir='ltr'><strong>Dionys.</strong></span> 
     </span>
    </p>
   </div>
   <div class='ocr_carea' id='block_1_79' title="bbox 241 4368 1529 4423">
    <p class='ocr_par' dir='ltr' id='par_1_79' title="bbox 241 4368 1529 4423">
     <span class='ocr_line' id='line_1_79' title="bbox 241 4368 1529 4423; baseline 0.001 -3"><span class='ocrx_word' id='word_1_487' title='bbox 241 4380 264 4406; x_wconf 73' lang='grc' dir='ltr'><strong><em>ο</em></strong></span> <span class='ocrx_word' id='word_1_488' title='bbox 306 4368 407 4421; x_wconf 87' lang='lat' dir='ltr'><strong>Iste</strong></span> <span class='ocrx_word' id='word_1_489' title='bbox 430 4384 591 4421; x_wconf 87' lang='lat' dir='ltr'><strong>canon</strong></span> <span class='ocrx_word' id='word_1_490' title='bbox 618 4370 669 4421; x_wconf 92' lang='lat' dir='ltr'><strong>in</strong></span> <span class='ocrx_word' id='word_1_491' title='bbox 696 4384 841 4423; x_wconf 91' lang='lat' dir='ltr'><strong>conc.</strong></span> <span class='ocrx_word' id='word_1_492' title='bbox 870 4368 1047 4421; x_wconf 81' lang='lat' dir='ltr'><strong>Aurel.</strong></span> <span class='ocrx_word' id='word_1_493' title='bbox 1077 4368 1529 4422; x_wconf 45' lang='lat' dir='ltr'><strong>ed.&#39;desideratur.</strong></span> 
     </span>
    </p>
   </div>
   <div class='ocr_carea' id='block_1_80' title="bbox 240 4435 1687 4497">
    <p class='ocr_par' dir='ltr' id='par_1_80' title="bbox 240 4435 1687 4497">
     <span class='ocr_line' id='line_1_80' title="bbox 240 4435 1687 4497; baseline 0.001 -8"><span class='ocrx_word' id='word_1_494' title='bbox 240 4435 258 4473; x_wconf 70' lang='grc' dir='ltr'><strong><em>τ</em></strong></span> <span class='ocrx_word' id='word_1_495' title='bbox 306 4436 495 4489; x_wconf 84' lang='lat' dir='ltr'><strong>Eadem</strong></span> <span class='ocrx_word' id='word_1_496' title='bbox 532 4438 687 4490; x_wconf 88' lang='lat' dir='ltr'><strong>verba</strong></span> <span class='ocrx_word' id='word_1_497' title='bbox 713 4438 941 4490; x_wconf 91' lang='lat' dir='ltr'><strong>citantur</strong></span> <span class='ocrx_word' id='word_1_498' title='bbox 968 4452 1031 4489; x_wconf 79' lang='lat' dir='ltr'><strong>ex</strong></span> <span class='ocrx_word' id='word_1_499' title='bbox 1056 4437 1343 4489; x_wconf 84' lang='lat' dir='ltr'><strong>Arelatensi</strong></span> <span class='ocrx_word' id='word_1_500' title='bbox 1368 4437 1603 4497; x_wconf 90' lang='lat' dir='ltr'><strong>concilio,</strong></span> <span class='ocrx_word' id='word_1_501' title='bbox 1634 4437 1687 4490; x_wconf 91' lang='lat' dir='ltr'><strong>in</strong></span> 
     </span>
    </p>
   </div>
   <div class='ocr_carea' id='block_1_81' title="bbox 158 4503 1687 4568">
    <p class='ocr_par' dir='ltr' id='par_1_81' title="bbox 158 4503 1687 4568">
     <span class='ocr_line' id='line_1_81' title="bbox 158 4503 1687 4568; baseline 0.003 -13"><span class='ocrx_word' id='word_1_502' title='bbox 158 4503 315 4563; x_wconf 90' lang='lat' dir='ltr'><strong>libris</strong></span> <span class='ocrx_word' id='word_1_503' title='bbox 353 4504 675 4556; x_wconf 79' lang='lat' dir='ltr'><strong>decretorum</strong></span> <span class='ocrx_word' id='word_1_504' title='bbox 718 4520 781 4555; x_wconf 80' lang='lat' dir='ltr'><strong>ex</strong></span> <span class='ocrx_word' id='word_1_505' title='bbox 818 4504 1064 4559; x_wconf 79' lang='lat' dir='ltr'><strong>Gandavo</strong></span> <span class='ocrx_word' id='word_1_506' title='bbox 1106 4505 1328 4568; x_wconf 88' lang='lat' dir='ltr'><strong>habitis,</strong></span> <span class='ocrx_word' id='word_1_507' title='bbox 1369 4514 1422 4558; x_wconf 90' lang='lat' dir='ltr'><strong>et</strong></span> <span class='ocrx_word' id='word_1_508' title='bbox 1470 4506 1687 4559; x_wconf 76' lang='lat' dir='ltr'><strong>vetustis</strong></span> 
     </span>
    </p>
   </div>
   <div class='ocr_carea' id='block_1_82' title="bbox 159 4571 970 4625">
    <p class='ocr_par' dir='ltr' id='par_1_82' title="bbox 159 4571 970 4625">
     <span class='ocr_line' id='line_1_82' title="bbox 159 4571 970 4625; baseline -0.002 0"><span class='ocrx_word' id='word_1_509' title='bbox 159 4571 282 4625; x_wconf 89' lang='lat' dir='ltr'><strong>cod.</strong></span> <span class='ocrx_word' id='word_1_510' title='bbox 320 4572 617 4624; x_wconf 88' lang='lat' dir='ltr'><strong>monasterii</strong></span> <span class='ocrx_word' id='word_1_511' title='bbox 649 4571 701 4623; x_wconf 90' lang='lat' dir='ltr'><strong>S.</strong></span> <span class='ocrx_word' id='word_1_512' title='bbox 735 4572 970 4625; x_wconf 86' lang='lat' dir='ltr'><strong>Bavonis.</strong></span> 
     </span>
    </p>
   </div>
   <div class='ocr_carea' id='block_1_83' title="bbox 239 4640 1001 4700">
    <p class='ocr_par' dir='ltr' id='par_1_83' title="bbox 239 4640 1001 4700">
     <span class='ocr_line' id='line_1_83' title="bbox 239 4640 1001 4700; baseline -0.001 -8"><span class='ocrx_word' id='word_1_513' title='bbox 239 4642 263 4678; x_wconf 74' lang='grc' dir='ltr'>ε</span> <span class='ocrx_word' id='word_1_514' title='bbox 292 4640 367 4692; x_wconf 80' lang='lat' dir='ltr'><strong>Ex</strong></span> <span class='ocrx_word' id='word_1_515' title='bbox 398 4655 542 4693; x_wconf 86' lang='lat' dir='ltr'><strong>conc.</strong></span> <span class='ocrx_word' id='word_1_516' title='bbox 568 4640 760 4692; x_wconf 82' lang='lat' dir='ltr'><strong>Arelat.</strong></span> <span class='ocrx_word' id='word_1_517' title='bbox 784 4653 820 4700; x_wconf 80' lang='grc' dir='ltr'><strong>ι,</strong></span> <span class='ocrx_word' id='word_1_518' title='bbox 846 4656 893 4691; x_wconf 92' lang='lat' dir='ltr'><strong>c.</strong></span> <span class='ocrx_word' id='word_1_519' title='bbox 918 4640 1001 4691; x_wconf 69' lang='lat'><strong>21.</strong></span> 
     </span>
    </p>
   </div>
   <div class='ocr_carea' id='block_1_84' title="bbox 235 4707 1687 4765">
    <p class='ocr_par' dir='ltr' id='par_1_84' title="bbox 235 4707 1687 4765">
     <span class='ocr_line' id='line_1_84' title="bbox 235 4707 1687 4765; baseline 0.001 -5"><span class='ocrx_word' id='word_1_520' title='bbox 235 4707 261 4746; x_wconf 66' lang='grc' dir='ltr'>δ</span> <span class='ocrx_word' id='word_1_521' title='bbox 307 4708 482 4761; x_wconf 89' lang='lat' dir='ltr'><strong>Canon</strong></span> <span class='ocrx_word' id='word_1_522' title='bbox 524 4716 603 4759; x_wconf 90' lang='lat' dir='ltr'><strong>est</strong></span> <span class='ocrx_word' id='word_1_523' title='bbox 641 4722 829 4760; x_wconf 83' lang='lat' dir='ltr'><strong>tconc.</strong></span> <span class='ocrx_word' id='word_1_524' title='bbox 864 4707 1215 4765; x_wconf 84' lang='lat' dir='ltr'><strong>Sardiccnsis;</strong></span> <span class='ocrx_word' id='word_1_525' title='bbox 1248 4722 1340 4759; x_wconf 88' lang='lat' dir='ltr'><strong>cur</strong></span> <span class='ocrx_word' id='word_1_526' title='bbox 1385 4708 1454 4759; x_wconf 87' lang='lat' dir='ltr'><strong>ita</strong></span> <span class='ocrx_word' id='word_1_527' title='bbox 1497 4708 1687 4761; x_wconf 89' lang='lat' dir='ltr'><strong>citetur</strong></span> 
     </span>
    </p>
   </div>
   <div class='ocr_carea' id='block_1_85' title="bbox 157 4774 1684 4843">
    <p class='ocr_par' dir='ltr' id='par_1_85' title="bbox 157 4774 1684 4843">
     <span class='ocr_line' id='line_1_85' title="bbox 157 4774 1684 4843; baseline 0.001 -16"><span class='ocrx_word' id='word_1_528' title='bbox 157 4776 281 4829; x_wconf 82' lang='lat' dir='ltr'><strong>vide</strong></span> <span class='ocrx_word' id='word_1_529' title='bbox 299 4774 653 4843; x_wconf 72' lang='lat' dir='ltr'><strong>praefationem</strong></span> <span class='ocrx_word' id='word_1_530' title='bbox 679 4790 726 4825; x_wconf 86' lang='lat' dir='ltr'><strong>v.</strong></span> <span class='ocrx_word' id='word_1_531' title='bbox 754 4776 817 4826; x_wconf 86' lang='lat' dir='ltr'><strong>cl.</strong></span> <span class='ocrx_word' id='word_1_532' title='bbox 841 4774 1039 4827; x_wconf 86' lang='lat' dir='ltr'><strong>Justelli</strong></span> <span class='ocrx_word' id='word_1_533' title='bbox 1067 4778 1129 4827; x_wconf 92' lang='lat' dir='ltr'><strong>de</strong></span> <span class='ocrx_word' id='word_1_534' title='bbox 1149 4776 1312 4827; x_wconf 83' lang='lat' dir='ltr'><strong>veteri</strong></span> <span class='ocrx_word' id='word_1_535' title='bbox 1331 4777 1507 4829; x_wconf 87' lang='lat' dir='ltr'><strong>codice</strong></span> <span class='ocrx_word' id='word_1_536' title='bbox 1525 4791 1684 4829; x_wconf 87' lang='lat' dir='ltr'><strong>cauo-</strong></span> 
     </span>
    </p>
   </div>
   <div class='ocr_carea' id='block_1_86' title="bbox 160 4842 849 4897">
    <p class='ocr_par' dir='ltr' id='par_1_86' title="bbox 160 4842 849 4897">
     <span class='ocr_line' id='line_1_86' title="bbox 160 4842 849 4897; baseline -0.003 -1"><span class='ocrx_word' id='word_1_537' title='bbox 160 4858 291 4897; x_wconf 87' lang='lat' dir='ltr'><strong>num</strong></span> <span class='ocrx_word' id='word_1_538' title='bbox 310 4842 551 4895; x_wconf 68' lang='lat' dir='ltr'><strong>Ecclesia:</strong></span> <span class='ocrx_word' id='word_1_539' title='bbox 578 4843 849 4894; x_wconf 63' lang='lat' dir='ltr'><strong>universa}.</strong></span> 
     </span>
    </p>
   </div>
   <div class='ocr_carea' id='block_1_87' title="bbox 241 4909 1681 4980">
    <p class='ocr_par' dir='ltr' id='par_1_87' title="bbox 241 4909 1681 4980">
     <span class='ocr_line' id='line_1_87' title="bbox 241 4909 1681 4980; baseline 0.002 -18"><span class='ocrx_word' id='word_1_540' title='bbox 241 4913 257 4950; x_wconf 74' lang='grc' dir='ltr'>ί</span> <span class='ocrx_word' id='word_1_541' title='bbox 295 4909 469 4980; x_wconf 65' lang='lat' dir='ltr'><strong>Qanon</strong></span> <span class='ocrx_word' id='word_1_542' title='bbox 498 4919 576 4963; x_wconf 90' lang='lat' dir='ltr'><strong>est</strong></span> <span class='ocrx_word' id='word_1_543' title='bbox 599 4926 654 4962; x_wconf 90' lang='lat' dir='ltr'><strong>Ill</strong></span> <span class='ocrx_word' id='word_1_544' title='bbox 672 4925 826 4980; x_wconf 82' lang='lat' dir='ltr'><strong>conc.</strong></span> <span class='ocrx_word' id='word_1_545' title='bbox 853 4909 1191 4974; x_wconf 86' lang='lat' dir='ltr'><strong>Sardicensis.</strong></span> <span class='ocrx_word' id='word_1_546' title='bbox 1222 4910 1397 4963; x_wconf 86' lang='lat' dir='ltr'><strong>Prisca</strong></span> <span class='ocrx_word' id='word_1_547' title='bbox 1418 4913 1681 4980; x_wconf 89' lang='lat' dir='ltr'><strong>interpret.</strong></span> 
     </span>
    </p>
   </div>
   <div class='ocr_carea' id='block_1_88' title="bbox 160 4978 868 5047">
    <p class='ocr_par' dir='ltr' id='par_1_88' title="bbox 160 4978 868 5047">
     <span class='ocr_line' id='line_1_88' title="bbox 160 4978 868 5047; baseline -0.003 -16"><span class='ocrx_word' id='word_1_548' title='bbox 160 4992 264 5047; x_wconf 88' lang='lat' dir='ltr'><strong>nec</strong></span> <span class='ocrx_word' id='word_1_549' title='bbox 292 4978 521 5047; x_wconf 68' lang='lat' dir='ltr'><strong>Qionys..</strong></span> <span class='ocrx_word' id='word_1_550' title='bbox 546 4993 641 5031; x_wconf 85' lang='lat' dir='ltr'><strong>nec</strong></span> <span class='ocrx_word' id='word_1_551' title='bbox 669 4978 868 5031; x_wconf 84' lang='lat' dir='ltr'><strong>lsidori.</strong></span> 
     </span>
    </p>
   </div>
   <div class='ocr_carea' id='block_1_89' title="bbox 239 5045 1681 5114">
    <p class='ocr_par' dir='ltr' id='par_1_89' title="bbox 239 5045 1681 5114">
     <span class='ocr_line' id='line_1_89' title="bbox 239 5045 1681 5114; baseline 0.006 -21"><span class='ocrx_word' id='word_1_552' title='bbox 239 5045 251 5093; x_wconf 90' lang='lat' dir='ltr'><strong>i</strong></span> <span class='ocrx_word' id='word_1_553' title='bbox 296 5045 483 5099; x_wconf 75' lang='lat' dir='ltr'><strong>TribiJs</strong></span> <span class='ocrx_word' id='word_1_554' title='bbox 519 5047 647 5099; x_wconf 88' lang='lat' dir='ltr'><strong>locis</strong></span> <span class='ocrx_word' id='word_1_555' title='bbox 684 5046 765 5099; x_wconf 88' lang='lat' dir='ltr'><strong>hic</strong></span> <span class='ocrx_word' id='word_1_556' title='bbox 801 5062 965 5097; x_wconf 82' lang='lat' dir='ltr'><strong>canon</strong></span> <span class='ocrx_word' id='word_1_557' title='bbox 995 5046 1211 5114; x_wconf 81' lang='lat' dir='ltr'><strong>legitur:</strong></span> <span class='ocrx_word' id='word_1_558' title='bbox 1248 5046 1297 5097; x_wconf 91' lang='lat' dir='ltr'><strong>in</strong></span> <span class='ocrx_word' id='word_1_559' title='bbox 1325 5062 1470 5100; x_wconf 85' lang='lat' dir='ltr'><strong>conc.</strong></span> <span class='ocrx_word' id='word_1_560' title='bbox 1504 5047 1681 5101; x_wconf 87' lang='lat' dir='ltr'><strong>Cartb.</strong></span> 
     </span>
    </p>
   </div>
   <div class='ocr_carea' id='block_1_90' title="bbox 165 5114 1686 5179">
    <p class='ocr_par' dir='ltr' id='par_1_90' title="bbox 165 5114 1686 5179">
     <span class='ocr_line' id='line_1_90' title="bbox 165 5114 1686 5179; baseline 0.005 -17"><span class='ocrx_word' id='word_1_561' title='bbox 165 5128 220 5173; x_wconf 87' lang='lat' dir='ltr'><strong>v,</strong></span> <span class='ocrx_word' id='word_1_562' title='bbox 250 5128 295 5166; x_wconf 91' lang='lat' dir='ltr'><strong>c.</strong></span> <span class='ocrx_word' id='word_1_563' title='bbox 323 5115 381 5175; x_wconf 87' lang='lat'><strong>8;</strong></span> <span class='ocrx_word' id='word_1_564' title='bbox 406 5128 552 5167; x_wconf 86' lang='lat' dir='ltr'><strong>conc.</strong></span> <span class='ocrx_word' id='word_1_565' title='bbox 581 5114 730 5179; x_wconf 82' lang='lat' dir='ltr'><strong>vulgo</strong></span> <span class='ocrx_word' id='word_1_566' title='bbox 751 5115 887 5167; x_wconf 89' lang='lat' dir='ltr'><strong>dicto</strong></span> <span class='ocrx_word' id='word_1_567' title='bbox 907 5114 1169 5175; x_wconf 79' lang='lat' dir='ltr'><strong>Africano,</strong></span> <span class='ocrx_word' id='word_1_568' title='bbox 1197 5130 1242 5165; x_wconf 89' lang='lat' dir='ltr'><strong>c.</strong></span> <span class='ocrx_word' id='word_1_569' title='bbox 1263 5114 1413 5177; x_wconf 67' lang='lat' dir='ltr'><strong>il,et</strong></span> <span class='ocrx_word' id='word_1_570' title='bbox 1437 5118 1486 5167; x_wconf 90' lang='lat' dir='ltr'><strong>in</strong></span> <span class='ocrx_word' id='word_1_571' title='bbox 1510 5118 1686 5171; x_wconf 86' lang='lat' dir='ltr'><strong>codice</strong></span> 
     </span>
    </p>
   </div>
   <div class='ocr_carea' id='block_1_91' title="bbox 166 5180 688 5235">
    <p class='ocr_par' dir='ltr' id='par_1_91' title="bbox 166 5180 688 5235">
     <span class='ocr_line' id='line_1_91' title="bbox 166 5180 688 5235; baseline -0.004 0"><span class='ocrx_word' id='word_1_572' title='bbox 166 5180 308 5235; x_wconf 86' lang='lat' dir='ltr'><strong>Eccl.</strong></span> <span class='ocrx_word' id='word_1_573' title='bbox 336 5181 494 5235; x_wconf 77' lang='lat' dir='ltr'><strong>Afric.</strong></span> <span class='ocrx_word' id='word_1_574' title='bbox 526 5197 571 5233; x_wconf 87' lang='lat' dir='ltr'><strong>c.</strong></span> <span class='ocrx_word' id='word_1_575' title='bbox 606 5181 688 5233; x_wconf 68' lang='lat' dir='ltr'><strong>7i.</strong></span> 
     </span>
    </p>
   </div>
   <div class='ocr_carea' id='block_1_92' title="bbox 239 5246 1687 5306">
    <p class='ocr_par' dir='ltr' id='par_1_92' title="bbox 239 5246 1687 5306">
     <span class='ocr_line' id='line_1_92' title="bbox 239 5246 1687 5306; baseline 0.002 -4"><span class='ocrx_word' id='word_1_576' title='bbox 239 5250 265 5288; x_wconf 69' lang='grc' dir='ltr'>ι</span> <span class='ocrx_word' id='word_1_577' title='bbox 302 5250 393 5302; x_wconf 84' lang='lat' dir='ltr'><strong>Vir</strong></span> <span class='ocrx_word' id='word_1_578' title='bbox 411 5250 475 5302; x_wconf 91' lang='lat' dir='ltr'><strong>cl.</strong></span> <span class='ocrx_word' id='word_1_579' title='bbox 498 5246 542 5301; x_wconf 82' lang='lat' dir='ltr'><strong>J.</strong></span> <span class='ocrx_word' id='word_1_580' title='bbox 567 5248 871 5302; x_wconf 87' lang='lat' dir='ltr'><strong>Sirmondus</strong></span> <span class='ocrx_word' id='word_1_581' title='bbox 896 5250 946 5301; x_wconf 89' lang='lat' dir='ltr'><strong>in</strong></span> <span class='ocrx_word' id='word_1_582' title='bbox 984 5250 1090 5301; x_wconf 89' lang='lat' dir='ltr'><strong>suis</strong></span> <span class='ocrx_word' id='word_1_583' title='bbox 1123 5249 1260 5300; x_wconf 86' lang='lat' dir='ltr'><strong>uotis</strong></span> <span class='ocrx_word' id='word_1_584' title='bbox 1287 5251 1349 5301; x_wconf 83' lang='lat' dir='ltr'><strong>ad</strong></span> <span class='ocrx_word' id='word_1_585' title='bbox 1387 5252 1485 5305; x_wconf 84' lang='lat' dir='ltr'><strong>hoc</strong></span> <span class='ocrx_word' id='word_1_586' title='bbox 1514 5254 1687 5306; x_wconf 86' lang='lat' dir='ltr'><strong>conci-</strong></span> 
     </span>
    </p>
   </div>
   <div class='ocr_carea' id='block_1_93' title="bbox 167 5314 1689 5384">
    <p class='ocr_par' dir='ltr' id='par_1_93' title="bbox 167 5314 1689 5384">
     <span class='ocr_line' id='line_1_93' title="bbox 167 5314 1689 5384; baseline 0.004 -17"><span class='ocrx_word' id='word_1_587' title='bbox 167 5314 327 5369; x_wconf 85' lang='lat' dir='ltr'><strong>lium:</strong></span> <span class='ocrx_word' id='word_1_588' title='bbox 360 5335 376 5365; x_wconf 74' lang='grc' dir='ltr'>ι</span> <span class='ocrx_word' id='word_1_589' title='bbox 406 5317 639 5384; x_wconf 80' lang='lat' dir='ltr'><strong>Regense,</strong></span> <span class='ocrx_word' id='word_1_590' title='bbox 682 5318 867 5383; x_wconf 88' lang='lat' dir='ltr'><strong>inquit,</strong></span> <span class='ocrx_word' id='word_1_591' title='bbox 907 5318 957 5368; x_wconf 90' lang='lat' dir='ltr'><strong>in</strong></span> <span class='ocrx_word' id='word_1_592' title='bbox 994 5318 1254 5370; x_wconf 84' lang='lat' dir='ltr'><strong>veteribus</strong></span> <span class='ocrx_word' id='word_1_593' title='bbox 1275 5319 1437 5378; x_wconf 84' lang='lat' dir='ltr'><strong>libris,</strong></span> <span class='ocrx_word' id='word_1_594' title='bbox 1460 5334 1561 5372; x_wconf 90' lang='lat' dir='ltr'><strong>non</strong></span> <span class='ocrx_word' id='word_1_595' title='bbox 1596 5320 1689 5373; x_wconf 81' lang='lat' dir='ltr'><strong>Re-</strong></span> 
     </span>
    </p>
   </div>
   <div class='ocr_carea' id='block_1_94' title="bbox 168 5384 1687 5453">
    <p class='ocr_par' dir='ltr' id='par_1_94' title="bbox 168 5384 1687 5453">
     <span class='ocr_line' id='line_1_94' title="bbox 168 5384 1687 5453; baseline 0.005 -19"><span class='ocrx_word' id='word_1_596' title='bbox 168 5385 351 5453; x_wconf 63' lang='lat' dir='ltr'><strong>giense.</strong></span> <span class='ocrx_word' id='word_1_597' title='bbox 382 5384 437 5437; x_wconf 86' lang='lat' dir='ltr'><strong>In</strong></span> <span class='ocrx_word' id='word_1_598' title='bbox 470 5385 794 5452; x_wconf 86' lang='lat' dir='ltr'><strong>quibusdam,</strong></span> <span class='ocrx_word' id='word_1_599' title='bbox 825 5386 1051 5453; x_wconf 81' lang='lat' dir='ltr'><strong>synodus</strong></span> <span class='ocrx_word' id='word_1_600' title='bbox 1073 5385 1247 5436; x_wconf 88' lang='lat' dir='ltr'><strong>habita</strong></span> <span class='ocrx_word' id='word_1_601' title='bbox 1270 5388 1318 5438; x_wconf 91' lang='lat' dir='ltr'><strong>in</strong></span> <span class='ocrx_word' id='word_1_602' title='bbox 1342 5387 1566 5440; x_wconf 84' lang='lat' dir='ltr'><strong>civitate.</strong></span> <span class='ocrx_word' id='word_1_603' title='bbox 1602 5388 1687 5441; x_wconf 87' lang='lat' dir='ltr'><strong>Sic</strong></span> 
     </span>
    </p>
   </div>
   <div class='ocr_carea' id='block_1_95' title="bbox 170 5450 1683 5522">
    <p class='ocr_par' dir='ltr' id='par_1_95' title="bbox 170 5450 1683 5522">
     <span class='ocr_line' id='line_1_95' title="bbox 170 5450 1683 5522; baseline 0.002 -17"><span class='ocrx_word' id='word_1_604' title='bbox 170 5450 223 5522; x_wconf 73' lang='lat' dir='ltr'><strong>et</strong></span> <span class='ocrx_word' id='word_1_605' title='bbox 247 5450 602 5522; x_wconf 38' lang='lat' dir='ltr'><strong>Faustus—qui</strong></span> <span class='ocrx_word' id='word_1_606' title='bbox 626 5450 897 5522; x_wconf 79' lang='lat' dir='ltr'><strong>episeopus</strong></span> <span class='ocrx_word' id='word_1_607' title='bbox 922 5453 1191 5521; x_wconf 83' lang='lat' dir='ltr'><strong>Regicnsis</strong></span> <span class='ocrx_word' id='word_1_608' title='bbox 1218 5453 1315 5506; x_wconf 85' lang='lat' dir='ltr'><strong>dici</strong></span> <span class='ocrx_word' id='word_1_609' title='bbox 1345 5455 1496 5522; x_wconf 83' lang='lat' dir='ltr'><strong>vulgo</strong></span> <span class='ocrx_word' id='word_1_610' title='bbox 1534 5456 1683 5519; x_wconf 84' lang='lat' dir='ltr'><strong>solet,</strong></span> 
     </span>
    </p>
   </div>
   <div class='ocr_carea' id='block_1_96' title="bbox 170 5519 1688 5599">
    <p class='ocr_par' dir='ltr' id='par_1_96' title="bbox 170 5519 1688 5599">
     <span class='ocr_line' id='line_1_96' title="bbox 170 5519 1688 5599; baseline 0.003 -28"><span class='ocrx_word' id='word_1_611' title='bbox 170 5519 235 5599; x_wconf 74' lang='lat' dir='ltr'><strong>ab</strong></span> <span class='ocrx_word' id='word_1_612' title='bbox 252 5520 479 5599; x_wconf 70' lang='lat' dir='ltr'><strong>antiquis</strong></span> <span class='ocrx_word' id='word_1_613' title='bbox 505 5519 839 5599; x_wconf 68' lang='lat' dir='ltr'><strong>scriptoribus</strong></span> <span class='ocrx_word' id='word_1_614' title='bbox 864 5519 1109 5599; x_wconf 46' lang='lat' dir='ltr'><strong>Regensis</strong></span> <span class='ocrx_word' id='word_1_615' title='bbox 1138 5519 1482 5599; x_wconf 74' lang='lat' dir='ltr'><strong>nuncupatur,</strong></span> <span class='ocrx_word' id='word_1_616' title='bbox 1510 5533 1561 5575; x_wconf 87' lang='lat' dir='ltr'><strong>et</strong></span> <span class='ocrx_word' id='word_1_617' title='bbox 1583 5533 1688 5576; x_wconf 85' lang='lat' dir='ltr'><strong>ter—</strong></span> 
     </span>
    </p>
   </div>
   <div class='ocr_carea' id='block_1_97' title="bbox 173 5588 1679 5660">
    <p class='ocr_par' dir='ltr' id='par_1_97' title="bbox 173 5588 1679 5660">
     <span class='ocr_line' id='line_1_97' title="bbox 173 5588 1679 5660; baseline 0.002 -21"><span class='ocrx_word' id='word_1_618' title='bbox 173 5588 406 5641; x_wconf 87' lang='lat' dir='ltr'><strong>ritorium</strong></span> <span class='ocrx_word' id='word_1_619' title='bbox 432 5588 661 5657; x_wconf 78' lang='lat' dir='ltr'><strong>Regense</strong></span> <span class='ocrx_word' id='word_1_620' title='bbox 688 5604 716 5641; x_wconf 88' lang='lat' dir='ltr'><strong>a</strong></span> <span class='ocrx_word' id='word_1_621' title='bbox 745 5588 993 5657; x_wconf 82' lang='lat' dir='ltr'><strong>Gregorio</strong></span> <span class='ocrx_word' id='word_1_622' title='bbox 1022 5589 1307 5642; x_wconf 71' lang='lat' dir='ltr'><strong>Turonensi</strong></span> <span class='ocrx_word' id='word_1_623' title='bbox 1336 5591 1423 5643; x_wconf 88' lang='lat' dir='ltr'><strong>lib.</strong></span> <span class='ocrx_word' id='word_1_624' title='bbox 1460 5607 1539 5653; x_wconf 80' lang='lat' dir='ltr'><strong>iv,</strong></span> <span class='ocrx_word' id='word_1_625' title='bbox 1568 5609 1679 5660; x_wconf 67' lang='lat' dir='ltr'><strong>cap.</strong></span> 
     </span>
    </p>
   </div>
   <div class='ocr_carea' id='block_1_98' title="bbox 1785 3102 3306 3173">
    <p class='ocr_par' dir='ltr' id='par_1_98' title="bbox 1785 3102 3306 3173">
     <span class='ocr_line' id='line_1_98' title="bbox 1785 3102 3306 3173; baseline 0.007 -21"><span class='ocrx_word' id='word_1_626' title='bbox 1785 3114 1880 3168; x_wconf 85' lang='lat' dir='ltr'><strong>per</strong></span> <span class='ocrx_word' id='word_1_627' title='bbox 1902 3102 2235 3156; x_wconf 89' lang='lat' dir='ltr'><strong>ambitionem</strong></span> <span class='ocrx_word' id='word_1_628' title='bbox 2257 3103 2438 3171; x_wconf 87' lang='lat' dir='ltr'><strong>pergit,</strong></span> <span class='ocrx_word' id='word_1_629' title='bbox 2471 3120 2636 3172; x_wconf 87' lang='lat' dir='ltr'><strong>neque</strong></span> <span class='ocrx_word' id='word_1_630' title='bbox 2660 3106 2710 3157; x_wconf 91' lang='lat' dir='ltr'><strong>in</strong></span> <span class='ocrx_word' id='word_1_631' title='bbox 2734 3106 2920 3159; x_wconf 87' lang='lat' dir='ltr'><strong>litteris</strong></span> <span class='ocrx_word' id='word_1_632' title='bbox 2943 3106 3053 3173; x_wconf 84' lang='lat' dir='ltr'><strong>ejus</strong></span> <span class='ocrx_word' id='word_1_633' title='bbox 3082 3106 3306 3162; x_wconf 73' lang='lat' dir='ltr'><strong>subscri-</strong></span> 
     </span>
    </p>
   </div>
   <div class='ocr_carea' id='block_1_99' title="bbox 1785 3190 2948 3263">
    <p class='ocr_par' dir='ltr' id='par_1_99' title="bbox 1785 3190 2948 3263">
     <span class='ocr_line' id='line_1_99' title="bbox 1785 3190 2948 3263; baseline 0.002 -20"><span class='ocrx_word' id='word_1_634' title='bbox 1785 3190 1893 3255; x_wconf 91' lang='lat' dir='ltr'><strong>bat,</strong></span> <span class='ocrx_word' id='word_1_635' title='bbox 1921 3205 2090 3259; x_wconf 89' lang='lat' dir='ltr'><strong>neque</strong></span> <span class='ocrx_word' id='word_1_636' title='bbox 2113 3192 2166 3244; x_wconf 81' lang='lat' dir='ltr'><strong>in</strong></span> <span class='ocrx_word' id='word_1_637' title='bbox 2188 3193 2551 3253; x_wconf 87' lang='lat' dir='ltr'><strong>communione</strong></span> <span class='ocrx_word' id='word_1_638' title='bbox 2570 3210 2687 3247; x_wconf 93' lang='lat' dir='ltr'><strong>eum</strong></span> <span class='ocrx_word' id='word_1_639' title='bbox 2716 3196 2948 3263; x_wconf 88' lang='lat' dir='ltr'><strong>recipiat.</strong></span> 
     </span>
    </p>
   </div>
   <div class='ocr_carea' id='block_1_100' title="bbox 2382 3282 2703 3337">
    <p class='ocr_par' dir='ltr' id='par_1_100' title="bbox 2382 3282 2703 3337">
     <span class='ocr_line' id='line_1_100' title="bbox 2382 3282 2703 3337; baseline 0.006 -4"><span class='ocrx_word' id='word_1_640' title='bbox 2382 3282 2515 3335; x_wconf 68' lang='grc' dir='ltr'><em>Δεῖνα</em></span> <span class='ocrx_word' id='word_1_641' title='bbox 2562 3284 2625 3337; x_wconf 80' lang='lat' dir='ltr'><strong>l9</strong></span> <span class='ocrx_word' id='word_1_642' title='bbox 2661 3294 2703 3335; x_wconf 76' lang='lat'><strong>&#39;.</strong></span> 
     </span>
    </p>
   </div>
   <div class='ocr_carea' id='block_1_101' title="bbox 1856 3369 3304 3440">
    <p class='ocr_par' dir='ltr' id='par_1_101' title="bbox 1856 3369 3304 3440">
     <span class='ocr_line' id='line_1_101' title="bbox 1856 3369 3304 3440; baseline 0.009 -20"><span class='ocrx_word' id='word_1_643' title='bbox 1856 3380 1875 3407; x_wconf 78' lang='grc' dir='ltr'>ι</span> <span class='ocrx_word' id='word_1_644' title='bbox 1917 3369 2093 3423; x_wconf 88' lang='lat' dir='ltr'><strong>Liceat</strong></span> <span class='ocrx_word' id='word_1_645' title='bbox 2115 3369 2411 3439; x_wconf 84' lang='lat' dir='ltr'><strong>episcopum</strong></span> <span class='ocrx_word' id='word_1_646' title='bbox 2438 3373 2686 3425; x_wconf 88' lang='lat' dir='ltr'><strong>accedere</strong></span> <span class='ocrx_word' id='word_1_647' title='bbox 2709 3374 2772 3427; x_wconf 91' lang='lat' dir='ltr'><strong>ad</strong></span> <span class='ocrx_word' id='word_1_648' title='bbox 2795 3378 3146 3440; x_wconf 80' lang='lat' dir='ltr'><strong>possessiones</strong></span> <span class='ocrx_word' id='word_1_649' title='bbox 3164 3394 3304 3439; x_wconf 87' lang='lat' dir='ltr'><strong>suas.</strong></span> 
     </span>
    </p>
   </div>
   <div class='ocr_carea' id='block_1_102' title="bbox 1784 3457 3309 3529">
    <p class='ocr_par' dir='ltr' id='par_1_102' title="bbox 1784 3457 3309 3529">
     <span class='ocr_line' id='line_1_102' title="bbox 1784 3457 3309 3529; baseline 0.007 -19"><span class='ocrx_word' id='word_1_650' title='bbox 1784 3464 1841 3511; x_wconf 94' lang='lat' dir='ltr'><strong>ut</strong></span> <span class='ocrx_word' id='word_1_651' title='bbox 1868 3458 2106 3525; x_wconf 90' lang='lat' dir='ltr'><strong>disponat</strong></span> <span class='ocrx_word' id='word_1_652' title='bbox 2130 3457 2355 3509; x_wconf 87' lang='lat' dir='ltr'><strong>fructum</strong></span> <span class='ocrx_word' id='word_1_653' title='bbox 2378 3457 2571 3511; x_wconf 91' lang='lat' dir='ltr'><strong>laboris</strong></span> <span class='ocrx_word' id='word_1_654' title='bbox 2595 3460 2691 3511; x_wconf 90' lang='lat' dir='ltr'><strong>sui.</strong></span> <span class='ocrx_word' id='word_1_655' title='bbox 2729 3461 2793 3513; x_wconf 84' lang='lat' dir='ltr'><strong>Et</strong></span> <span class='ocrx_word' id='word_1_656' title='bbox 2815 3463 2856 3513; x_wconf 91' lang='lat' dir='ltr'><strong>si</strong></span> <span class='ocrx_word' id='word_1_657' title='bbox 2878 3479 2969 3529; x_wconf 92' lang='lat' dir='ltr'><strong>per</strong></span> <span class='ocrx_word' id='word_1_658' title='bbox 2991 3472 3095 3518; x_wconf 89' lang='lat' dir='ltr'><strong>tres</strong></span> <span class='ocrx_word' id='word_1_659' title='bbox 3117 3467 3309 3521; x_wconf 88' lang='lat' dir='ltr'><strong>hebdo-</strong></span> 
     </span>
    </p>
   </div>
   <div class='ocr_carea' id='block_1_103' title="bbox 1785 3544 3310 3618">
    <p class='ocr_par' dir='ltr' id='par_1_103' title="bbox 1785 3544 3310 3618">
     <span class='ocr_line' id='line_1_103' title="bbox 1785 3544 3310 3618; baseline 0.008 -21"><span class='ocrx_word' id='word_1_660' title='bbox 1785 3544 1967 3597; x_wconf 88' lang='lat' dir='ltr'><strong>madas</strong></span> <span class='ocrx_word' id='word_1_661' title='bbox 1996 3544 2187 3597; x_wconf 91' lang='lat' dir='ltr'><strong>morari</strong></span> <span class='ocrx_word' id='word_1_662' title='bbox 2229 3558 2439 3599; x_wconf 88' lang='lat' dir='ltr'><strong>necesse</strong></span> <span class='ocrx_word' id='word_1_663' title='bbox 2478 3554 2575 3607; x_wconf 88' lang='lat' dir='ltr'><strong>est,</strong></span> <span class='ocrx_word' id='word_1_664' title='bbox 2622 3547 2673 3599; x_wconf 92' lang='lat' dir='ltr'><strong>in</strong></span> <span class='ocrx_word' id='word_1_665' title='bbox 2713 3548 2821 3601; x_wconf 87' lang='lat' dir='ltr'><strong>suis</strong></span> <span class='ocrx_word' id='word_1_666' title='bbox 2863 3552 3034 3618; x_wconf 85' lang='lat' dir='ltr'><strong>potius</strong></span> <span class='ocrx_word' id='word_1_667' title='bbox 3077 3553 3310 3609; x_wconf 83' lang='lat' dir='ltr'><strong>ecclesiis</strong></span> 
     </span>
    </p>
   </div>
   <div class='ocr_carea' id='block_1_104' title="bbox 1785 3633 3310 3702">
    <p class='ocr_par' dir='ltr' id='par_1_104' title="bbox 1785 3633 3310 3702">
     <span class='ocr_line' id='line_1_104' title="bbox 1785 3633 3310 3702; baseline 0.007 -16"><span class='ocrx_word' id='word_1_668' title='bbox 1785 3640 2016 3686; x_wconf 88' lang='lat' dir='ltr'><strong>moretur</strong></span> <span class='ocrx_word' id='word_1_669' title='bbox 2038 3650 2049 3684; x_wconf 89' lang='lat'>:</span> <span class='ocrx_word' id='word_1_670' title='bbox 2073 3642 2163 3686; x_wconf 91' lang='lat' dir='ltr'><strong>aut</strong></span> <span class='ocrx_word' id='word_1_671' title='bbox 2195 3633 2240 3687; x_wconf 82' lang='lat' dir='ltr'><strong>si</strong></span> <span class='ocrx_word' id='word_1_672' title='bbox 2272 3648 2375 3702; x_wconf 90' lang='lat' dir='ltr'><strong>qua</strong></span> <span class='ocrx_word' id='word_1_673' title='bbox 2407 3635 2640 3702; x_wconf 80' lang='lat' dir='ltr'><strong>proxima</strong></span> <span class='ocrx_word' id='word_1_674' title='bbox 2676 3644 2756 3689; x_wconf 87' lang='lat' dir='ltr'><strong>est</strong></span> <span class='ocrx_word' id='word_1_675' title='bbox 2788 3636 3003 3701; x_wconf 88' lang='lat' dir='ltr'><strong>civitas,</strong></span> <span class='ocrx_word' id='word_1_676' title='bbox 3034 3651 3207 3693; x_wconf 88' lang='lat' dir='ltr'><strong>tamen</strong></span> <span class='ocrx_word' id='word_1_677' title='bbox 3245 3657 3310 3696; x_wconf 81' lang='lat' dir='ltr'><strong>ne</strong></span> 
     </span>
    </p>
   </div>
   <div class='ocr_carea' id='block_1_105' title="bbox 1786 3722 3302 3800">
    <p class='ocr_par' dir='ltr' id='par_1_105' title="bbox 1786 3722 3302 3800">
     <span class='ocr_line' id='line_1_105' title="bbox 1786 3722 3302 3800; baseline 0.007 -26"><span class='ocrx_word' id='word_1_678' title='bbox 1786 3723 1897 3775; x_wconf 87' lang='lat' dir='ltr'><strong>sine</strong></span> <span class='ocrx_word' id='word_1_679' title='bbox 1914 3722 2132 3776; x_wconf 89' lang='lat' dir='ltr'><strong>ecclesia</strong></span> <span class='ocrx_word' id='word_1_680' title='bbox 2159 3724 2399 3793; x_wconf 78' lang='lat' dir='ltr'><strong>videatur</strong></span> <span class='ocrx_word' id='word_1_681' title='bbox 2423 3724 2559 3777; x_wconf 90' lang='lat' dir='ltr'><strong>diem</strong></span> <span class='ocrx_word' id='word_1_682' title='bbox 2588 3725 2757 3779; x_wconf 89' lang='lat' dir='ltr'><strong>facere</strong></span> <span class='ocrx_word' id='word_1_683' title='bbox 2779 3728 3095 3783; x_wconf 86' lang='lat' dir='ltr'><strong>Dominicam</strong></span> <span class='ocrx_word' id='word_1_684' title='bbox 3121 3730 3302 3800; x_wconf 83' lang='lat' dir='ltr'><strong>[Supp.</strong></span> 
     </span>
    </p>
   </div>
   <div class='ocr_carea' id='block_1_106' title="bbox 1786 3809 3308 3885">
    <p class='ocr_par' dir='ltr' id='par_1_106' title="bbox 1786 3809 3308 3885">
     <span class='ocr_line' id='line_1_106' title="bbox 1786 3809 3308 3885; baseline 0.006 -24"><span class='ocrx_word' id='word_1_685' title='bbox 1786 3809 1908 3863; x_wconf 90' lang='lat' dir='ltr'><strong>illuc</strong></span> <span class='ocrx_word' id='word_1_686' title='bbox 1932 3809 2189 3879; x_wconf 84' lang='lat' dir='ltr'><strong>accedat].</strong></span> <span class='ocrx_word' id='word_1_687' title='bbox 2238 3810 2313 3862; x_wconf 90' lang='lat' dir='ltr'><strong>Ita</strong></span> <span class='ocrx_word' id='word_1_688' title='bbox 2343 3820 2516 3864; x_wconf 89' lang='lat' dir='ltr'><strong>tamen</strong></span> <span class='ocrx_word' id='word_1_689' title='bbox 2544 3812 2607 3865; x_wconf 92' lang='lat' dir='ltr'><strong>ad</strong></span> <span class='ocrx_word' id='word_1_690' title='bbox 2633 3815 3010 3880; x_wconf 84' lang='lat' dir='ltr'><strong>possessionem</strong></span> <span class='ocrx_word' id='word_1_691' title='bbox 3036 3818 3308 3885; x_wconf 85' lang='lat' dir='ltr'><strong>episcopus</strong></span> 
     </span>
    </p>
   </div>
   <div class='ocr_carea' id='block_1_107' title="bbox 1786 3898 3308 3973">
    <p class='ocr_par' dir='ltr' id='par_1_107' title="bbox 1786 3898 3308 3973">
     <span class='ocr_line' id='line_1_107' title="bbox 1786 3898 3308 3973; baseline 0.006 -23"><span class='ocrx_word' id='word_1_692' title='bbox 1786 3898 2017 3965; x_wconf 85' lang='lat' dir='ltr'><strong>accedat,</strong></span> <span class='ocrx_word' id='word_1_693' title='bbox 2046 3907 2103 3953; x_wconf 91' lang='lat' dir='ltr'><strong>ut</strong></span> <span class='ocrx_word' id='word_1_694' title='bbox 2129 3913 2297 3968; x_wconf 84' lang='lat' dir='ltr'><strong>neque</strong></span> <span class='ocrx_word' id='word_1_695' title='bbox 2325 3914 2409 3953; x_wconf 89' lang='lat' dir='ltr'><strong>res</strong></span> <span class='ocrx_word' id='word_1_696' title='bbox 2438 3899 2733 3956; x_wconf 73' lang='lat' dir='ltr'><strong>domestica:</strong></span> <span class='ocrx_word' id='word_1_697' title='bbox 2759 3917 2855 3971; x_wconf 88' lang='lat' dir='ltr'><strong>per</strong></span> <span class='ocrx_word' id='word_1_698' title='bbox 2884 3904 3167 3957; x_wconf 87' lang='lat' dir='ltr'><strong>absentiam</strong></span> <span class='ocrx_word' id='word_1_699' title='bbox 3196 3906 3308 3973; x_wconf 80' lang='lat' dir='ltr'><strong>ejus</strong></span> 
     </span>
    </p>
   </div>
   <div class='ocr_carea' id='block_1_108' title="bbox 1785 4017 3309 4100">
    <p class='ocr_par' dir='ltr' id='par_1_108' title="bbox 1785 4017 3309 4100">
     <span class='ocr_line' id='line_1_108' title="bbox 1785 4017 3309 4100; baseline 0.004 -19"><span class='ocrx_word' id='word_1_700' title='bbox 1785 4028 1869 4081; x_wconf 70' lang='lat'><strong>&#39;54.</strong></span> <span class='ocrx_word' id='word_1_701' title='bbox 1895 4046 1912 4077; x_wconf 85' lang='grc'><strong>›</strong></span> <span class='ocrx_word' id='word_1_702' title='bbox 1952 4027 2131 4095; x_wconf 85' lang='lat' dir='ltr'><strong>Itaque</strong></span> <span class='ocrx_word' id='word_1_703' title='bbox 2156 4037 2383 4100; x_wconf 77' lang='lat' dir='ltr'><strong>veterem</strong></span> <span class='ocrx_word' id='word_1_704' title='bbox 2413 4027 2685 4100; x_wconf 77' lang='lat' dir='ltr'><strong>lectionem</strong></span> <span class='ocrx_word' id='word_1_705' title='bbox 2716 4028 2989 4083; x_wconf 76' lang='lat' dir='ltr'><strong>confirmat</strong></span> <span class='ocrx_word' id='word_1_706' title='bbox 3014 4017 3309 4100; x_wconf 79' lang='lat' dir='ltr'><strong>antiquissi-</strong></span> 
     </span>
    </p>
   </div>
   <div class='ocr_carea' id='block_1_109' title="bbox 1785 4097 3304 4170">
    <p class='ocr_par' dir='ltr' id='par_1_109' title="bbox 1785 4097 3304 4170">
     <span class='ocr_line' id='line_1_109' title="bbox 1785 4097 3304 4170; baseline 0.005 -22"><span class='ocrx_word' id='word_1_707' title='bbox 1785 4112 1869 4148; x_wconf 89' lang='lat' dir='ltr'><strong>ma</strong></span> <span class='ocrx_word' id='word_1_708' title='bbox 1898 4111 2157 4170; x_wconf 73' lang='lat' dir='ltr'><strong>canonum</strong></span> <span class='ocrx_word' id='word_1_709' title='bbox 2188 4097 2569 4170; x_wconf 86' lang='lat' dir='ltr'><strong>collectio_cod.</strong></span> <span class='ocrx_word' id='word_1_710' title='bbox 2614 4097 2761 4163; x_wconf 66' lang='lat' dir='ltr'><strong>lien,</strong></span> <span class='ocrx_word' id='word_1_711' title='bbox 2802 4114 2915 4166; x_wconf 73' lang='lat' dir='ltr'><strong>qua:</strong></span> <span class='ocrx_word' id='word_1_712' title='bbox 2954 4097 3156 4170; x_wconf 74' lang='lat' dir='ltr'><strong>ubique</strong></span> <span class='ocrx_word' id='word_1_713' title='bbox 3187 4117 3304 4157; x_wconf 78' lang='lat' dir='ltr'><strong>cum</strong></span> 
     </span>
    </p>
   </div>
   <div class='ocr_carea' id='block_1_110' title="bbox 1784 4164 2486 4217">
    <p class='ocr_par' dir='ltr' id='par_1_110' title="bbox 1784 4164 2486 4217">
     <span class='ocr_line' id='line_1_110' title="bbox 1784 4164 2486 4217; baseline 0.003 -2"><span class='ocrx_word' id='word_1_714' title='bbox 1784 4164 2046 4217; x_wconf 88' lang='lat' dir='ltr'><strong>veteribus</strong></span> <span class='ocrx_word' id='word_1_715' title='bbox 2065 4164 2178 4215; x_wconf 90' lang='lat' dir='ltr'><strong>cod.</strong></span> <span class='ocrx_word' id='word_1_716' title='bbox 2210 4166 2486 4217; x_wconf 87' lang='lat' dir='ltr'><strong>consentit.</strong></span> 
     </span>
    </p>
   </div>
   <div class='ocr_carea' id='block_1_111' title="bbox 1859 4230 2919 4301">
    <p class='ocr_par' dir='ltr' id='par_1_111' title="bbox 1859 4230 2919 4301">
     <span class='ocr_line' id='line_1_111' title="bbox 1859 4230 2919 4301; baseline 0.006 -20"><span class='ocrx_word' id='word_1_717' title='bbox 1859 4230 1874 4268; x_wconf 81' lang='lat'>1</span> <span class='ocrx_word' id='word_1_718' title='bbox 1920 4230 2047 4301; x_wconf 52' lang='lat' dir='ltr'><strong>{Era</strong></span> <span class='ocrx_word' id='word_1_719' title='bbox 2073 4232 2180 4284; x_wconf 78' lang='lat' dir='ltr'><strong>sive</strong></span> <span class='ocrx_word' id='word_1_720' title='bbox 2206 4248 2451 4285; x_wconf 88' lang='lat' dir='ltr'><strong>numerus</strong></span> <span class='ocrx_word' id='word_1_721' title='bbox 2479 4233 2577 4298; x_wconf 76' lang='lat' dir='ltr'><strong>legi</strong></span> <span class='ocrx_word' id='word_1_722' title='bbox 2604 4250 2702 4285; x_wconf 86' lang='lat' dir='ltr'><strong>non</strong></span> <span class='ocrx_word' id='word_1_723' title='bbox 2734 4236 2919 4301; x_wconf 91' lang='lat' dir='ltr'><strong>potuit.</strong></span> 
     </span>
    </p>
   </div>
   <div class='ocr_carea' id='block_1_112' title="bbox 1851 4300 3308 4368">
    <p class='ocr_par' dir='ltr' id='par_1_112' title="bbox 1851 4300 3308 4368">
     <span class='ocr_line' id='line_1_112' title="bbox 1851 4300 3308 4368; baseline 0.005 -17"><span class='ocrx_word' id='word_1_724' title='bbox 1851 4310 1891 4338; x_wconf 80' lang='grc' dir='ltr'>ω</span> <span class='ocrx_word' id='word_1_725' title='bbox 1920 4300 2073 4351; x_wconf 79' lang='lat' dir='ltr'><strong>Varie</strong></span> <span class='ocrx_word' id='word_1_726' title='bbox 2107 4301 2240 4353; x_wconf 91' lang='lat' dir='ltr'><strong>idem</strong></span> <span class='ocrx_word' id='word_1_727' title='bbox 2271 4315 2435 4353; x_wconf 89' lang='lat' dir='ltr'><strong>canon</strong></span> <span class='ocrx_word' id='word_1_728' title='bbox 2462 4302 2647 4368; x_wconf 81' lang='lat' dir='ltr'><strong>legitur</strong></span> <span class='ocrx_word' id='word_1_729' title='bbox 2668 4300 2851 4365; x_wconf 29' lang='lat' dir='ltr'><strong>in’ed.,</strong></span> <span class='ocrx_word' id='word_1_730' title='bbox 2884 4304 2963 4357; x_wconf 91' lang='lat' dir='ltr'><strong>bis</strong></span> <span class='ocrx_word' id='word_1_731' title='bbox 2977 4303 3173 4357; x_wconf 90' lang='lat' dir='ltr'><strong>scilicet</strong></span> <span class='ocrx_word' id='word_1_732' title='bbox 3192 4320 3308 4358; x_wconf 82' lang='lat' dir='ltr'><strong>ver-</strong></span> 
     </span>
    </p>
   </div>
   <div class='ocr_carea' id='block_1_113' title="bbox 1710 4361 3307 4441">
    <p class='ocr_par' dir='ltr' id='par_1_113' title="bbox 1710 4361 3307 4441">
     <span class='ocr_line' id='line_1_113' title="bbox 1710 4361 3307 4441; baseline 0.003 -20"><span class='ocrx_word' id='word_1_733' title='bbox 1710 4361 1765 4421; x_wconf 79' lang='grc' dir='ltr'><strong>Ι)</strong></span> <span class='ocrx_word' id='word_1_734' title='bbox 1785 4368 1867 4441; x_wconf 84' lang='lat' dir='ltr'><strong>bis</strong></span> <span class='ocrx_word' id='word_1_735' title='bbox 1890 4384 1901 4419; x_wconf 91' lang='lat'><strong>:</strong></span> <span class='ocrx_word' id='word_1_736' title='bbox 1931 4385 1948 4415; x_wconf 74' lang='grc' dir='ltr'>ί</span> <span class='ocrx_word' id='word_1_737' title='bbox 1972 4369 2084 4441; x_wconf 65' lang='grc' dir='ltr'><strong>1)ῳο</strong></span> <span class='ocrx_word' id='word_1_738' title='bbox 2103 4361 2846 4441; x_wconf 36' lang='lat' dir='ltr'><strong>aute_m‘omnia_eisequiarum</strong></span> <span class='ocrx_word' id='word_1_739' title='bbox 2870 4382 3117 4441; x_wconf 85' lang='lat' dir='ltr'><strong>tempore,</strong></span> <span class='ocrx_word' id='word_1_740' title='bbox 3143 4390 3307 4441; x_wconf 90' lang='lat' dir='ltr'><strong>usque</strong></span> 
     </span>
    </p>
   </div>
   <div class='ocr_carea' id='block_1_114' title="bbox 1786 4435 3305 4504">
    <p class='ocr_par' dir='ltr' id='par_1_114' title="bbox 1786 4435 3305 4504">
     <span class='ocr_line' id='line_1_114' title="bbox 1786 4435 3305 4504; baseline 0.003 -16"><span class='ocrx_word' id='word_1_741' title='bbox 1786 4436 1866 4504; x_wconf 84' lang='lat' dir='ltr'><strong>ad</strong></span> <span class='ocrx_word' id='word_1_742' title='bbox 1890 4437 2159 4503; x_wconf 88' lang='lat' dir='ltr'><strong>septimam</strong></span> <span class='ocrx_word' id='word_1_743' title='bbox 2199 4435 2424 4489; x_wconf 82' lang='lat' dir='ltr'><strong>defuncti</strong></span> <span class='ocrx_word' id='word_1_744' title='bbox 2455 4438 2588 4488; x_wconf 90' lang='lat' dir='ltr'><strong>diem</strong></span> <span class='ocrx_word' id='word_1_745' title='bbox 2627 4446 2760 4504; x_wconf 84' lang='lat' dir='ltr'><strong>aget.</strong></span> <span class='ocrx_word' id='word_1_746' title='bbox 2805 4439 2934 4491; x_wconf 78' lang='lat' dir='ltr'><strong>Exin</strong></span> <span class='ocrx_word' id='word_1_747' title='bbox 2975 4435 3033 4491; x_wconf 78' lang='lat' dir='ltr'><strong>se</strong></span> <span class='ocrx_word' id='word_1_748' title='bbox 3073 4435 3305 4493; x_wconf 70' lang='lat' dir='ltr'><strong>ecclesia:</strong></span> 
     </span>
    </p>
   </div>
   <div class='ocr_carea' id='block_1_115' title="bbox 1788 4502 3305 4571">
    <p class='ocr_par' dir='ltr' id='par_1_115' title="bbox 1788 4502 3305 4571">
     <span class='ocr_line' id='line_1_115' title="bbox 1788 4502 3305 4571; baseline 0.003 -16"><span class='ocrx_word' id='word_1_749' title='bbox 1788 4502 2039 4566; x_wconf 84' lang='lat' dir='ltr'><strong>referens,</strong></span> <span class='ocrx_word' id='word_1_750' title='bbox 2072 4504 2367 4555; x_wconf 88' lang='lat' dir='ltr'><strong>mandatum</strong></span> <span class='ocrx_word' id='word_1_751' title='bbox 2393 4502 2771 4571; x_wconf 74' lang='lat' dir='ltr'><strong>metropoliiani</strong></span> <span class='ocrx_word' id='word_1_752' title='bbox 2804 4506 2954 4558; x_wconf 89' lang='lat' dir='ltr'><strong>simul</strong></span> <span class='ocrx_word' id='word_1_753' title='bbox 2990 4513 3112 4559; x_wconf 84' lang='lat' dir='ltr'><strong>cum’</strong></span> <span class='ocrx_word' id='word_1_754' title='bbox 3141 4510 3305 4561; x_wconf 86' lang='lat' dir='ltr'><strong>omni-</strong></span> 
     </span>
    </p>
   </div>
   <div class='ocr_carea' id='block_1_116' title="bbox 1783 4572 3305 4641">
    <p class='ocr_par' dir='ltr' id='par_1_116' title="bbox 1783 4572 3305 4641">
     <span class='ocr_line' id='line_1_116' title="bbox 1783 4572 3305 4641; baseline 0 -16"><span class='ocrx_word' id='word_1_755' title='bbox 1783 4572 1888 4641; x_wconf 78' lang='lat' dir='ltr'><strong>bus</strong></span> <span class='ocrx_word' id='word_1_756' title='bbox 1921 4572 2114 4625; x_wconf 88' lang='lat' dir='ltr'><strong>sanctis</strong></span> <span class='ocrx_word' id='word_1_757' title='bbox 2146 4573 2401 4639; x_wconf 86' lang='lat' dir='ltr'><strong>episcopis</strong></span> <span class='ocrx_word' id='word_1_758' title='bbox 2429 4574 2741 4639; x_wconf 88' lang='lat' dir='ltr'><strong>opperietur.</strong></span> <span class='ocrx_word' id='word_1_759' title='bbox 2784 4573 2889 4626; x_wconf 81' lang='lat' dir='ltr'><strong>Nec</strong></span> <span class='ocrx_word' id='word_1_760' title='bbox 2926 4575 3195 4641; x_wconf 88' lang='lat' dir='ltr'><strong>quisquam</strong></span> <span class='ocrx_word' id='word_1_761' title='bbox 3241 4577 3305 4626; x_wconf 88' lang='lat' dir='ltr'><strong>ad</strong></span> 
     </span>
    </p>
   </div>
   <div class='ocr_carea' id='block_1_117' title="bbox 1785 4639 3301 4705">
    <p class='ocr_par' dir='ltr' id='par_1_117' title="bbox 1785 4639 3301 4705">
     <span class='ocr_line' id='line_1_117' title="bbox 1785 4639 3301 4705; baseline 0.001 -14"><span class='ocrx_word' id='word_1_762' title='bbox 1785 4639 2077 4701; x_wconf 90' lang='lat' dir='ltr'><strong>ecclesiam,</strong></span> <span class='ocrx_word' id='word_1_763' title='bbox 2106 4654 2221 4705; x_wconf 71' lang='lat' dir='ltr'><strong>quae</strong></span> <span class='ocrx_word' id='word_1_764' title='bbox 2250 4656 2505 4692; x_wconf 88' lang='lat' dir='ltr'><strong>summum</strong></span> <span class='ocrx_word' id='word_1_765' title='bbox 2530 4641 2777 4694; x_wconf 84' lang='lat' dir='ltr'><strong>amiserat</strong></span> <span class='ocrx_word' id='word_1_766' title='bbox 2820 4639 3158 4702; x_wconf 78' lang='lat' dir='ltr'><strong>sacerdotem,</strong></span> <span class='ocrx_word' id='word_1_767' title='bbox 3204 4643 3301 4694; x_wconf 83' lang='lat' dir='ltr'><strong>nisi</strong></span> 
     </span>
    </p>
   </div>
   <div class='ocr_carea' id='block_1_118' title="bbox 1784 4706 3304 4776">
    <p class='ocr_par' dir='ltr' id='par_1_118' title="bbox 1784 4706 3304 4776">
     <span class='ocr_line' id='line_1_118' title="bbox 1784 4706 3304 4776; baseline 0.002 -17"><span class='ocrx_word' id='word_1_768' title='bbox 1784 4706 2163 4775; x_wconf 86' lang='lat' dir='ltr'><strong>metropolitani</strong></span> <span class='ocrx_word' id='word_1_769' title='bbox 2190 4708 2374 4760; x_wconf 90' lang='lat' dir='ltr'><strong>litteris</strong></span> <span class='ocrx_word' id='word_1_770' title='bbox 2412 4709 2676 4776; x_wconf 84' lang='lat' dir='ltr'><strong>invitatus,</strong></span> <span class='ocrx_word' id='word_1_771' title='bbox 2713 4711 2950 4771; x_wconf 77' lang='lat' dir='ltr'><strong>accedat;</strong></span> <span class='ocrx_word' id='word_1_772' title='bbox 2994 4726 3056 4763; x_wconf 86' lang='lat' dir='ltr'><strong>ne</strong></span> <span class='ocrx_word' id='word_1_773' title='bbox 3093 4726 3122 4761; x_wconf 90' lang='lat' dir='ltr'><strong>a</strong></span> <span class='ocrx_word' id='word_1_774' title='bbox 3157 4710 3304 4776; x_wconf 84' lang='lat' dir='ltr'><strong>plebe</strong></span> 
     </span>
    </p>
   </div>
   <div class='ocr_carea' id='block_1_119' title="bbox 1784 4775 3301 4842">
    <p class='ocr_par' dir='ltr' id='par_1_119' title="bbox 1784 4775 3301 4842">
     <span class='ocr_line' id='line_1_119' title="bbox 1784 4775 3301 4842; baseline 0.001 -14"><span class='ocrx_word' id='word_1_775' title='bbox 1784 4776 2071 4842; x_wconf 87' lang='lat' dir='ltr'><strong>decipiatur</strong></span> <span class='ocrx_word' id='word_1_776' title='bbox 2093 4786 2145 4827; x_wconf 89' lang='lat' dir='ltr'><strong>et</strong></span> <span class='ocrx_word' id='word_1_777' title='bbox 2174 4776 2275 4827; x_wconf 93' lang='lat' dir='ltr'><strong>vim</strong></span> <span class='ocrx_word' id='word_1_778' title='bbox 2302 4776 2404 4842; x_wconf 88' lang='lat' dir='ltr'><strong>pati</strong></span> <span class='ocrx_word' id='word_1_779' title='bbox 2430 4775 2650 4828; x_wconf 87' lang='lat' dir='ltr'><strong>voluisse</strong></span> <span class='ocrx_word' id='word_1_780' title='bbox 2686 4778 2935 4829; x_wconf 81' lang='lat' dir='ltr'><strong>videatur.</strong></span> <span class='ocrx_word' id='word_1_781' title='bbox 2961 4795 2976 4825; x_wconf 69' lang='grc' dir='ltr'>ι</span> <span class='ocrx_word' id='word_1_782' title='bbox 3033 4778 3085 4828; x_wconf 90' lang='lat' dir='ltr'><strong>Si</strong></span> <span class='ocrx_word' id='word_1_783' title='bbox 3125 4775 3301 4829; x_wconf 86' lang='lat' dir='ltr'><strong>nostra</strong></span> 
     </span>
    </p>
   </div>
   <div class='ocr_carea' id='block_1_120' title="bbox 1783 4842 3300 4906">
    <p class='ocr_par' dir='ltr' id='par_1_120' title="bbox 1783 4842 3300 4906">
     <span class='ocr_line' id='line_1_120' title="bbox 1783 4842 3300 4906; baseline 0 -9"><span class='ocrx_word' id='word_1_784' title='bbox 1783 4844 2018 4897; x_wconf 87' lang='lat' dir='ltr'><strong>collectio</strong></span> <span class='ocrx_word' id='word_1_785' title='bbox 2042 4858 2069 4893; x_wconf 85' lang='lat' dir='ltr'><strong>a</strong></span> <span class='ocrx_word' id='word_1_786' title='bbox 2096 4842 2141 4895; x_wconf 76' lang='lat'><strong>1.</strong></span> <span class='ocrx_word' id='word_1_787' title='bbox 2176 4844 2449 4897; x_wconf 84' lang='lat' dir='ltr'><strong>Sirmondo</strong></span> <span class='ocrx_word' id='word_1_788' title='bbox 2479 4843 2659 4897; x_wconf 78' lang='lat' dir='ltr'><strong>fuisset</strong></span> <span class='ocrx_word' id='word_1_789' title='bbox 2680 4845 2993 4906; x_wconf 84' lang='lat' dir='ltr'><strong>examinata,</strong></span> <span class='ocrx_word' id='word_1_790' title='bbox 3024 4853 3218 4897; x_wconf 85' lang='lat' dir='ltr'><strong>tantam</strong></span> <span class='ocrx_word' id='word_1_791' title='bbox 3248 4846 3300 4897; x_wconf 88' lang='lat' dir='ltr'><strong>in</strong></span> 
     </span>
    </p>
   </div>
   <div class='ocr_carea' id='block_1_121' title="bbox 1782 4912 3300 4979">
    <p class='ocr_par' dir='ltr' id='par_1_121' title="bbox 1782 4912 3300 4979">
     <span class='ocr_line' id='line_1_121' title="bbox 1782 4912 3300 4979; baseline 0 -16"><span class='ocrx_word' id='word_1_792' title='bbox 1782 4913 1963 4963; x_wconf 88' lang='lat' dir='ltr'><strong>eodem</strong></span> <span class='ocrx_word' id='word_1_793' title='bbox 2001 4926 2198 4963; x_wconf 81' lang='lat' dir='ltr'><strong>canone</strong></span> <span class='ocrx_word' id='word_1_794' title='bbox 2236 4912 2633 4977; x_wconf 74' lang='lat' dir='ltr'><strong>discrepantiam</strong></span> <span class='ocrx_word' id='word_1_795' title='bbox 2658 4912 2889 4979; x_wconf 81' lang='lat' dir='ltr'><strong>profecto</strong></span> <span class='ocrx_word' id='word_1_796' title='bbox 2914 4928 3012 4964; x_wconf 90' lang='lat' dir='ltr'><strong>non</strong></span> <span class='ocrx_word' id='word_1_797' title='bbox 3042 4912 3300 4963; x_wconf 86' lang='lat' dir='ltr'><strong>omisisset</strong></span> 
     </span>
    </p>
   </div>
   <div class='ocr_carea' id='block_1_122' title="bbox 1782 4980 3282 5046">
    <p class='ocr_par' dir='ltr' id='par_1_122' title="bbox 1782 4980 3282 5046">
     <span class='ocr_line' id='line_1_122' title="bbox 1782 4980 3282 5046; baseline -0.001 -15"><span class='ocrx_word' id='word_1_798' title='bbox 1782 4981 1861 5031; x_wconf 88' lang='lat' dir='ltr'><strong>vir</strong></span> <span class='ocrx_word' id='word_1_799' title='bbox 1904 4980 2344 5045; x_wconf 80' lang='lat' dir='ltr'><strong>diligentissimus,</strong></span> <span class='ocrx_word' id='word_1_800' title='bbox 2392 4981 2480 5046; x_wconf 87' lang='lat' dir='ltr'><strong>qui</strong></span> <span class='ocrx_word' id='word_1_801' title='bbox 2525 4980 2575 5032; x_wconf 90' lang='lat' dir='ltr'><strong>in</strong></span> <span class='ocrx_word' id='word_1_802' title='bbox 2621 4981 2748 5033; x_wconf 91' lang='lat' dir='ltr'><strong>alios</strong></span> <span class='ocrx_word' id='word_1_803' title='bbox 2776 4995 3000 5034; x_wconf 85' lang='lat' dir='ltr'><strong>canones</strong></span> <span class='ocrx_word' id='word_1_804' title='bbox 3040 4981 3282 5032; x_wconf 81' lang='lat' dir='ltr'><strong>minimas</strong></span> 
     </span>
    </p>
   </div>
   <div class='ocr_carea' id='block_1_123' title="bbox 1782 5048 2395 5100">
    <p class='ocr_par' dir='ltr' id='par_1_123' title="bbox 1782 5048 2395 5100">
     <span class='ocr_line' id='line_1_123' title="bbox 1782 5048 2395 5100; baseline -0.002 -2"><span class='ocrx_word' id='word_1_805' title='bbox 1782 5048 2057 5099; x_wconf 78' lang='lat' dir='ltr'><strong>varietates</strong></span> <span class='ocrx_word' id='word_1_806' title='bbox 2083 5049 2395 5100; x_wconf 85' lang='lat' dir='ltr'><strong>observavit.</strong></span> 
     </span>
    </p>
   </div>
   <div class='ocr_carea' id='block_1_124' title="bbox 1853 5115 2485 5174">
    <p class='ocr_par' dir='ltr' id='par_1_124' title="bbox 1853 5115 2485 5174">
     <span class='ocr_line' id='line_1_124' title="bbox 1853 5115 2485 5174; baseline 0 -7"><span class='ocrx_word' id='word_1_807' title='bbox 1853 5125 1876 5151; x_wconf 73' lang='grc' dir='ltr'><strong>υ</strong></span> <span class='ocrx_word' id='word_1_808' title='bbox 1902 5116 2059 5167; x_wconf 88' lang='lat' dir='ltr'><strong>Cone.</strong></span> <span class='ocrx_word' id='word_1_809' title='bbox 2094 5116 2229 5166; x_wconf 57' lang='lat' dir='ltr'><strong>Arri.</strong></span> <span class='ocrx_word' id='word_1_810' title='bbox 2262 5131 2295 5174; x_wconf 81' lang='grc' dir='ltr'><strong>ι,</strong></span> <span class='ocrx_word' id='word_1_811' title='bbox 2328 5132 2374 5167; x_wconf 93' lang='lat' dir='ltr'><strong>c.</strong></span> <span class='ocrx_word' id='word_1_812' title='bbox 2401 5115 2485 5167; x_wconf 75' lang='grc'><strong>21.</strong></span> 
     </span>
    </p>
   </div>
   <div class='ocr_carea' id='block_1_125' title="bbox 1854 5183 2700 5252">
    <p class='ocr_par' dir='ltr' id='par_1_125' title="bbox 1854 5183 2700 5252">
     <span class='ocr_line' id='line_1_125' title="bbox 1854 5183 2700 5252; baseline 0.002 -19"><span class='ocrx_word' id='word_1_813' title='bbox 1854 5191 1875 5216; x_wconf 90' lang='grc' dir='ltr'>ο</span> <span class='ocrx_word' id='word_1_814' title='bbox 1904 5183 1979 5252; x_wconf 62' lang='lat' dir='ltr'><strong>lix</strong></span> <span class='ocrx_word' id='word_1_815' title='bbox 2003 5183 2237 5252; x_wconf 79' lang='lat' dir='ltr'><strong>_concilio</strong></span> <span class='ocrx_word' id='word_1_816' title='bbox 2255 5183 2450 5237; x_wconf 85' lang='lat' dir='ltr'><strong>Arelat.</strong></span> <span class='ocrx_word' id='word_1_817' title='bbox 2478 5200 2513 5242; x_wconf 85' lang='grc' dir='ltr'><strong>ι,</strong></span> <span class='ocrx_word' id='word_1_818' title='bbox 2545 5196 2589 5233; x_wconf 89' lang='lat' dir='ltr'><strong>c.</strong></span> <span class='ocrx_word' id='word_1_819' title='bbox 2618 5183 2700 5235; x_wconf 73' lang='lat'><strong>19.</strong></span> 
     </span>
    </p>
   </div>
   <div class='ocr_carea' id='block_1_126' title="bbox 1852 5251 3295 5322">
    <p class='ocr_par' dir='ltr' id='par_1_126' title="bbox 1852 5251 3295 5322">
     <span class='ocr_line' id='line_1_126' title="bbox 1852 5251 3295 5322; baseline 0.006 -23"><span class='ocrx_word' id='word_1_820' title='bbox 1852 5251 2263 5322; x_wconf 26' lang='lat' dir='ltr'><strong>{Concalﬁardu</strong></span> <span class='ocrx_word' id='word_1_821' title='bbox 2286 5266 2333 5305; x_wconf 94' lang='lat' dir='ltr'><strong>c.</strong></span> <span class='ocrx_word' id='word_1_822' title='bbox 2351 5252 2431 5314; x_wconf 83' lang='lat' dir='ltr'><strong>ll,</strong></span> <span class='ocrx_word' id='word_1_823' title='bbox 2452 5253 2500 5304; x_wconf 89' lang='lat' dir='ltr'><strong>in</strong></span> <span class='ocrx_word' id='word_1_824' title='bbox 2517 5252 2703 5320; x_wconf 88' lang='lat' dir='ltr'><strong>interp.</strong></span> <span class='ocrx_word' id='word_1_825' title='bbox 2728 5251 2933 5322; x_wconf 84' lang='lat' dir='ltr'><strong>Dionys.</strong></span> <span class='ocrx_word' id='word_1_826' title='bbox 2958 5259 3009 5305; x_wconf 90' lang='lat' dir='ltr'><strong>et</strong></span> <span class='ocrx_word' id='word_1_827' title='bbox 3026 5251 3147 5308; x_wconf 85' lang='lat' dir='ltr'><strong>Isid.</strong></span> <span class='ocrx_word' id='word_1_828' title='bbox 3167 5272 3181 5318; x_wconf 87' lang='lat'>;</span> <span class='ocrx_word' id='word_1_829' title='bbox 3205 5254 3295 5307; x_wconf 84' lang='lat' dir='ltr'><strong>sed</strong></span> 
     </span>
    </p>
   </div>
   <div class='ocr_carea' id='block_1_127' title="bbox 1784 5318 2616 5373">
    <p class='ocr_par' dir='ltr' id='par_1_127' title="bbox 1784 5318 2616 5373">
     <span class='ocr_line' id='line_1_127' title="bbox 1784 5318 2616 5373; baseline -0.007 0"><span class='ocrx_word' id='word_1_830' title='bbox 1784 5319 1835 5373; x_wconf 90' lang='lat' dir='ltr'><strong>in</strong></span> <span class='ocrx_word' id='word_1_831' title='bbox 1862 5318 1949 5372; x_wconf 88' lang='lat' dir='ltr'><strong>Gr.</strong></span> <span class='ocrx_word' id='word_1_832' title='bbox 1981 5334 2027 5371; x_wconf 90' lang='lat' dir='ltr'><strong>c.</strong></span> <span class='ocrx_word' id='word_1_833' title='bbox 2058 5318 2144 5370; x_wconf 73' lang='lat'><strong>20.</strong></span> <span class='ocrx_word' id='word_1_834' title='bbox 2608 5362 2616 5367; x_wconf 88' lang='lat'><strong>.</strong></span> 
     </span>
    </p>
   </div>
   <div class='ocr_carea' id='block_1_128' title="bbox 1850 5386 2921 5455">
    <p class='ocr_par' dir='ltr' id='par_1_128' title="bbox 1850 5386 2921 5455">
     <span class='ocr_line' id='line_1_128' title="bbox 1850 5386 2921 5455; baseline 0.003 -19"><span class='ocrx_word' id='word_1_835' title='bbox 1850 5398 1874 5436; x_wconf 70' lang='grc' dir='ltr'><strong>τι</strong></span> <span class='ocrx_word' id='word_1_836' title='bbox 1914 5386 2087 5438; x_wconf 83' lang='lat' dir='ltr'><strong>Prisca</strong></span> <span class='ocrx_word' id='word_1_837' title='bbox 2114 5388 2300 5455; x_wconf 85' lang='lat' dir='ltr'><strong>interp.</strong></span> <span class='ocrx_word' id='word_1_838' title='bbox 2330 5401 2422 5439; x_wconf 89' lang='lat' dir='ltr'><strong>nec</strong></span> <span class='ocrx_word' id='word_1_839' title='bbox 2450 5388 2656 5455; x_wconf 82' lang='lat' dir='ltr'><strong>Dionys.</strong></span> <span class='ocrx_word' id='word_1_840' title='bbox 2685 5402 2779 5440; x_wconf 90' lang='lat' dir='ltr'><strong>nec</strong></span> <span class='ocrx_word' id='word_1_841' title='bbox 2803 5387 2921 5441; x_wconf 89' lang='lat' dir='ltr'><strong>Isid.</strong></span> 
     </span>
    </p>
   </div>
   <div class='ocr_carea' id='block_1_129' title="bbox 1855 5454 3285 5523">
    <p class='ocr_par' dir='ltr' id='par_1_129' title="bbox 1855 5454 3285 5523">
     <span class='ocr_line' id='line_1_129' title="bbox 1855 5454 3285 5523; baseline 0.002 -16"><span class='ocrx_word' id='word_1_842' title='bbox 1855 5467 1875 5493; x_wconf 75' lang='grc' dir='ltr'><strong><em>τ</em></strong></span> <span class='ocrx_word' id='word_1_843' title='bbox 1921 5454 2332 5523; x_wconf 35' lang='grc' dir='ltr'><strong>(Ξοιιεχὸτιτόίοη</strong></span> <span class='ocrx_word' id='word_1_844' title='bbox 2360 5471 2407 5507; x_wconf 89' lang='lat' dir='ltr'><strong>c.</strong></span> <span class='ocrx_word' id='word_1_845' title='bbox 2436 5456 2498 5508; x_wconf 72' lang='grc'>12</span> <span class='ocrx_word' id='word_1_846' title='bbox 2525 5454 2764 5509; x_wconf 75' lang='lat' dir='ltr'><strong>inGrzrc.</strong></span> <span class='ocrx_word' id='word_1_847' title='bbox 2791 5471 2805 5520; x_wconf 87' lang='lat'><strong>;</strong></span> <span class='ocrx_word' id='word_1_848' title='bbox 2836 5471 2882 5509; x_wconf 72' lang='grc' dir='ltr'><strong>ε.</strong></span> <span class='ocrx_word' id='word_1_849' title='bbox 2925 5455 2986 5507; x_wconf 81' lang='lat' dir='ltr'><strong>l5</strong></span> <span class='ocrx_word' id='word_1_850' title='bbox 3011 5455 3062 5509; x_wconf 92' lang='lat' dir='ltr'><strong>in</strong></span> <span class='ocrx_word' id='word_1_851' title='bbox 3102 5454 3285 5523; x_wconf 74' lang='lat' dir='ltr'><strong>interp.</strong></span> 
     </span>
    </p>
   </div>
   <div class='ocr_carea' id='block_1_130' title="bbox 1784 5522 2199 5642">
    <p class='ocr_par' dir='ltr' id='par_1_130' title="bbox 1784 5522 2199 5642">
     <span class='ocr_line' id='line_1_130' title="bbox 1784 5522 2199 5642; baseline -0.012 -66"><span class='ocrx_word' id='word_1_852' title='bbox 1784 5524 2054 5642; x_wconf 62' lang='lat' dir='ltr'><strong>DionIsct</strong></span> <span class='ocrx_word' id='word_1_853' title='bbox 2081 5522 2199 5596; x_wconf 68' lang='lat' dir='ltr'><strong>leid.</strong></span> 
     </span>
     <span class='ocr_line' id='line_1_131' title="bbox 1857 5595 2199 5642; baseline 0 0"><span class='ocrx_word' id='word_1_854' title='bbox 1857 5604 1874 5629; x_wconf 76' lang='grc'><strong>⁸</strong></span> <span class='ocrx_word' id='word_1_855' title='bbox 1938 5595 2088 5642; x_wconf 79' lang='lat' dir='ltr'><strong>’rtsca</strong></span> <span class='ocrx_word' id='word_1_856' title='bbox 2120 5600 2199 5642; x_wconf 74' lang='lat' dir='ltr'><strong>Illlt</strong></span> 
     </span>
    </p>
   </div>
   <div class='ocr_carea' id='block_1_131' title="bbox 1857 5591 3019 5659">
    <p class='ocr_par' dir='ltr' id='par_1_131' title="bbox 1857 5591 3019 5659">
     <span class='ocr_line' id='line_1_132' title="bbox 1857 5591 3019 5659; baseline 0.001 -17"><span class='ocrx_word' id='word_1_857' title='bbox 1857 5604 1874 5629; x_wconf 75' lang='grc' dir='ltr'><strong>ο</strong></span> <span class='ocrx_word' id='word_1_858' title='bbox 1915 5591 2088 5644; x_wconf 76' lang='lat' dir='ltr'><strong>Prisca</strong></span> <span class='ocrx_word' id='word_1_859' title='bbox 2120 5592 2381 5659; x_wconf 74' lang='lat' dir='ltr'><strong>interpret.</strong></span> <span class='ocrx_word' id='word_1_860' title='bbox 2414 5608 2505 5644; x_wconf 71' lang='lat' dir='ltr'><strong>nec</strong></span> <span class='ocrx_word' id='word_1_861' title='bbox 2537 5592 2739 5658; x_wconf 67' lang='lat' dir='ltr'><strong>Dionys.</strong></span> <span class='ocrx_word' id='word_1_862' title='bbox 2772 5606 2863 5643; x_wconf 90' lang='lat' dir='ltr'><strong>nec</strong></span> <span class='ocrx_word' id='word_1_863' title='bbox 2900 5591 3019 5643; x_wconf 82' lang='lat' dir='ltr'><strong>Isid.</strong></span> 
     </span>
    </p>
   </div>
  </div>
