3922 6222
614 260 741 313 1011

1430 264 1737 321 (ΞΑΝΟΝΕΞ
1775 263 2048 319 SELECTI
2085 267 2172 320 EX
2209 267 2372 331 VET.
2400 268 2549 322 CAN.
2588 269 2907 327 COLLECT.

3634 280 3759 333 1019.

609 369 977 424 detrimentum
1014 374 1332 438 sustineant;
1364 382 1417 427 et
1452 390 1517 428 ne
1553 374 1851 442 frequenter
1877 374 2130 426 veniendo
2160 382 2201 440 Α
2230 376 2557 442 postmodum
2602 378 2679 430 vel
2702 378 2799 445 ipsi
2827 380 2890 433 de
2918 395 2973 434 se
3023 384 3606 451 aliquideriminosum
3650 402 3758 441 con-

608 458 673 511 ad
696 459 957 513 civitatem
985 460 1217 526 alterius,
1258 464 1601 530 suspicionem
1622 461 1884 529 jactantim
1910 462 1993 515 vel
2019 477 2131 514 am-

608 545 821 600 bitionis
848 548 1098 601 incurrat.

1156 635 1193 689 C
1206 637 1379 692 APUT
1432 637 1587 694 XVII.

604 755 667 795 υκ
689 755 949 798 τοιιΙΑτιε
976 761 1391 810 Ρεικεςῐιικοιιυθι,
1414 764 1480 800 ΕΤ
1500 762 1731 800 CLERICIS
1754 762 1863 800 SINE
1890 762 2134 800 LITTEBIS

1168 830 1575 867 AMBULANTIBUS.

974 910 1533 985 Canon-Aiitiocltenus,
1567 939 1670 975 wra
1708 920 1756 974 8.

667 1021 692 1048 ι
746 1008 953 1088 Nullum
1008 1013 1396 1080 peregrinorum
1440 1012 1636 1079 absque
1680 1012 1900 1068 formata
1940 1016 2132 1082 suscipi

607 1106 829 1164 oportet.

1106 1168 1240 1220 /Era
1283 1169 1314 1221 9
1360 1168 1496 1238 [cam
1543 1168 1617 1238 8].

668 1251 845 1321 Neque
872 1256 1201 1326 presbyteros
1220 1258 1284 1313 ad
1311 1260 1550 1328 regiones
1576 1258 1882 1328 longinquas
1909 1262 2126 1314 canoni-

598 1353 688 1394 cas
716 1342 958 1409 epistolas
980 1346 1123 1408 dare,
1146 1347 1247 1399 nisi
1268 1346 1333 1398 ad
1356 1346 1625 1413 episcopos
1652 1346 1900 1401 finitimos
1924 1348 2125 1416 simpli-

592 1442 680 1485 ces
706 1431 952 1499 epistolas
980 1433 1209 1487 mittere.

1187 1522 1218 1560 δ
1258 1521 1393 1573 ίΕνα
1435 1522 1517 1575 10.

658 1607 879 1661 Vicariis
907 1624 1033 1662 vero
1060 1610 1421 1677 episcoporum
1464 1608 1716 1662 formatas
1744 1608 1917 1663 facere
1947 1609 2119 1664 liceat.

903 1696 1076 1750 Canon
1102 1696 1545 1763 Chalcedonensis,
1574 1715 1679 1751 aera
1716 1700 1799 1752 11.

659 1792 681 1820 α
719 1781 912 1838 Omnes
936 1785 1113 1852 inopes
1140 1785 1221 1837 vel
1242 1784 1531 1853 indigentes
1552 1785 1840 1839 subsidium
1861 1801 1977 1839 cum
2001 1801 2125 1856 pro-

589 1871 802 1925 batione
831 1882 1014 1940 petant
1047 1873 1409 1941 apostolicum,
1440 1873 1521 1926 vel
1549 1889 1667 1927 cum
1696 1874 1930 1942 paciﬁcis
1958 1875 2126 1928 eccle-

585 1960 812 2013 siasticis
834 1962 1192 2013 tantummodo
1218 1960 1633 2026 proficiscantur,
1659 1968 1711 2012 et
1730 1975 1831 2011 non
1857 1976 2119 2013 commen-

588 2048 807 2114 datitiis,
837 2050 959 2118 quia
986 2049 1423 2102 commendatitite
1451 2048 1837 2101 houestioribus
1864 2049 2120 2116 personis.

792 2137 967 2191 Canon
993 2138 1339 2200 Laodicensis,
1379 2153 1482 2189 (era
1508 2135 1573 2190 28
1610 2133 1745 2206 [cam
1795 2135 1904 2206 4i].

582 2262 591 2267 -
661 2226 685 2264 ἀ
711 2216 824 2280 Non
854 2236 1060 2296 oportet
1097 2227 1367 2280 ministros
1400 2226 1600 2291 altaris,
1645 2227 1722 2279 vel
1754 2228 1911 2280 etiam
1934 2227 2122 2280 laicum

590 2318 702 2370 sine
740 2320 1002 2372 canonicis
1030 2320 1220 2373 litteris
1243 2359 1258 2384 ,
1298 2319 1350 2371 id
1391 2328 1471 2372 est
1508 2318 1749 2383 formata,
1797 2319 1971 2386 aliquo
1996 2335 2120 2387 pro-

595 2406 776 2462 ficisci.
1316 2414 1349 2435 κ

880 2494 1057 2547 Conon
1089 2494 1532 2558 Chalcedonensis,
1579 2511 1685 2548 arra
1721 2496 1804 2548 15.

664 2598 688 2626 ο
721 2588 1031 2656 Peregrinos
1067 2587 1286 2642 clericos
1313 2589 1364 2641 in
1404 2588 1559 2641 aliam
1614 2589 1879 2658 civitatem
1930 2597 2120 2657 praeter

585 2676 1035 2731 commendatitias
1053 2678 1256 2733 litteras
1279 2678 1358 2734 sui
1377 2678 1605 2747 epiSCOpi
1626 2718 1640 2744 ,
1689 2693 1945 2747 nusquam
1971 2682 2119 2749 peni-

589 2774 672 2819 tus
696 2767 993 2821 ministrare
1029 2769 1238 2821 debere.

810 2854 984 2907 Canon
1016 2857 1333 2923 Agat/tensis,
1363 2873 1468 2909 cera
1495 2855 1561 2909 26
1608 2855 1745 2927 [cum
1772 2857 1882 2929 58].

652 2946 839 3001 Clerici
877 2947 965 3001 vel
998 2949 1155 3001 etiam
1191 2948 1452 3011 monachi,
1482 2947 1640 3018 [Edd.
1688 2966 1788 3002 om.
1845 2951 2110 3021 monachi]

584 3036 699 3091 sine
747 3037 1183 3091 commendatitiis
1226 3037 1416 3090 litteris
1460 3038 1539 3090 sui
1592 3038 1821 3106 episcopi
1849 3039 2112 3092 licentiam

581 3123 739 3199 (Var.
768 3127 907 3195 edd.)
943 3142 1042 3179 non
1066 3127 1335 3195 patiantur
1375 3128 1644 3195 evagandi.
1702 3126 1719 3164 τ
1750 3128 1898 3192 Quod
1944 3128 1987 3181 si
2022 3142 2113 3182 eos

581 3216 857 3268 verborum
880 3217 1135 3268 correctio
1156 3230 1256 3267 non
1274 3216 1648 3279 emendaverit,
1680 3218 1840 3270 etiam
1878 3220 2112 3271 verberi-

579 3306 678 3356 bus
704 3312 1045 3357 coerceantur
1104 3302 1405 3373 [statuimus
1426 3303 1700 3374 coerceri].

930 3391 1107 3444 Canon
1134 3391 1474 3460 Epaunensis,
1504 3409 1607 3446 wra
1630 3394 1662 3446 5
1688 3396 1732 3446 ε.

643 3486 957 3555 Presbytero
979 3485 1068 3538 vel.
1085 3486 1325 3548 diacono,
1350 3485 1461 3537 sine
1487 3485 1739 3538 antistitis
1765 3486 1844 3538 sui
1873 3485 1899 3525 ιι
1925 3486 2112 3541 litteris

575 3575 881 3640 ambulanti,
949 3576 1368 3628 communionem
1397 3573 1568 3627 nullus
1594 3575 1877 3642 impendat.

887 3662 1063 3717 Conon
1090 3664 1488 3726 Aurelianensis,
1533 3679 1639 3717 cera
1676 3665 1761 3720 18.

644 3753 874 3808 Clericos
897 3753 950 3807 in
971 3753 1192 3807 aliorum
1215 3753 1516 3807 civitatibus
1538 3753 1618 3807 vel
1660 3753 1941 3810 territoriis
1967 3771 2112 3811 com-

574 3852 866 3907 morantes,
896 3845 963 3897 ad
984 3844 1182 3897 nullum
1208 3843 1486 3898 clericatus
1510 3844 1763 3899 honorem
1792 3848 1987 3915 absque
2026 3849 2105 3902 sui

576 3949 830 3992 consensu
851 3936 1079 4008 episcopi
1108 3937 1297 3993 debent
1325 3924 1621 4009 promoveri
1652 3942 1693 3993 ί.

1131 4047 1352 4102 CAPUT
1391 4050 1569 4103 XVIII.

573 4150 831 4202 ουλιιτει
857 4152 954 4195 νει
978 4151 1075 4192 PRO
1093 4151 1429 4199 QUIBUSLIBE'I‘
1473 4152 1652 4193 CULPIS
1673 4153 1887 4201 QCISQUE
1912 4156 2105 4196 θεοκλ-

1225 4222 1415 4260 υετυιι.

985 4291 1161 4345 Canon
1185 4292 1234 4344 Ν
1238 4310 1461 4360 yca'nus,
1493 4310 1598 4346 aera
1619 4295 1702 4347 11.

648 4381 662 4432 i
710 4381 775 4435 Et
818 4382 863 4435 si
896 4380 1030 4436 forte
1056 4382 1337 4437 indiscrete
1362 4384 1426 4436 ad
1468 4384 1821 4437 sacerdotium
1844 4386 2100 4452 provecti,

643 4546 667 4573 ι
708 4533 1095 4601 Priscainterp.
1117 4547 1214 4586 nec
1238 4532 1450 4601 Dionys.
1480 4545 1575 4583 nec
1602 4531 1721 4601 Isid.

642 4604 669 4641 δ
709 4600 823 4670 Non
859 4600 1191 4670 distinguitur
1218 4600 1495 4670 aipraiced.
1524 4600 1715 4670 iuedil.

644 4680 666 4738 ἐ
706 4668 884 4724 Prisca
913 4667 1100 4738 interp.
1133 4684 1228 4722 nec
1248 4667 1466 4738 _D_ionys.
1496 4682 1593 4721 nec
1612 4667 1749 4738 Isid.

639 4737 664 4776 δ
695 4738 876 4807 Ργίεω
906 4735 1093 4807 interp.
1129 4744 1226 4790 nec
1247 4735 1458 4807 pionys.
1490 4750 1587 4789 nec
1611 4735 1731 4807 Isid.

646 4816 668 4873 ξ
694 4804 872 4858 Prisca
905 4803 1093 4871 interi).
1123 4819 1221 4856 nec
1248 4804 1458 4873 Dionys.
1489 4818 1585 4873 nec
1604 4803 1735 4873 ‘lsid.

645 4872 665 4909 ί
694 4874 819 4927 Vide
847 4889 995 4926 conc.
1032 4870 1338 4927 Veneticum
1365 4870 1404 4935 ί,
1434 4887 1483 4926 c.
1514 4871 1565 4934 5,
1592 4870 1644 4923 6.

644 4943 670 4980 ⁸
710 4942 867 4995 Cone.
894 4942 1089 5008 Epaon,
1119 4957 1166 4994 c.
1195 4940 1246 4992 6.

642 5008 668 5045 δ
713 5010 831 5063 Var.
859 5006 976 5063 edd.
1017 5010 1120 5064 Sed
1147 5008 1263 5061 vide
1283 5006 1473 5061 coneil.
1513 5007 1690 5061 Aurel.
1716 5025 1793 5072 Ill,
1819 5023 1863 5062 c.
1896 5008 1977 5072 15,
2003 5011 2091 5065 ubi

575 5079 674 5132 iste
701 5094 863 5131 canon
891 5079 1103 5145 perinde
1148 5078 1337 5130 citatur
1361 5084 1420 5127 ut
1444 5074 1635 5145 legitur
1663 5079 1712 5130 in
1737 5077 1852 5131 coll.

650 5147 668 5188 ί
700 5146 801 5200 Iste
828 5144 992 5199 canon
1015 5146 1242 5215 pertinet
1290 5145 1355 5197 ad
1400 5144 1678 5215 concilium
1716 5146 2089 5199 Aurelianense

573 5231 657 5281 tu,
711 5230 759 5269 c.
784 5215 866 5278 15,
907 5223 995 5268 aut
1016 5213 1084 5267 ad
1104 5230 1135 5266 v
1164 5228 1335 5273 wnc.,
1360 5226 1405 5265 c.
1434 5213 1485 5275 5,
1516 5213 1603 5281 ubi
1632 5214 1764 5266 idem
1792 5228 1977 5268 sensus
2006 5229 2087 5267 re-

576 5280 741 5338 fertur
781 5283 960 5351 paucis
1014 5284 1185 5336 verbis
1234 5280 1604 5351 mutatis._Sic
1645 5296 1766 5334 vero
1786 5282 1836 5351 in
1866 5283 2086 5351 concilio

578 5349 798 5413 Aurel,
829 5366 876 5403 c.
905 5352 991 5413 15,
1050 5351 1268 5405 habetur
1297 5364 1311 5401 :
1344 5366 1360 5397 ι
1390 5350 1464 5402 De
1481 5349 1564 5419 his
1607 5363 1731 5419 vero
1759 5350 1964 5419 clericis
1997 5353 2083 5419 qui

577 5422 672 5496 sub
692 5420 1330 5497 qualibet_occasione__aut
1359 5418 1657 5497 conditione
1678 5418 1737 5495 .in
1767 5418 1986 5497 aliorum
2012 5419 2083 5471 οἰ-

577 5486 825 5539 vitatilius
866 5489 945 5541 vel
999 5489 1276 5543 territoriis
1326 5486 1641 5540 crediderint
1678 5486 2081 5549 immorandum,

579 5568 644 5608 ne
689 5554 753 5608 ad
773 5556 929 5609 ullum
956 5558 1227 5611 clericatus
1255 5559 1503 5610 honorem
1527 5554 1721 5620 absque
1745 5553 1821 5606 sui
1853 5553 2081 5621 cpiscop=

2126 4297 2176 4358 D

2232 466 2354 520 ὣςδί
2395 477 2533 529 sunt,
2573 469 2652 520 vel
2703 470 2767 521 ab
2788 470 2906 523 aliis
2950 474 3129 525 revicti
3160 474 3255 544 [id]
3286 478 3627 543 alijiciantur.

2598 552 2772 607 Canon
2820 556 3156 625 Epauncnsis.
3196 578 3301 615 trra
3332 564 3411 615 19.

2298 640 2471 695 Abbas
2497 643 2539 696 si
2564 643 2615 697 in
2640 645 2789 712 culpa
2820 649 3110 713 reperiatur
3137 649 3248 719 [aut
3274 652 3508 722 fraude],
3536 661 3597 706 et
3617 654 3759 709 inno-

2230 734 2433 778 centem
2464 743 2519 780 se
2544 744 2785 783 asserens
2812 733 2877 785 ab
2897 735 3143 801 episcopo
3195 752 3289 789 suo
3317 740 3561 805 accipere
3585 740 3756 794 nolue-

2230 814 2298 865 rit
2345 830 2731 883 successorem,
2780 821 2844 872 ad
2880 824 3261 890 metropolitani
3295 824 3554 891 judicium
3606 828 3758 881 dedu-

2228 910 2398 956 catur.

2802 996 2955 1051 (Era.
2979 998 3066 1051 22.

2297 1082 2321 1119 ιι
2352 1081 2406 1135 Si
2430 1083 2680 1138 diaconus
2734 1094 2823 1139 aut
2859 1088 2876 1155 (
2891 1086 3011 1139 Var.
3059 1088 3202 1157 edd.)
3241 1095 3517 1162 presbyter
3564 1097 3756 1150 crimen

2226 1173 2447 1257 capitale
2474 1176 2815 1239 commiserit,
2861 1178 3126 1245 depositus
3158 1179 3247 1249 [ab
3296 1183 3449 1238 ofﬁcii
3504 1186 3746 1257 honore],

2225 1254 2279 1305 in
2320 1257 2636 1309 monasterio
2664 1258 2984 1322 retrudatur,
3019 1261 3089 1313 ibi
3111 1267 3484 1331 tantummodo,
3519 1254 3751 1336 quandiu

2225 1342 2415 1395 vixerit
2436 1336 2823 1399 “communione
2843 1349 3115 1402 sumenda.

2530 1432 2707 1487 Canon
2738 1435 3143 1503 Aurelianensis,
3167 1456 3273 1493 cra
3301 1440 3335 1494 6
3362 1440 3402 1494 ι.

2291 1519 2347 1573 Si
2373 1520 2623 1576 diaconus
2643 1532 2731 1577 aut
2752 1526 3029 1595 presbyter
3062 1528 3260 1581 crimen
3285 1530 3509 1597 capitale
3544 1534 3757 1587 commi-

2222 1610 2369 1674 serit,
2399 1611 2553 1665 simul
2604 1620 2657 1666 et
2697 1612 2950 1667 ollieioet
2996 1616 3362 1672 communione
3403 1620 3663 1689 privetur.

2153 1681 2202 1741 Β
2840 1701 2975 1754 Αἶγα
3000 1703 3032 1757 8
3061 1714 3119 1755 ιιι.

2292 1784 2446 1855 (Αάά.
2499 1787 2552 1840 in
2583 1788 2725 1858 edd.)
2785 1788 2839 1841 Si
2891 1791 3012 1857 quis
3038 1791 3262 1846 clericus
3301 1793 3628 1849 adulterasse
3670 1806 3753 1850 aut

2221 1874 2491 1927 confessus
2514 1875 2597 1927 vel
2628 1876 2855 1928 revictus
2892 1876 3067 1942 fuerit,
3125 1878 3392 1947 depositus
3416 1883 3480 1935 ab
3508 1884 3684 1937 otiicio
3706 1894 3755 1938 et

2222 1960 2586 2012 communione
2609 1952 2979 2033 concessa,'[in
3008 1966 3350 2038 monasterio]
3387 1977 3496 2024 toto
3519 1978 3751 2039 tempore

2220 2048 2339 2100 vitm
2364 2061 2471 2100 sure
2500 2049 2818 2101 retrudatur.

2849 2137 3099 2207 45'09‘

2289 2223 2345 2277 Si
2388 2225 2506 2291 quis
2532 2226 2752 2280 clericus
2776 2225 2975 2281 furtum
2994 2238 3083 2281 aut
3103 2227 3382 2285 falsitatem
3406 2234 3749 2297 commiserit,

2219 2314 2338 2378 quia
2364 2315 2604 2380 capitalia
2633 2323 2754 2368 sunt
2776 2315 2909 2385 [ipsa
2930 2318 3197 2391 crimina],
3226 2324 3594 2377 communione
3624 2339 3746 2379 con-

2218 2417 2383 2468 cessa,
2413 2404 2478 2455 ab
2505 2405 2688 2458 ordine
2714 2405 3043 2473 degradetur.

2528 2478 2547 2495 ’
2911 2496 3045 2549 Era
3071 2497 3105 2551 2
3132 2505 3176 2550 °.

2284 2581 2465 2635 Nullus
2486 2583 2792 2636 clericorum
2816 2601 2844 2637 a
2872 2587 3209 2651 subdiacono,
3232 2597 3283 2642 et
3312 2604 3489 2658 supra,
3520 2590 3609 2660 (In
3634 2594 3743 2646 edd.

2217 2671 2336 2722 add.
2373 2672 2627 2742 qua’dam)
2679 2668 2800 2727 cum
2850 2669 3013 2728 ustore
3047 2689 3204 2742 quam
3227 2685 3350 2730 ante
3397 2676 3549 2747 (Var.
3610 2680 3745 2748 edd.)

2216 2760 2398 2815 habuit
2418 2762 2715 2816 misceatur.
2742 2762 2890 2829 Quod
2927 2764 2969 2817 si
2991 2763 3195 2829 fecerit,
3222 2764 3353 2819 laica
3378 2769 3741 2826 communione

2216 2866 2462 2905 concessa
2514 2851 2856 2923 [contentus],
2914 2853 3069 2921 (Add.
3121 2856 3355 2922 qumdam
3405 2858 3460 2908 in
3504 2855 3649 2924 edd.)
3685 2861 3748 2911 ab

2214 2940 2383 2995 ollicio
2408 2944 2713 3009 deponatur.
2739 2944 2889 3008 Quod
2916 2944 2957 2996 si
2996 2944 3168 2997 sciens
3196 2942 3348 3014 (Var.
3379 2945 3519 3012 cdd.)
3550 2945 3736 3012 cpisco-

2194 3045 2309 3097 pus
2335 3045 2459 3082 suus
2486 3030 2657 3083 taliter
2707 3032 2894 3098 egisse,
2942 3039 2995 3084 et
3052 3046 3173 3083 eum
3202 3042 3382 3100 postea
3421 3033 3486 3085 ad
3506 3030 3733 3085 cilicium

2212 3120 2500 3183 admiserit,
2521 3122 2687 3173 tribus
2718 3120 2984 3175 mensibus
3003 3136 3121 3174 cum
3144 3121 3449 3192 pmniteptia
3474 3119 3564 3191 [ad
3590 3135 3735 3190 agen-

2210 3206 2328 3259 dam
2354 3208 2743 3283 pmnitentiam]
2791 3210 2859 3262 sit
2904 3224 2934 3260 a
2955 3224 3050 3262 suo
3074 3208 3246 3262 ollicio
3265 3218 3646 3277 sequestratus.

2832 3297 2965 3350 zEra
2995 3299 3024 3348 7
3060 3310 3104 3349 P.
3392 3360 3397 3365 ι

2278 3386 2466 3440 Clerici
2498 3386 2658 3456 [Εέά.
2705 3387 2827 3439 add.
2880 3388 2969 3454 qui
3018 3400 3140 3440 cum
3193 3400 3384 3441 uxores
3431 3402 3539 3440 non
3585 3387 3734 3442 habe

2211 3475 2361 3547 rent]
2402 3477 2768 3531 benedictione
2818 3483 3061 3544 suscepta
3114 3474 3157 3529 si
3208 3474 3448 3542 coniugia
3504 3474 3731 3528 credide-

2211 3566 2315 3618 rint
2370 3566 2624 3630 eligenda,
2678 3566 2768 3632 qui
2816 3565 3049 3618 volentes
3092 3564 3291 3632 absque
3329 3564 3432 3615 ulla
3476 3563 3733 3616 reclama-

2210 3655 2351 3708 tione
2423 3654 2476 3706 in
2528 3661 2683 3707 aetate
2734 3653 2962 3722 legitima
3023 3653 3236 3707 fuerunt
3293 3653 3562 3718 ordinati,
3623 3669 3733 3707 cum

2207 3742 2334 3809 ipsis
2365 3742 2670 3795 mulieribus
2693 3740 2848 3812 [quas
2878 3738 3195 3809 acceperint]
3229 3740 3597 3794 communione
3633 3740 3730 3809 pel-

2206 3830 2400 3883 lantur.
2455 3830 2603 3895 Quod
2633 3831 2677 3884 si
2724 3831 2919 3883 invitus
2965 3838 3054 3884 aut
3085 3830 3376 3883 reclamans
3404 3830 3563 3884 fuerit
3598 3831 3728 3884 ordi-

2206 3926 2381 3981 natus,
2433 3920 2723 3985 deponatur
2753 3919 2818 3972 ab
2848 3918 3037 3981 cilicio,
3092 3919 3185 3972 sed
3231 3934 3334 3971 non
3367 3922 3729 3975 communione

2204 4008 2445 4076 pellatur.
2484 4008 2775 4075 Episcopus
2815 4007 2904 4074 qui
2950 4007 3167 4059 invitum
3218 4016 3309 4060 aut
3360 4008 3729 4068 reclamantem

2203 4096 2526 4148 ordinaverit
2556 4094 2970 4165 [praesumpserit
2995 4094 3284 4166 ordinare],
3323 4096 3534 4150 annuali
3564 4099 3725 4166 paeni-

2204 4187 2377 4239 tentia:
2396 4186 2633 4239 subditus
2660 4184 2847 4237 missas
2869 4181 3041 4257 facere
3064 4199 3167 4238 non
3199 4194 3499 4254 pnesumat.

2862 4280 2997 4335 Era
3028 4282 3091 4332 i7
3120 4292 3168 4333 σι.

2270 4372 2345 4425 De
2379 4373 2458 4424 his
2480 4373 2566 4441 qui
2595 4374 2649 4424 in
2674 4372 2841 4425 aliena
2872 4372 3073 4425 diwcesi
3118 4370 3324 4425 clericos
3373 4374 3633 4429 ordinant.
3669 4407 3721 4416 ο-

2197 4527 2394 4595 scripto
2415 4535 2569 4594 atque
2591 4540 2848 4579 consensu
2864 4524 3085 4595 debeant
3105 4526 3418 4595 promoveri.
3452 4545 3470 4576 ι
3502 4526 3575 4578 lta
3605 4544 3719 4594 quo-

2196 4593 2378 4663 que—in
2431 4593 2579 4648 conc.
2623 4595 2801 4663 Aurel.
2838 4610 2891 4656 γ,
2915 4610 2964 4647 c.
2994 4594 3027 4646 5
3059 4611 3070 4645 :
3114 4611 3131 4663 ς
3168 4593 3426 4646 Utnullus
3477 4593 3718 4649 clericum

2195 4660 2287 4719 seu
2316 4665 2560 4717 lectorem
2584 4660 2832 4723 alienum,
2880 4662 2993 4715 sine
3042 4662 3132 4714 sui
3168 4662 3403 4714 eessione
3456 4664 3717 4729 pontificis

2195 4734 2275 4786 vel
2295 4748 2622 4801 promovere,
2643 4730 2724 4783 vel
2753 4730 2851 4784 sibi
2874 4730 3189 4797 quibuslibet
3216 4730 3610 4785 conditionibus
3630 4746 3715 4784 au-

2194 4803 2311 4855 deat
2332 4803 2615 4854 vindicare.
2652 4819 2669 4850 ι

2263 4870 2276 4919 i
2341 4871 2533 4937 lnterp.
2572 4868 2765 4921 Rulini.
2803 4868 2918 4921 Vid.
2960 4866 3119 4937 epist.
3149 4866 3180 4918 6
3222 4864 3437 4919 Joannis
3478 4882 3626 4936 papa:
3654 4868 3706 4920 ll.

2262 4940 2286 4979 ι
2334 4939 2449 4991 Vid.
2481 4939 2659 4990 titulos
2710 4950 2966 4989 canonum
2994 4936 3377 4989 Gallicanorum
3413 4944 3537 5004 post
3561 4937 3706 5002 epist.

2189 5007 2402 5061 Joannis
2433 5022 2578 5074 papa:
2598 5005 2659 5058 ll.

2264 5074 2281 5113 ι
2328 5070 2688 5128 Cone—Aurel.
2715 5089 2753 5133 ι,
2775 5088 2823 5126 e.
2852 5071 2903 5126 9.
2922 5072 3037 5125 Vid.
3063 5070 3242 5123 titulos
3264 5086 3525 5125 canonum
3548 5070 3700 5127 Galli-

2188 5159 2458 5207 canorum,
2506 5144 2628 5195 dist.
2659 5142 2747 5204 81,
2770 5156 2834 5194 ex
2875 5155 3022 5193 conc.
3052 5139 3246 5192 Arelat.
3268 5156 3306 5203 ι,
3335 5155 3384 5192 c.
3418 5141 3508 5194 11.

2256 5223 2293 5249 ω
2314 5212 2475 5264 Conc.
2503 5208 2680 5262 Aurel.
2711 5225 2791 5270 tu,
2826 5222 2873 5261 c.
2904 5208 2954 5262 8.
2989 5208 3099 5261 Vid.
3131 5209 3272 5264 eosd.
3317 5207 3519 5266 titulos.

2254 5291 2280 5318 ιι
2307 5278 2552 5356 Ejusdem
2575 5292 2723 5331 conc.
2765 5294 2843 5356 in,
2871 5292 2919 5331 c.
2943 5276 2996 5331 8.
3044 5344 3051 5352 .

2256 5358 2279 5383 ο
2306 5346 2484 5415 Ejusd.
2516 5361 2688 5410 conc.,
2712 5362 2760 5399 c.
2783 5346 2835 5398 2.

2256 5429 2279 5467 ιι
2304 5416 2480 5487 Ejusd.
2509 5429 2655 5469 conc.
2681 5431 2761 5487 in,
2792 5414 2921 5487 c._7.

2250 5499 2275 5536 τι
2322 5480 2499 5553 Ejusd.
2529 5498 2675 5539 conc.
2708 5482 2886 5537 Aurel.
2922 5498 2998 5547 tu,
3024 5496 3070 5538 c.
3108 5480 3184 5535 15.
