3922 6222
221 351 369 408 {Ol}

215 557 564 618 ordinaverit,
596 562 673 614 vel
714 561 895 617 altaria
949 573 1354 633 consecraverit,
1409 571 1620 625 remotis
1663 575 1744 626 his

213 661 354 713 quos
382 649 660 729 ordinavit,
678 652 859 707 altaris
883 664 1053 709 tamen
1072 662 1460 714 consecratione
1482 672 1742 726 manente,

211 743 578 806 transgressor
604 756 858 797 canentum
912 761 1102 799 annum
1132 764 1159 800 a
1190 749 1464 802 missarum
1513 752 1745 805 celebra-

214 826 364 879 tione
404 831 649 885 cessabit.

590 917 763 972 Conon
790 920 1129 985 Ca'sariensis,
1168 942 1271 978 trra
1302 928 1350 980 l.
1407 986 1421 998 ,

284 1002 365 1055 De
407 1005 706 1071 presbyteris
764 1008 1146 1074 fornicantibus.
1173 1043 1239 1052 —-
1295 1014 1322 1052 ι»
1352 1014 1628 1084 Presbyter
1654 1016 1744 1082 qui

213 1104 439 1146 uxorem
468 1088 691 1160 duxerit,
721 1096 1025 1164 deponatur.
1053 1099 1415 1157 Sifornicatus
1444 1101 1618 1167 fuerit,
1643 1110 1734 1156 aut

213 1180 534 1234 adulterium
564 1186 901 1248 commiserit,
938 1187 1003 1240 ab
1035 1188 1255 1241 ecclesia
1305 1190 1579 1260 abjiciatur
1607 1192 1744 1244 inter

212 1266 385 1323 laicos
422 1271 485 1323 ad
523 1259 881 1339 pomitentiam
903 1278 1174 1344 agendam.

550 1358 725 1413 Conon
752 1363 1106 1431 Anegn’tanus,
1141 1381 1245 1419 tera
1265 1366 1351 1419 20.

287 1459 311 1486 ε
357 1447 415 1501 Si
442 1450 559 1516 quis
580 1450 885 1504 adulterium
914 1455 1253 1517 commiserit,
1295 1471 1366 1509 vn
1396 1456 1546 1509 annis
1574 1456 1743 1524 pumi-

212 1537 383 1590 tentia
403 1538 695 1605 completis,
737 1541 1026 1609 presbyteri
1076 1541 1156 1595 vel
1181 1542 1384 1595 diaconi
1413 1542 1465 1594 in
1492 1542 1741 1596 laicorum

213 1628 587 1681 communione
613 1629 912 1697 reddantur.

568 1713 745 1768 Conon
771 1715 1155 1782 Valentinensis,
1186 1735 1290 1771 αντ-α
1323 1720 1355 1772 3
1387 1719 1434 1772 ἀ.

1057 365 1361 420 (ἸᾹΝΟΝΕΞ
1399 367 1673 438 SELECTl
1712 373 1799 424 EX
1838 376 1987 429 \‘ET.
2025 378 2173 431 CAN.
2214 381 2531 439 COLLECT.

218 469 515 539 Episcopus
555 485 575 510 η
621 475 663 527 si
713 478 763 528 in
804 477 1015 534 alterius
1044 481 1254 536 dimeesi
1305 487 1499 538 alienos
1525 488 1739 540 clericos
1771 496 1808 547 Α

3218 401 3350 455 1οη

2145 494 2318 548 Canou
2344 498 2713 565 Apostolorum,
2740 520 2843 555 trra
2875 506 2940 557 30
2973 519 3014 558 ι.
3308 562 3309 565 η

1912 579 1935 615 λ
1970 579 2025 632 Si
2072 582 2189 647 quis
2211 583 2484 650 episcopus
2518 586 2688 639 saeculi
2709 597 2964 654 potestate
3006 608 3147 658 usus,
3187 606 3238 650 et
3262 614 3351 667 per

1842 665 1992 728 hanc,
2022 669 2292 722 ecclesiam
2334 672 2583 735 obtineat,
2632 675 2915 742 deponatur
2943 692 2957 730 :
2986 689 3041 733 ct
3078 665 3353 753 segregen-

1842 761 1926 805 tur
1947 770 2125 808 omnes
2147 756 2218 809 illi
2246 758 2332 824 qui
2349 761 2748 814 communicant.

2303 907 2308 910 _
2480 845 2549 897 xE
2557 863 2609 896 ra
2637 846 2723 901 45.

1907 926 2136 983 Clericus
2179 932 2431 986 ebrietate
2455 918 2721 1000 serviens,“
2764 950 2853 992 aut
2896 942 3115 1003 desinat.
3143 954 3232 1002 aut
3261 947 3351 1007 de-

1839 1024 2079 1079 ponatur.

2316 1104 2490 1160 Conon
2534 1109 2827 1166 Maticcnsts
2873 1114 2909 1165 ¹.

1908 1190 1964 1245 Si
2017 1191 2163 1261 [Item
2209 1194 2535 1249 decernimus
2559 1206 2616 1263 ut
2665 1200 2856 1263 nullus,
2910 1203 3035 1273 etc.]
3082 1209 3355 1276 presbyter

1838 1279 2105 1335 confertus
2125 1283 2264 1347 cibo,
2304 1293 2394 1337 aut
2440 1287 2735 1353 crapulatus
2761 1285 2899 1351 vir-0,
2948 1295 3203 1349 sacriﬁcia
3231 1313 3355 1352 con-

1839 1375 2084 1431 trectare,
2124 1379 2214 1425 aut
2260 1374 2446 1427 missas
2489 1375 2659 1428 facere
2689 1376 2925 1446 [privatis
2953 1382 3200 1452 festisque
3246 1387 3333 1442 die

1837 1457 1935 1511 bus
1974 1461 2790 1534 concelebrare].prarsumpscrit,
2848 1469 2995 1539 (Var.
3025 1484 3069 1524 et
3100 1474 3202 1526 alia
3228 1476 3353 1530 add.

1839 1546 1892 1597 in
1916 1548 2018 1617 ed.)
2046 1549 2196 1616 juxta
2242 1568 2468 1607 canones
2494 1555 2766 1612 Africanos
2814 1560 3113 1628 dignitatem
3142 1565 3352 1619 amittat

1840 1635 2070 1690 honoris.

2168 1725 2345 1784 Conon
2368 1732 2727 1799 apostolorum,
2760 1752 2863 1789 trra
2897 1738 2963 1790 40
2988 1750 3046 1791 τη.

286 1800 563 1896 (Quaedam
592 1801 713 1896 add.
745 1802 798 1854 in
824 1803 937 1896 edd.
971 1802 1399 1896 Diacon_us(llar.
1423 1804 1562 1896 edd.)
1585 1819 1732 1896 pres-
1764 1787 1811 1844 Β
1881 1813 2183 1883 Episcopus,
2201 1787 2924 1889 presliyler,tliaconus,aleze,
2940 1787 3045 1881 hoc
3054 1830 3352 1896 csttabulis,

212 1891 391 1958 byter,
440 1892 523 1945 vel
573 1892 848 1959 episcopus
894 1891 939 1944 si
986 1892 1193 1945 mortali
1245 1892 1462 1945 crimine
1510 1893 1738 1945 dixerint

211 1992 270 2031 se
295 1993 418 2031 esse
453 1980 697 2046 pollutos,
736 1979 1062 2046 deponantur
1093 1978 1143 2048 [a
1172 1979 1503 2046 supradictis
1530 1979 1738 2033 ordina-

212 2067 447 2119 tionibus
471 2067 922 2136 sublnoveantur],
951 2066 1103 2135 (Var.
1134 2069 1274 2135 edd.)
1307 2070 1419 2122 sive
1452 2084 1588 2121 verae
1614 2084 1738 2122 con-

211 2154 478 2219 fessionis,
529 2158 607 2211 vel
658 2158 931 2212 mendacii.
984 2157 1161 2226 Neque
1180 2159 1320 2212 enim
1345 2158 1541 2211 absolvi
1576 2158 1626 2211 in
1657 2158 1739 2212 his

210 2253 411 2312 potest,
461 2245 633 2314 (Deest
670 2247 721 2299 in
754 2246 896 2316 edd.)
929 2245 972 2299 si
999 2247 1050 2301 in
1078 2246 1277 2314 seipsos
1330 2246 1575 2305 dixerint,
1600 2247 1737 2313 quod

211 2332 412 2385 dictum
439 2335 490 2386 in
517 2333 647 2388 alios
670 2334 963 2402 puniretur,
1007 2349 1125 2387 cum
1149 2334 1319 2387 omnis
1344 2335 1433 2403 qui
1461 2334 1558 2387 sibi
1584 2333 1740 2387 fuerit

213 2420 405 2474 mortis
440 2436 620 2484 causa,
648 2422 1106 2490 majorhomicida
1139 2423 1226 2475 sit.

488 2556 501 2566 κ
588 2507 763 2561 Conon
784 2510 1077 2576 Africanus,
1101 2525 1205 2561 trra
1229 2507 1296 2560 44
1341 2520 1383 2560 ο.

278 2595 517 2651 Clericus
548 2595 861 2667 maledicust
900 2598 1231 2663 maximeque
1277 2596 1329 2648 in
1358 2593 1734 2657 sacerdotibus,
1812 2606 1815 2609 ‘

208 2693 430 2754 cogatur
455 2685 521 2737 ad
544 2684 905 2752 postulandam
933 2685 1158 2737 veniam.
1190 2684 1248 2737 Si
1274 2683 1518 2747 noluerit,
1548 2683 1737 2751 degra-

212 2774 382 2836 detur,
417 2789 515 2826 nec
534 2788 762 2841 unquam
803 2773 869 2827 ad
890 2770 1117 2826 cilicium
1149 2772 1346 2840 absque
1381 2770 1740 2825 satisfactione

212 2868 505 2914 revocetur.

864 2947 998 3001 Αἶγα
1019 2947 1089 3002 45
1119 2946 1162 3000 ί.

278 3057 514 3113 Clericus
532 3059 621 3127 qui
642 3058 1025 3115 adulationibus
1049 3066 1103 3115 et
1134 3058 1516 3129 proditionibus
1556 3058 1731 3127 vagari
1758 3081 1805 3144 α

214 3148 633 3219 deprehenditur,
687 3151 755 3203 ab
794 3149 964 3203 ollicio
1008 3150 1300 3217 deponatur
1351 3146 1730 3219 [degradetur].

854 3255 1077 3312 Αἴναὸἆ
1107 3259 1151 3310 3.

278 3360 337 3419 Si
362 3364 699 3432 ptenitentem
725 3366 898 3423 sciens
919 3348 1193 3434 episcopus
1215 3365 1555 3429 ordinaverit,
1580 3365 1733 3419 ambo

210 3450 559 3521 degradentur
581 3463 634 3508 ct
656 3454 922 3523 ordinator
973 3462 1026 3509 et
1074 3455 1343 3509 ordinatus
1390 3452 1517 3523 [Al.,
1572 3455 1732 3509 etiam

213 3538 277 3592 ab
301 3539 631 3608 episcopatus
656 3540 737 3593 sui
761 3540 1035 3594 ordinandi
1062 3541 1314 3595 duntaxat
1338 3548 1594 3608 potestate
1601 3541 1733 3610 ,μί-

211 3624 402 3697 retur].
887 3693 1019 3747 [Em
1043 3694 1111 3749 85
1127 3695 1176 3747 δ’

276 3799 531 3856 Similiter
553 3802 744 3873 [Simili
794 3803 1063 3858 sententiae
1112 3800 1422 3873 subiacebit]
1450 3800 1499 3856 si
1525 3801 1729 3871 episco-

210 3902 307 3957 pus
352 3891 524 3945 sciens
547 3892 867 3945 ordinaverit
889 3890 1182 3962 [clericum]
1232 3906 1350 3945 eum
1378 3893 1468 3960 qui
1496 3893 1726 3956 viduam,

209 3985 301 4033 aut
321 3980 669 4048 repudiatam,
694 3987 783 4033 aut
804 3981 1083 4034 secundam
1104 3980 1285 4033 habuit
1312 3994 1552 4034 uxorem.

594 4084 771 4138 Conon
796 4085 1123 4150 Arelatensis,
1153 4095 1258 4140 tera
1280 4063 1384 4140 τί.

276 4192 331 4249 Si
351 4196 628 4265 episcopus
655 4198 871 4250 alterius
886 4197 1134 4252 clericum
1155 4198 1267 4251 sine
1291 4211 1547 4253 consensu
1569 4191 1793 4268 [epis5‘

212 4285 332 4360 tola]
362 4288 443 4341 sui
473 4289 700 4357 episcopi
718 4287 925 4356 (Quoad.
969 4289 1089 4341 add.
1121 4289 1174 4340 in
1214 4288 1353 4358 edd.)
1384 4288 1722 4351 ordinaverit,

1836 1911 1927 1954 aut
1946 1904 2185 1957 ebrietati
2203 1908 2455 1971 serviens,
2472 1920 2556 1962 aut
2571 1911 2789 1971 desinat,
2808 1922 2895 1965 aut
2908 1924 3048 1969 certe
3063 1918 3352 1972 damnetur.

2229 1991 2401 2046 Conon
2431 1995 2694 2061 Nicaeum,
2723 2005 2828 2052 (ενα
2853 2001 2917 2053 18
2945 2011 2989 2053 υ.

1906 2085 1929 2112 °
1962 2076 2148 2133 Clerici
2182 2078 2497 2145 fenerantes,
2531 2090 2582 2136 et
2635 2084 2720 2135 (νηί
2776 2097 2857 2112 ’³⁸⁸
2926 2088 3086 2142 simas
3139 2092 3354 2159 exigunt

1834 2164 1914 2218 vel
1938 2181 2123 2221 usuras
2148 2181 2213 2221 ex
2239 2168 2470 2236 quolibet
2494 2178 2646 2240 negot
2919 2183 3065 2229 antur
3093 2177 3154 2230 de
3191 2178 3347 2231 clero.

2152 2254 2327 2308 Canon
2360 2257 2649 2324 Apostolon
2735 2316 2741 2321 ,
2785 2262 2907 2314 aia.
2929 2300 2942 2313 .
2962 2300 2974 2313 .
3009 2273 3052 2315 ρ.

1901 2342 2215 2410 Episcopus,
2244 2345 2534 2411 presbyter,
2580 2345 2829 2400 diaconus
2864 2363 2930 2402 ne
2980 2365 3204 2417 unquam
3255 2366 3351 2405 sae-

1834 2432 2038 2488 culares
2066 2448 2220 2486 curas
2244 2441 2527 2486 assumant.
2555 2434 2645 2487 Sin
2676 2435 2842 2497 aliter,
2872 2437 3213 2505 deponantur.

2074 2523 2252 2575 Conon
2296 2520 2643 2585 Ca'sariensis,
2673 2540 2775 2576 tera
2806 2527 2838 2579 8
2865 2524 2999 2593 icon.
3039 2527 3115 2595 9].

1900 2617 1928 2657 η
1960 2607 2016 2660 Si
2041 2609 2158 2676 quis
2177 2610 2453 2677 presbyter
2474 2610 2745 2665 confessus
2765 2612 2942 2675 fuerit,
2965 2615 3099 2680 quod
3124 2624 3246 2669 ante
3269 2631 3349 2670 ora

1834 2695 2150 2750 dinationem
2178 2712 2326 2749 suam
2374 2698 2626 2763 corporali
2669 2709 2884 2766 peccato
2913 2702 3086 2769 lapsus
3118 2711 3215 2766 est,
3249 2719 3352 2758 non

1832 2783 2041 2851 quidem
2083 2781 2289 2847 offerat,
2312 2792 2521 2837 maneat
2554 2792 2724 2837 tamen
2773 2786 2824 2838 in
2854 2788 2971 2841 aliis
3014 2789 3198 2845 oﬂiciis
3230 2806 3351 2861 pro-

1831 2879 1950 2940 pter
1978 2871 2254 2925 utilitatem
2283 2874 2411 2942 ejus.

1863 2982 2096 3053 Epistula
2141 2976 2432 3040 Ilormisda:
2486 3004 2650 3068 popae,
2679 3007 2768 3059 per
2811 2994 3070 3048 universas
3120 2999 3318 3065 provin-

2489 3067 2595 3110 ctas
2642 3067 2684 3109 ⁸’.

1898 3137 1954 3193 Si
1983 3149 2004 3178 ι
2035 3139 2152 3207 quis
2181 3139 2430 3195 diaconus
2454 3180 2468 3204 ,
2509 3143 2587 3196 vel
2613 3146 2902 3213 presbyter,
2927 3156 3044 3214 post
3080 3163 3347 3218 acceptam

1828 3226 2241 3281 benedictionem
2268 3229 2525 3283 leviticam
2548 3246 2664 3285 cum
2701 3248 2871 3287 uxore
2901 3249 2995 3289 sua
3024 3238 3348 3295 incontinens

1832 3315 2115 3381 invenitur,
2138 3317 2202 3370 ab
2242 3316 2413 3372 oﬂlcio
2438 3318 2728 3386 abjiciatur.
2760 3322 2896 3376 Ecce
2923 3324 3346 3382 manifestissime

1831 3416 2038 3461 constat
2056 3406 2192 3474 quod
2217 3408 2498 3461 secundum
2525 3412 2542 3444 ί
2572 3411 2747 3464 titulos
2771 3413 3101 3480 antiquorum
3135 3414 3345 3469 Patrum

1832 3492 2033 3562 [sancto
2078 3492 2274 3561 Spiritu
2324 3504 2632 3563 suggerente
2683 3499 3034 3569 conscriptos]
3083 3517 3113 3554 a
3161 3512 3343 3557 sancto

1828 3578 2026 3632 Joanne
2072 3593 2206 3648 papa
2251 3583 2605 3645 transmissos,
2654 3592 2706 3637 et
2733 3600 2952 3639 cccxvm
2981 3587 3341 3656 episcoporum

1829 3669 2115 3722 sententias
2180 3684 2404 3724 canones
2459 3670 2711 3726 Gallicani
2762 3676 3029 3730 continere
3080 3677 3339 3742 videntur,
3412 3660 3415 3663 δ

1828 3759 1967 3827 quod
2014 3759 2188 3813 clerici
2234 3759 2294 3811 in’
2335 3761 2645 3814 adulterium
2673 3763 3008 3829 deprehensi,
3045 3774 3096 3818 ct
3123 3776 3212 3818 aut
3240 3768 3337 3834 ipsi

1828 3845 2070 3908 confessi,
2098 3856 2187 3901 aut
2212 3849 2277 3901 ab
2325 3848 2442 3902 aliis
2475 3851 2654 3905 revicti
2677 3853 2740 3904 ad
2761 3852 3007 3907 honorem
3040 3855 3208 3909 redire
3233 3873 3337 3911 non

1826 3947 2061 4008 possunt.
2080 3939 2140 3992 Et
2150 3940 2273 4007 quia
2290 3940 2512 3995 fortasse
2527 3955 2627 3995 non
2647 3942 2849 4005 desunt,
2868 3946 3054 4011 quibus
3068 3960 3162 4013 pro
3176 3945 3336 4000 nimia

1825 4027 2018 4094 pietate
2031 4039 2184 4092 supra
2200 4027 2392 4093 scripta
2402 4065 2416 4088 ,
2430 4037 2730 4080 sanctorum
2742 4028 2954 4082 Patrum
2980 4030 3229 4082 severitas
3242 4030 3335 4085 mi-

1825 4116 1965 4170 nime
1986 4115 2207 4183 placeat,
2237 4116 2404 4170 sciant
2429 4131 2485 4170 se
2508 4125 2560 4169 et
2582 4133 2798 4172 cccxvnt
2837 4119 3193 4186 episcoporum
3218 4132 3263 4182 ιι,
3281 4126 3335 4176 et

1825 4204 1915 4272 qui
1954 4204 2183 4272 reliquos
2211 4218 2439 4259 canones
2480 4204 2874 4268 constituerunt,
2900 4205 2979 4257 vel
3016 4212 3328 4269 statuerunt,

1826 4292 2109 4346 sententias
2150 4290 2526 4359 reprehendere
2564 4289 2644 4343 vel
2673 4290 2935 4343 damnare.
2977 4289 3078 4343 Sed
3110 4291 3330 4346 fortasse

212 4380 475 4432 ordinatus
511 4381 801 4448 deponatur
818 4419 834 4443 ,
866 4387 921 4433 et
960 4366 1226 4433 ordinato'r
1250 4378 1432 4431 tribus.
1464 4379 1727 4432 mensibus
1754 4377 1803 4435 υ
1825 4378 1993 4446 major
2020 4389 2101 4434 est
2127 4381 2180 4433 in
2209 4379 2310 4433 illis
2333 4380 2501 4447 pietas
2513 4393 2667 4446 quam
2692 4378 2743 4429 in
2773 4376 3082 4444 supradictis
3107 4393 3327 4435 cccxvnt

185 4523 190 4528 ,
213 4469 569 4522 communione
590 4470 843 4537 privetur.

275 4604 299 4632 ι
347 4592 480 4653 Edd.
513 4609 529 4647 :
561 4614 579 4646 ι
616 4595 668 4649 in
697 4597 950 4650 diteceses
978 4595 1172 4649 alienas
1192 4594 1254 4648 ad
1279 4594 1479 4648 alienos
1505 4594 1724 4649 clericos

211 4660 540 4727 ordinandas,
567 4664 646 4716 vel
686 4662 1035 4718 consecranda
1078 4662 1262 4714 altaria
1285 4661 1483 4716 irruerc
1511 4679 1613 4715 non
1640 4663 1723 4716 de-

212 4723 299 4796 bet
323 4747 335 4782 :
363 4731 503 4796 quod
526 4723 574 4784 'si
600 4731 797 4785 fecerit.
832 4753 850 4784 ι
879 4732 1077 4785 Czetera
1101 4739 1159 4782 ut
1194 4730 1244 4782 in
1272 4730 1391 4781 coll.

276 4795 305 4836 δ
350 4795 529 4867 ξιιὶεαι
559 4799 747 4867 interp.
772 4815 868 4853 nec
896 4800 1107 4867 Dionys.
1150 4796 1390 4867 nee_lsi_d.

277 4863 1223 4947 ξηΡνίδρίίνίῃιθι-ῥ.,ηθῆῡξςξιι-Ῡειχιιςο
1245 4865 1365 4947 ιξὰ.

273 4930 299 4969 «ι
314 4930 477 4988 Cone.
504 4930 761 4988 Valentini
781 4951 828 4988 c.
854 4935 905 4987 4.
932 4930 1047 4988 Vixi.
1073 4932 1248 4986 titulos
1270 4931 1536 4987 Canonum
1558 4931 1718 4987 Galli-

213 5011 454 5070 canorum
490 5015 573 5070 ep.
600 5001 817 5057 Joannis
841 5019 879 5055 ιι
904 5003 1182 5070 subjectos.

280 5067 481 5135 °_Conc.
509 5065 689 5123 Carth.
713 5072 921 5124 nomine
941 5065 1014 5133 iv,
1034 5086 1081 5121 c.
1105 5068 1192 5130 57,
1221 5082 1310 5121 seu
1336 5067 1507 5135 potius
1522 5065 1712 5122 Statut.

215 5131 578 5203 Eccl.iantiq.;
607 5139 659 5191 in
682 5138 799 5193 cod.
835 5131 1062 5191 Barb.’e.
1105 5134 1188 5186 44.

279 5201 300 5239 ί
348 5199 621 5273 Idem—est
639 5222 782 5260 num.
830 5206 884 5259 in
925 5207 1041 5259 cod.
1088 5204 1275 5268 Barb.;
1321 5219 1468 5257 conc.
1529 5199 1710 5273 Carth.

214 5279 305 5377 ηε
320 5270 571 5393 fdsgnm.
595 5341 647 5395 in
675 5341 791 5396 eod.
813 5340 1001 5404 Barb.;
1049 5356 1194 5395 conc.
1232 5340 1411 5395 Carth.
1449 5353 1521 5400 tv,
1544 5353 1590 5392 c.
1623 5337 1707 5393 68.

278 5405 302 5473 lt
329 5406 406 5459 ld.
436 5423 490 5460 ιι.
533 5409 583 5461 in
609 5410 724 5463 cod.
748 5410 808 5461 B.
830 5426 844 5473 ;
868 5424 1015 5463 conc.
1039 5426 1090 5462 ιν
1111 5408 1286 5463 Carth.
1314 5425 1360 5461 c.
1387 5407 1469 5462 69.

284 5471 299 5512 ί
326 5473 485 5528 Cone.
509 5475 651 5529 Arcl.
676 5492 728 5539 v,
755 5492 802 5530 c.
834 5471 898 5529 '7.

280 5550 294 5613 ξ
413 5543 548 5596 19ἱη
582 5545 700 5606 Gr.,
729 5561 775 5597 (τ.
808 5545 866 5597 51
916 5547 1051 5613 apud
1086 5546 1290 5612 Dionys.

280 5607 306 5647 ι
332 5610 519 5679 lnterp.
557 5627 659 5666 non
694 5614 901 5679 Dionys.

1821 4472 2096 4540 episcopis,
2123 4468 2291 4536 major
2310 4469 2361 4522 in
2382 4468 2484 4521 illis
2509 4466 2863 4520 misericordia
2888 4468 3042 4531 quam
3072 4464 3124 4517 in
3147 4474 3327 4520 sancto

1894 4597 1909 4636 ι
1940 4597 2137 4651 Concil.
2158 4594 2619 4655 Matisconcnsisn,
2652 4608 2697 4645 e.
2730 4592 2780 4644 5.

1887 4677 1924 4704 ω
1950 4666 2009 4717 Ill
2044 4666 2097 4717 in
2123 4665 2240 4729 Gr.,
2266 4680 2313 4718 c.
2361 4663 2427 4715 4‘2
2467 4663 2599 4729 apud
2622 4661 2827 4728 Dionys.
2862 4660 3126 4714 Paululum
3151 4658 3323 4717 differt

1818 4735 1884 4788 ab
1910 4735 2095 4801 interp.
2125 4733 2333 4801 Dionys.

1886 4813 1911 4838 η
1940 4802 1997 4855 C.
2028 4794 2089 4854 l9
2116 4794 2301 4865 interp.
2328 4794 2515 4850 Ruﬁni.

1887 4878 1909 4903 ο
1945 4869 2086 4936 Sing.
2104 4868 2297 4936 interp.

1887 4880 1912 4985 ἓ
1937 4880 2435 5006 gdliig..tiuil:lg_r;eco,
2471 4942 2586 4980 can.
2674 4928 2886 5006 interpr.
2910 4929 3117 4999 Dionys.

1880 5016 1906 5053 τι
1933 5005 2124 5081 interp.
2142 5014 2238 5081 nec
2263 4994 2470 5081 Dionys.
2500 5010 2601 5081 nec
2622 4994 2742 5081 lsid.

1884 5082 1905 5109 τ
1933 5071 2027 5123 llic
2053 5063 2225 5121 titulus
2242 5064 2498 5132 posterius
2521 5064 2722 5132 videtur
2744 5063 2968 5130 scriptus
2992 5064 3042 5116 in
3069 5065 3184 5119 cod.
3211 5081 3309 5119 ms.

1812 5137 2066 5205 Quidquid
2088 5136 2173 5205 sit,
2209 5130 2266 5205 ut
2289 5134 2506 5205 ipsamet
2524 5130 2842 5185 demonstrat
2866 5132 3101 5200 epistola,
3126 5148 3309 5204 perpe-

1812 5199 1923 5259 ram
1949 5199 2187 5257 tribuitur
2212 5199 2513 5252 llormisdzc.

1880 5284 1900 5309 ι
1931 5272 2087 5325 Cone.
2126 5268 2312 5321 Araus.
2355 5281 2398 5330 ι,
2445 5279 2490 5319 c.
2525 5264 2624 5329 25;
2658 5279 2802 5318 conc.
2846 5265 3214 5324 Aurelianense
3247 5282 3312 5335 ν,

1810 5354 1855 5392 ς’
1883 5338 2052 5457 tLV'ar.
2076 5403 2126 5455 in
2155 5402 2271 5454 edd.
2295 5408 2348 5454 et
2373 5415 2455 5468 ap.
2479 5399 2622 5454 Grat.
2663 5400 2782 5453 dist.
2819 5400 2901 5454 50.

1877 5485 1898 5509 υ
1930 5470 2058 5524 Add.
2098 5470 2259 5539 inde-tl.
2296 5487 2306 5519 :
2343 5488 2358 5515 ί
2387 5469 2647 5539 Ριηρςθνιδ
2679 5476 2730 5521 ct
2753 5472 2927 5539 sancti
2956 5484 3097 5539 papae
3124 5480 3305 5524 aucu-

1808 5542 2031 5601 ritatcm,
2058 5546 2108 5590 et
2134 5537 2334 5590 illorum
2355 5537 2653 5604 pontificum
2678 5538 2783 5603 qui.
2824 5546 2920 5588 rlc.
2958 5558 2974 5586 ι
