3922 6222
567 330 700 383 1015

1374 334 1680 389 CANONES
1717 332 1992 388 SELECTI
2026 332 2116 387 EX
2156 334 2303 389 VET.
2339 335 2490 390 CAN.
2531 334 2849 393 COLLECT'.

3550 334 3687 390 τοισ

562 439 887 510 [apostolico]
919 440 1116 496 Joanne
1158 452 1311 512 papa,
1340 447 1505 515 major
1544 448 1771 502 charitas
1817 465 1974 518 quam
2016 448 2069 501 in
2096 448 2142 506 Δ
2168 443 2219 497 in
2240 446 2340 499 hoc
2366 447 2595 514 periculo
2622 449 2828 501 mittere
2846 447 3058 501 omnino
3084 460 3185 500 non
3205 446 3371 499 audeo
3396 445 3547 514 :quia
3586 461 3686 499 nec

556 525 773 594 reliquis
812 528 1003 583 sanctis
1044 532 1397 585 sacerdotibus
1431 534 1518 599 qui
1561 535 1671 588 hate
1708 536 1941 603 exempla
1991 536 2073 588 vel

555 617 785 669 remedia
809 616 931 686 [hoc
952 633 1047 686 pro
1084 620 1322 688 exemplo
1345 621 1425 675 vel
1448 623 1699 694 remedio]
1729 625 2070 679 ecclesiarum

555 702 665 755 suis
694 702 1076 777 deﬁnitionibus
1094 706 1541 761 deliberaverunt?
1568 711 1631 763 Et
1655 711 1773 765 ideo
1797 718 1886 763 aut
1908 726 2068 781 prona

554 788 768 862 [plena]
819 793 1084 847 voluntate
1134 797 1407 862 praeceptis
1469 798 1670 849 illorum
1721 798 2079 859 consentiant,

553 876 703 944 (Var.
744 880 884 948 edd.)
904 889 993 933 aut
1018 882 1259 934 omnibus
1283 883 1385 934 illis
1414 884 1802 936 contrarios'be
1824 893 1877 937 et
1902 884 2067 937 inimi-
2096 883 2107 895 ‘

549 979 640 1018 cos
663 948 776 1019 esse
797 962 1130 1035 cognoscant.
1159 970 1283 1033 Quae
1308 977 1389 1023 est
1426 970 1640 1037 iustitia:
1668 971 1879 1023 inimica
1920 972 2067 1025 heni-

545 1054 737 1123 gnltas,
765 1057 975 1122 palpare
1016 1057 1346 1119 criminosus,
1375 1065 1427 1109 et
1454 1057 1669 1110 vulnera
1693 1072 1872 1110 eorum
1903 1072 2067 1125 usque

549 1140 607 1194 in
633 1143 767 1194 diem
787 1141 969 1207 judieii
993 1143 1221 1195 incurata
1245 1144 1484 1197 servare?
1519 1143 1665 1209 Quod
1702 1145 1745 1198 si
1780 1158 1869 1198 eos
1894 1146 2062 1197 duris-

548 1231 734 1282 simam
757 1231 1114 1297 paenitentiam
1141 1220 1232 1297 per
1258 1232 1439 1299 plures
1477 1247 1641 1285 annos
1682 1248 1839 1299 agere
1863 1234 2065 1286 videre-

544 1332 680 1379 mus,
710 1320 784 1372 sic
813 1331 837 1358 ι
879 1328 930 1372 et
968 1320 1189 1386 idipsum
1236 1329 1288 1373 et
1334 1321 1487 1373 saluti
1540 1335 1721 1373 eorum
1768 1321 2056 1382 consulere,

542 1415 598 1457 ut
635 1416 685 1460 et
705 1396 961 1461 canonum
982 1408 1290 1462 deberemus
1310 1415 1502 1462 statuta
1524 1423 1753 1461 servare.
1779 1408 1908 1461 Cum
1937 1422 2061 1461 vero

542 1497 593 1546 in
612 1497 867 1564 aliquibus
881 1514 977 1552 nec
995 1499 1326 1566 compunctio
1346 1498 1671 1561 humilitatis,
1687 1512 1782 1551 nec
1812 1498 2057 1550 instantia

536 1586 717 1637 orandi
755 1585 835 1639 vel
863 1586 1135 1654 plangendi
1189 1594 1457 1654 appareat,
1498 1601 1595 1639 nec
1638 1587 1849 1638 beatum
1895 1585 2059 1638 David

537 1669 825 1732 imitentur,
881 1674 967 1739 qui
1019 1674 1192 1725 dixit:
1228 1672 1425 1725 Lavabo
1469 1690 1558 1740 per
1607 1673 1833 1741 singulas
1888 1682 2054 1725 noctes

2166 532 2291 584 talia
2337 542 2455 587 sunt
2488 537 2673 589 merita
2719 550 2855 600 mea,
2893 544 2950 589 ut
2981 536 3198 589 aliorum
3239 544 3456 603 peccata
3502 536 3554 587 in
3596 549 3684 587 me

2164 621 2399 687 excipere
2426 636 2735 688 prmsumam
2775 640 2788 675 :
2839 638 2937 677 nec
2967 632 3163 676 tantam
3191 621 3541 689 eloquentiam
3585 622 3683 674 ha.

2160 706 2279 769 beo,
2316 714 2371 759 ut
2394 702 2525 761 ante
2542 710 2769 762 tribunal
2808 709 3003 764 Christi
3039 715 3219 763 contra
3244 716 3417 761 tantos
3445 723 3507 762 ac
3545 707 3686 763 tales

2161 804 2367 850 sanctos
2405 800 2719 862 sacerdotes,
2744 800 2833 867 qui
2862 813 3088 853 canones
3123 804 3450 859 statuerunt,
3489 812 3683 850 causas

2160 885 2334 938 dicere
2356 886 2573 951 poesim.
2602 887 2785 941 Videat
2807 888 3182 954 unusquisque,
3202 888 3289 953 qui
3311 886 3465 939 aliter
3483 886 3685 939 sentire

2158 971 2241 1023 vel
2278 972 2555 1025 observare
2599 966 2844 1040 disponit,
2882 974 3108 1041 qualiter
3149 975 3315 1041 possit
3341 974 3395 1025 in
3435 971 3685 1036 dieiudi-

2159 1057 2225 1109 cii
2253 1058 2467 1110 reddere
2494 1059 2766 1112 rationem.
2794 1060 2903 1127 Ego
2946 1060 2999 1112 in
3042 1068 3297 1126 quantum
3325 1059 3464 1109 vires
3497 1058 3684 1122 digna-

2160 1152 2247 1195 tur
2288 1145 2413 1197 dare
2436 1144 2593 1209 Deus,
2624 1147 2743 1199 volo
2766 1162 2948 1199 eorum
2985 1146 3417 1214 praeceptionibus
3463 1144 3685 1198 obedire

2160 1231 2442 1301 [studere];
2484 1235 2605 1300 quia
2643 1249 2759 1287 cum
2798 1236 2900 1288 illis
2926 1249 3030 1287 non
3059 1234 3221 1295 rixas,
3267 1234 3357 1286 sed
3390 1247 3571 1300 pacem
3592 1271 3608 1293 ,
3631 1242 3686 1284 et

2155 1320 2566 1386 qualemcunque
2587 1330 2790 1387 partem
2823 1322 3015 1375 habere
3042 1320 3299 1374 desidero.
3329 1321 3389 1373 Et
3429 1319 3531 1371 hoc
3556 1318 3679 1371 dili-

2154 1417 2338 1475 genter
2370 1408 2741 1461 attendendum
2777 1418 2872 1469 est,
2922 1418 2980 1463 ut
3017 1409 3090 1463 illi
3120 1408 3291 1479 [Quod
3316 1409 3363 1462 si
3391 1409 3683 1462 secundum

2106 1496 2109 1507 ’
2155 1496 2293 1560 quod
2319 1494 2569 1563 scriptum
2596 1506 2697 1559 est,
2743 1497 2837 1559 illi,
2867 1498 2994 1568 etc.]
3042 1498 3219 1553 clerici
3257 1499 3343 1565 qui
3371 1498 3437 1550 ad
3485 1510 3683 1551 uxorm

2152 1582 2393 1650 proprias
2419 1582 2653 1647 redeunt,
2678 1584 2743 1637 ad
2774 1586 3029 1656 integrum
3050 1588 3117 1639 ab
3144 1585 3314 1640 cilicio
3352 1584 3684 1653 suspendan-

2153 1678 2255 1722 tur.
2282 1671 2347 1725 Et
2392 1673 2471 1726 sic
2496 1674 2655 1726 etiam
2687 1673 2879 1742 digami
2924 1682 2977 1728 et
3020 1675 3435 1742 interuuptarum
3476 1674 3679 1737 mariti,

533 1755 716 1806 lectum
742 1772 924 1819 meum,
951 1757 1187 1826 Iacrymis
1226 1760 1349 1811 meis
1391 1768 1605 1812 stratum
1644 1776 1811 1812 meum
1857 1759 2051 1828 rigaba.
2086 1735 2128 1794 Β
2153 1759 2241 1825 qui
2272 1759 2452 1827 utique
2480 1775 2593 1814 rem
2635 1760 2832 1813 licitam
2870 1761 3089 1824 faciunt,
3127 1761 3304 1815 clerici
3336 1770 3511 1815 tamen
3536 1764 3681 1815 ordi-

534 1844 598 1894 l-Zt
636 1844 759 1896 illud
810 1864 821 1896 :
870 1845 1098 1899 Cinerem
1143 1849 1275 1899 sicut
1324 1864 1506 1916 panem
1559 1848 1966 1912 manducabam,
2012 1858 2058 1901 et

531 1942 701 1997 Ροιωη
728 1949 888 1983 ’παίω
911 1949 1022 2002 Cum
1044 1944 1172 2011 [tetu
1190 1936 1481 2005 miscebant,
1504 1956 1599 1996 nec
1629 1956 1720 1994 eos
1746 1937 1956 2006 jejlmiis
1975 1936 2054 1988 νει

528 2016 840 2075 lectionibus
883 2046 1067 2087 vacare
1120 2034 1416 2090 videamus;
1478 2044 1754 2097 possumus
1800 2038 2052 2093 agnosce-

526 2134 585 2173 re
604 2158 619 2182 ,
650 2120 692 2173 si
723 2122 785 2173 ad
802 2122 1054 2173 honorem
1076 2120 1355 2186 pristinum
1402 2117 1655 2179 redirent,
1699 2128 1816 2168 cum
1855 2120 2051 2181 quanta

530 2208 859 2277 negligentia,
890 2216 943 2259 et
972 2222 1087 2260 cum
1114 2215 1308 2274 quanto
1331 2214 1509 2271 tepore
1540 2201 1842 2273 [torpore],
1878 2208 1933 2254 et
1955 2199 2052 2252 ini-

524 2296 659 2348 mica
694 2296 879 2347 animae
898 2294 1176 2348 securitate
1196 2299 1583 2363 permanerent,
1610 2290 1882 2344 credentes
1910 2286 2050 2354 quod

523 2384 602 2438 sic
641 2384 718 2436 eis
765 2399 866 2437 non
899 2392 1014 2437 acta
1060 2384 1212 2452 digne
1247 2381 1556 2451 paenitentia
1590 2377 1847 2431 dimiserit
1887 2374 2048 2436 Deus,

527 2472 782 2540 quomodo
806 2482 855 2525 et
877 2472 1177 2525 sacerdotes
1202 2470 1480 2523 indulsisse
1504 2468 1764 2521 videntur.
1799 2464 1933 2517 Vere
1975 2463 2049 2516 di—

524 2578 585 2614 co
604 2603 618 2624 ,
656 2563 779 2629 quia
809 2561 882 2613 illi
912 2561 1008 2627 ipsi
1032 2560 1221 2627 quibus
1246 2574 1363 2611 cum
1390 2556 1684 2626 periculosa
1712 2562 1766 2607 et
1786 2551 1916 2605 falsa
1948 2551 2046 2604 mi-

522 2649 803 2702 sericordia
847 2647 1117 2714 indulgere
1154 2644 1412 2708 videmur,
1462 2659 1583 2699 cum
1630 2649 1763 2695 ante
1812 2639 2041 2702 tribunal

520 2736 850 2803 Christipro
902 2735 1057 2788 tantis
1103 2733 1330 2802 peccatis
1376 2729 1657 2785 damnandi
1702 2726 2042 2795 advenerim,

520 2837 700 2878 contra
724 2801 819 2878 nos
846 2826 983 2891 ipsos
1008 2838 1193 2876 causas
1222 2820 1410 2874 dicturi
1433 2826 1573 2882 sunt,
1598 2818 1831 2871 dicentes
1861 2828 1875 2866 :
1903 2813 2039 2883 quod

520 2915 639 2965 dum
670 2913 1003 2981 asperitatem
1029 2912 1216 2981 lingua:
1235 2924 1417 2965 eorum
1445 2908 1767 2976 expavimus,
1794 2914 1883 2958 aut
1906 2904 2039 2957 falsa

518 3000 869 3053 blandimenta
894 3008 945 3053 et
967 2999 1284 3067 periculosas
1302 2997 1627 3052 adulationes
1647 2995 1871 3048 libenter
1894 3006 2039 3046 acce-
2061 3039 2109 3104 ϐ

555 3091 565 3101 .
1311 3088 1347 3104 ..
1419 3098 1431 3104 _
1459 3086 1473 3104 κ
1785 3082 2038 3104 μηρυμ-

518 3091 705 3157 pimus,
728 3104 821 3142 nos
863 3104 970 3153 eos,
999 3088 1150 3160 (Var.
1195 3086 1479 3157 σμᾶται.)
1510 3088 1633 3141 dum
1658 3084 1764 3139 illis
1785 3082 2039 3137 inutiliter

519 3177 901 3246 indulgeremus
927 3178 977 3230 in
1003 3178 1228 3245 peccatis
1241 3188 1566 3244 permanere,
1581 3182 1672 3227 aut
1690 3174 1800 3241 ipsa
1822 3178 2040 3239 peccata

520 3266 674 3318 etiam
703 3280 893 3334 augere
937 3264 1329 3333 permiserimus
1354 3301 1369 3326 ,
1414 3278 1518 3315 non
1548 3261 1884 3355 meordantes
1912 3255 2057 3319 illud.

518 3356 655 3423 quod
699 3354 750 3406 in
780 3353 951 3409 Veteri
975 3353 1309 3407 Testamento
1339 3346 1591 3419 scriptum
1616 3355 1734 3412 est,
1786 3346 1909 3414 quia
1936 3359 2037 3397 uno

518 3452 750 3519 peccante
795 3452 967 3495 contra
1007 3460 1175 3496 omnes
1202 3444 1280 3495 ira
1306 3441 1397 3495 Dei
1422 3439 1666 3496 desaeviet
1693 3438 1738 3490 δ.
1766 3434 1809 3491 Ο
1829 3436 1995 3506 pietas
2020 3434 2033 3487 ἱ

519 3552 551 3583 υ
577 3534 959 3587 misericordia!
984 3534 1070 3585 uni
1096 3547 1330 3600 parcere,
1358 3540 1410 3583 et
1435 3544 1616 3583 omnes
1644 3525 1821 3597 (Van)
1854 3539 2033 3578 exem—

520 3625 603 3691 plo
634 3624 780 3677 malo
826 3624 886 3675 in.
924 3624 1201 3677 discrimen
1254 3624 1531 3677 adducere.
1580 3619 1693 3674 Non
1742 3620 1815 3672 ita
1853 3618 2036 3671 suadet

520 3723 575 3774 ὃ.
604 3719 776 3790 (γαν.)
801 3719 1087 3790 Cyprianus
1119 3721 1248 3791 (Lib.
1282 3720 1343 3772 de
1371 3718 1567 3788 Lapsis)
1614 3718 1794 3771 dicens
1825 3730 1839 3767 :
1882 3734 1900 3764 ‹
1936 3714 2035 3780 Qui

519 3818 819 3877 peccantem
843 3810 1015 3863 verbis
1037 3809 1363 3863 adulantibus
1389 3808 1581 3876 palpat,
1608 3805 1858 3875 peccandi
1881 3802 2037 3858 fomi-

522 3907 623 3950 tem
649 3897 1024 3960 subministrat,
1050 3913 1145 3951 nec
1180 3899 1368 3965 premit
1398 3895 1679 3967 [reprimit]
1706 3894 1917 3957 delicta,
1946 3894 2041 3967 sed

518 3986 673 4040 fovet.
714 4005 729 4036 ι
761 3986 822 4038 Et
852 3986 1071 4038 iterum?
1094 4004 1112 4035 ι
1144 3986 1419 4054 lmperitus
1446 3993 1525 4039 est
1552 3985 1786 4037 medicus
1805 3983 1893 4049 qui
1917 3990 2035 4035 ante

518 4076 767 4142 deiectam
805 4076 1129 4142 putrediuem
1157 4062 1454 4143 superducit
1490 4074 1692 4127 vulneri
1734 4073 2035 4125 cicatricem

520 4162 760 4231 (Multum
795 4180 901 4216 var.
933 4164 984 4215 in
1010 4162 1169 4231 σάοι).
1206 4183 1225 4215 ι
1256 4163 1320 4215 Et
1362 4164 1477 4216 ideo
1514 4163 1789 4230 diligenter
1816 4176 2035 4231 perpen-

518 4254 651 4316 dite,
698 4253 739 4306 si
781 4260 870 4305 aut
894 4260 1079 4319 potest,
1115 4260 1205 4304 aut
1247 4252 1398 4327 debet
1428 4250 1559 4313 ﬁeri,
1592 4259 1649 4303 ut
1688 4258 1949 4303 tantorum
1972 4263 2034 4301 ac

2153 1848 2264 1900 nari
2295 1862 2398 1900 non
2426 1856 2663 1914 possunt,
2694 1856 2746 1899 et
2769 1849 2813 1899 si
2846 1849 3077 1901 ordinati
3104 1847 3319 1910 fuerint,
3341 1848 3679 1914 dejiciantur,

2153 1934 2216 1986 de
2261 1934 2450 2000 quibus
2495 1935 2655 1987 etiam
2700 1944 2907 1989 sanctus
2955 1936 3178 1991 Faustus
3226 1938 3277 1993 in
3322 1938 3537 2005 epistola
3581 1953 3681 1991 sua

2150 2022 2282 2075 dixit
2310 2040 2322 2073 :
2362 2039 2380 2072 ι
2408 2022 2586 2076 Perdit
2609 2024 2831 2089 gratiam
2880 2026 3193 2087 consecrati,
3234 2026 3321 2093 qui
3368 2027 3540 2079 adhuc
3566 2026 3682 2077 otii-

2150 2108 2287 2161 cium
2313 2110 2423 2162 vult
2459 2120 2482 2147 ε
2515 2110 2746 2180 excitare
2774 2109 3062 2182 [exercere]
3111 2113 3307 2165 mariti.
3343 2132 3362 2165 ι
3396 2113 3527 2166 Cum
3562 2115 3681 2168 hac

2147 2218 2176 2255 a
2201 2203 2361 2256 tantis
2388 2218 2450 2257 ac
2479 2203 2670 2259 talibus
2696 2204 2823 2257 viris
2848 2212 3042 2257 statuta
3070 2205 3195 2264 sint,
3230 2220 3339 2272 qua
3354 2204 3679 2257 conscientia

2145 2290 2422 2357 quisquam
2455 2290 2630 2343 dicere
2670 2289 2881 2358 poterit,
2924 2291 3064 2356 quod
3093 2291 3181 2345 ille
3226 2292 3313 2359 qui
3359 2292 3681 2346 adulterium

2145 2378 2484 2445 commiserit,
2514 2379 2701 2430 iterum
2732 2378 2797 2431 ad
2831 2378 3083 2433 honorem
3110 2380 3284 2434 redire
3304 2381 3505 2447 possit?
3526 2380 3681 2447 Quod

2143 2466 2186 2517 si
2218 2465 2405 2532 aliquis
2433 2466 2574 2518 dicat
2606 2483 2617 2515 :
2649 2465 2781 2534 Ergo
2810 2480 2970 2534 negas
3003 2468 3419 2522 misericordiam
3450 2469 3559 2529 Dei,
3585 2470 3679 2538 qui

2142 2552 2275 2605 dixit
2304 2570 2316 2603 :
2348 2552 2484 2605 Nolo
2510 2561 2727 2604 mortem
2765 2555 3064 2621 peccatoris,
3094 2556 3182 2606 sed
3211 2565 3263 2607 ut
3285 2565 3610 2608 convertatur
3630 2566 3678 2609 et

2140 2644 2289 2695 vivat.
2321 2641 2386 2694 Et
2416 2641 2543 2694 illud
2576 2659 2588 2692 :
2622 2640 2870 2709 Nunquid
2898 2643 2986 2710 qui
3026 2642 3181 2704 cadit,
3219 2659 3321 2694 non
3366 2643 3574 2717 adﬁciet
3621 2652 3678 2696 ut

2140 2733 2407 2801 resurgat?
2441 2730 2507 2783 Et
2562 2741 2794 2800 peccator
2842 2731 2896 2783 in
2945 2746 3239 2799 quacunque
3286 2733 3368 2785 die
3408 2748 3683 2789 conversus

2138 2822 2317 2889 fuerit,
2369 2835 2540 2873 omnes
2583 2819 2874 2886 iniquitates
2928 2818 3038 2885 ejus
3100 2817 3337 2870 oblivioni
3382 2818 3679 2872 tradentur.

2138 2908 2317 2980 (ναν.)
2347 2910 2427 2962 Ad
2458 2911 2596 2963 hanc
2628 2906 2976 2975 objectiOnem
3000 2908 3164 2962 libera
3187 2923 3315 2962 voce
3356 2911 3682 2978 respondere

2136 3008 2191 3054 et
2215 3014 2502 3069 possumus
2534 3008 2589 3053 et
2625 2998 2895 3052 debemus.
2927 2998 3079 3066 Absit
3100 3013 3130 3050 a
3160 2998 3334 3062 nobis,
3363 3007 3423 3052 ut
3465 3002 3531 3053 de
3556 3000 3679 3054 istis

2137 3090 2416 3145 sententiis
2442 3090 2715 3143 videamur
2744 3087 2825 3142 vel
2864 3087 3052 3141 leviter
3102 3088 3358 3143 dubitare.
3410 3073 3679 3145 Deﬁnitis—

2136 3181 2269 3236 sime
2295 3182 2433 3235 enim
2485 3181 2749 3235 credimus
2787 3182 2926 3249 quod
2969 3182 3015 3235 is
3056 3181 3145 3249 qui
3196 3193 3361 3248 usque
3398 3180 3462 3233 ad
3517 3181 3680 3234 tinem

2134 3270 2256 3324 vitae
2277 3285 2384 3323 suae
2410 3271 2774 3337 paenitentiam
2802 3272 2956 3340 digne
2983 3271 3151 3341 egerit
3171 3300 3191 3334 ν
3239 3283 3343 3321 non
3388 3268 3556 3322 solum
3602 3271 3679 3323 in-

2136 3357 2454 3426 dulgentiam
2489 3359 2747 3427 accipiet,
2786 3359 2879 3413 sed
2920 3359 3076 3413 etiam
3125 3358 3190 3412 ad
3213 3357 3375 3410 vitam
3419 3366 3678 3411 mternam

2136 3446 2372 3519 [praemia
2398 3445 2616 3517 aeterna]
2639 3449 2928 3516 perveniet.
2970 3447 3193 3515 Propter
3221 3446 3452 3517 reguhm
3493 3454 3675 3499 tamen

2133 3533 2564 3599 ecclesiasticam,
2588 3543 2639 3589 et
2660 3544 2875 3604 propter
2904 3537 3239 3605 antiquorum
3261 3535 3477 3588 Patrum
3497 3520 3674 3588 statu-

2132 3637 2184 3679 ta
2236 3640 2351 3693 qua:
2380 3625 2515 3678 absit
2541 3639 2569 3676 a
2593 3625 2745 3678 nobis
2767 3634 2824 3678 ut
2847 3635 2938 3680 aut
2962 3627 3346 3694 reprehendere
3374 3633 3466 3678 aut
3484 3625 3674 3679 discn-

2132 3725 2243 3768 tere
2272 3713 2572 3773 audeamus,
2590 3729 2708 3767 cum
2734 3714 3163 3785 credamus[eum
3197 3730 3351 3783 quem
3380 3714 3671 3785 credimus]

2131 3804 2194 3856 ad
2211 3803 2374 3856 vitam
2400 3810 2649 3855 aeternam
2670 3810 3067 3872 postperactam
3084 3802 3438 3873 pmnitentiam
3463 3802 3670 3865 venire,

2131 3896 2194 3947 ad
2226 3896 2476 3947 honorem
2506 3894 2785 3948 clericatus
2826 3895 3113 3949 secundum
3142 3902 3403 3947 tantorum
3448 3893 3670 3946 Patrum

2131 3989 2389 4049 praecepta
2412 3982 2653 4034 novimus
2676 3996 2779 4034 non
2811 3982 3001 4036 debere
3034 3982 3259 4046 reverti;
3301 3983 3352 4033 in
3381 3990 3583 4035 tantum
3611 3990 3671 4035 ut

2133 4072 2183 4124 in
2211 4071 2498 4125 canonibus
2519 4070 2770 4138 scriptum
2788 4071 2884 4124 sit:
2904 4069 2929 4109 δ
2954 4088 2972 4120 ι
2996 4070 3073 4125 Ne
3100 4070 3236 4123 ullus
3257 4085 3486 4138 unquam
3510 4069 3669 4123 cleri-

2130 4176 2228 4215 cus
2250 4161 2509 4229 paenitens
2540 4159 2828 4213 ordinetur.
2870 4179 2886 4210 ι
2930 4159 2996 4213 Et
3023 4158 3067 4213 si
3112 4158 3199 4213 ille
3249 4158 3337 4227 qui
3367 4158 3506 4211 ultro
3529 4160 3669 4227 petit

2128 4251 2510 4320 prrnitentiam,
2541 4250 2779 4317 quamvis
2804 4262 2919 4302 eam
2944 4246 3177 4316 perfecte
3200 4254 3339 4317 agat,
3365 4262 3465 4300 non
3491 4256 3674 4315 potest

520 4344 721 4405 talium,
742 4357 871 4410 quos
895 4357 1050 4410 supra
1079 4342 1497 4403 memoravimus,
1521 4342 1849 4395 sacerdotum
1877 4356 2033 4395 cano-
2058 4355 2107 4414 υ
2130 4342 2404 4410 episcopus
2432 4348 2521 4392 aut
2542 4340 2816 4407 presbyter
2840 4337 3094 4401 ordinari,
3116 4338 3187 4390 ita
3227 4344 3285 4389 ut
3314 4336 3519 4390 etiamsi
3564 4351 3667 4405 per

520 4449 612 4488 nes
639 4440 1044 4495 contemnentes,
1083 4431 1229 4486 aliter
1253 4447 1409 4500 quam
1453 4433 1525 4486 illi
1574 4440 1895 4495 statuerunt,
1942 4432 2033 4485 ob-

520 4536 726 4577 servare
770 4520 851 4574 vel
899 4536 1050 4589 agere
1086 4535 1485 4588 prmsumamus;
1535 4523 1793 4591 praecipue
1828 4535 1944 4574 cum
1990 4522 2031 4572 si

522 4612 725 4664 illorum
758 4624 977 4663 cccxvm
1030 4609 1407 4679 episcoporum,
1447 4609 1534 4677 qui
1580 4625 1674 4676 per
1722 4625 1903 4664 omnes
1932 4609 2033 4662 Ec-

522 4699 705 4752 rlesias
742 4698 957 4751 concilia
990 4696 1101 4749 ﬁeri
1130 4694 1303 4766 (Van)
1353 4704 1662 4757 statuerunt,
1710 4705 1813 4749 tam
1854 4703 2033 4749 sancta

523 4788 725 4839 decreta
752 4785 1159 4852 neglexerimus,
1188 4798 1287 4837 non
1334 4784 1499 4837 solum
1531 4783 1645 4835 illos
1690 4782 2035 4850 despiciemus

527 4872 861 4939 numquam.
888 4873 940 4923 in
969 4871 1107 4938 edd.)
1134 4872 1221 4923 sed
1250 4880 1301 4924 et
1325 4870 1596 4924 Africanos
1624 4868 1960 4940 [pontiﬁces],
1986 4879 2035 4921 et

527 4976 707 5013 omnes
722 4960 965 5027 reliquos,
982 4960 1067 5026 qui
1091 4960 1213 5027 ipsis
1227 4960 1585 5011 ordinantibus
1600 4974 1691 5025 per
1712 4966 1875 5011 totum
1896 4974 2038 5011 mun-

531 5051 651 5104 dum
678 5065 773 5119 pro
800 5048 1148 5103 ecclesiastica
1180 5047 1448 5113 disciplina
1499 5048 1692 5114 aliquid
1723 5054 2035 5109 statuerunt,

529 5152 666 5199 cum~
686 5146 897 5206 peccato
940 5138 1125 5191 animae
1151 5144 1339 5191 nostra:
1366 5144 1773 5190 contemnemus.
1822 5137 1928 5204 Ego
1959 5153 2040 5189 me

594 5325 621 5353 ι
650 5311 747 5365 Hic
771 5309 915 5363 locus
938 5309 1081 5363 varie
1108 5317 1161 5362 et
1196 5310 1247 5361 in
1268 5308 1348 5361 ed.
1383 5308 1537 5377 apud.
1568 5306 1714 5361 Grat.
1758 5308 1964 5377 legitur.

598 5381 626 5419 δ
652 5381 761 5433 lluc
789 5394 951 5445 usque
979 5378 1120 5432 Grat.

601 5460 621 5486 ε
654 5444 995 5517 Hieronymus
1023 5446 1139 5517 lib._t
1168 5448 1415 5500 adversus
1434 5444 1758 5517 Jovinianum
1786 5464 1796 5497 :
1822 5464 1838 5494 ‹
1864 5445 2039 5517 Quan-

537 5521 619 5571 v‘iu
647 5519 831 5586 impleo
848 5514 1028 5571 'mariti
1058 5515 1300 5586 cilicium,
1330 5531 1429 5567 non
1468 5515 1654 5586 impleo
1682 5514 1980 5586 Christiani.
2016 5536 2031 5565 ›

539 5590 598 5640 L't
622 5588 669 5641 in
696 5583 919 5656 “pungat
947 5602 1039 5656 pro
1075 5585 1217 5638 libris
1248 5586 1495 5637 adversus
1524 5583 1688 5635 lovin.
1722 5602 1731 5634 :
1774 5603 1788 5633 (
1826 5585 2039 5650 Quanlo

2132 4431 2475 4498 ignorantiam
2526 4429 2795 4481 ordinatus
2839 4427 3030 4491 fuerit,
3079 4424 3396 4493 deiiciatur:
3435 4426 3522 4479 ille
3566 4428 3661 4496 qui

2130 4517 2325 4569 invitus
2362 4518 2426 4568 ad
2472 4515 2830 4583 paenitentiam
2881 4517 3135 4583 agendam
3184 4516 3236 4567 in
3282 4517 3662 4577 monasterium

2132 4606 2357 4659 mittitur
2382 4606 2427 4675 (ε
2452 4613 2503 4659 et
2526 4606 2706 4673 utique
2732 4606 2857 4673 quid
2886 4607 3044 4669 aliud,
3085 4620 3241 4674 quam
3271 4607 3548 4673 pretiitens,
3580 4608 3663 4661 di-

2132 4697 2326 4749 cendus
2350 4695 2529 4761 cst?),
2567 4710 2665 4761 qua
2696 4695 3025 4749 Conscientia
3071 4694 3135 4747 ad
3182 4694 3532 4749 sacerdotium
3577 4710 3661 4749 re-

2133 4782 2240 4833 dire
2278 4781 2636 4847 permittitur?
2682 4779 2843 4833 Nemo
2889 4780 3013 4833 mihi
3043 4781 3145 4833 alia
3192 4780 3435 4848 qumlibet
3469 4790 3659 4851 contra

2133 4869 2493 4921 auctoritatem
2530 4868 2667 4920 sedis
2716 4868 3029 4936 apostolicae.
3079 4868 3156 4921 vel
3204 4877 3384 4921 contra
3431 4882 3659 4925 cccxvm

2132 4959 2490 5024 episcoporum
2522 4967 2796 5024 prmccpta,
2825 4958 2903 5009 vel
2927 4956 3243 5025 reliquorum
3269 4973 3526 5012 canonum
3550 4971 3661 5014 sta-

2136 5055 2242 5099 tuta
2269 5046 2475 5115 obiiciat
2496 5064 2505 5095 :
2525 5046 2644 5111 quia
2674 5046 2919 5113 quidquid
2947 5054 3126 5098 contra
3164 5045 3368 5099 illorum
3391 5046 3661 5102 deﬁnitio-

2136 5150 2271 5197 nem,
2290 5135 2339 5186 iu
2364 5134 2550 5201 quibus
2576 5133 2821 5201 Spiritum
2843 5144 3082 5186 sanctum
3098 5147 3213 5185 esse
3235 5133 3464 5186 locutum
3482 5137 3665 5193 credi-

2135 5306 2319 5374 impleo
2348 5305 2518 5358 mariti
2540 5302 2791 5374 ofﬁcium,
2812 5319 2908 5355 non
2940 5301 3125 5370 impleo
3140 5302 3505 5357 continentis.)
3532 5303 3662 5361 νῆά.

2135 5371 2241 5429 not.
2275 5376 2336 5426 ad
2368 5376 2512 5426 Poen.
2538 5371 2734 5424 Tlieod.

2200 5443 2223 5479 ά
2255 5444 2411 5495 Cone.
2462 5441 2609 5493 Rom.
2662 5440 2756 5491 sub
2803 5439 2977 5492 llilaro
3022 5453 3145 5508 pp.,
3200 5454 3318 5492 can.
3380 5438 3448 5506 3;
3498 5453 3661 5500 certe.

2136 5513 2439 5578 Agathens.,
2470 5524 2586 5578 can.
2612 5509 2696 5560 45.

2206 5593 2227 5616 ·
2259 5580 2424 5632 Locus
2446 5581 2495 5631 in
2518 5577 2599 5629 ed.
2632 5584 2922 5645 corruptus.
