3922 6222
473 343 608 396 13w

1279 339 1586 395 CANONES
1624 341 1902 396 SELECTI
1940 341 2029 395 EX
2077 343 2219 397 VET.
2255 342 2407 398 CAN.
2448 344 2767 416 COLLEC’E.
2812 401 2819 407 _

3469 352 3612 407 103.0

403 515 407 518 ν
470 449 683 519 politani
714 454 914 511 tenent,
956 459 977 485 ο
999 446 1339 514 provinciales
1371 461 1551 500 eorum
1587 448 1863 501 observare
1888 449 1976 501 de—
2005 455 2047 509 Α
2077 462 2179 499 non
2207 447 2388 509 debeo,
2415 446 2512 515 pair
2541 450 2609 501 sit
2634 448 2925 502 necessaria
2948 448 3224 526 judicanda
3247 449 3606 527 [indicenda],

471 537 611 587 bent.

471 623 699 687 Epistula
740 622 1024 678 Innocentii
1036 640 1329 759 dipping;
1350 625 1647 730 l’Deceutium
1693 628 1977 693 episcopum

1077 710 1106 743 η
1145 710 1173 743 u
1382 730 1396 744 .

1077 710 1329 744 optumum
1352 710 1396 744 υ.

498 812 509 819 -
535 774 590 829 Si
617 776 848 831 instituta
877 779 1243 835 ecclesiastica,
1272 790 1329 831 ut
1349 790 1467 832 sunt
1491 794 1520 832 a
1541 781 1709 834 beatis
1735 780 1978 848 apostolis

469 866 675 925 tradita,
710 867 907 934 integra
939 868 1123 919 vellent
1151 882 1362 919 servare
1402 868 1697 920 sacerdotes
1741 868 1974 932 Domini,

468 951 605 1001 nulla
651 950 954 1013 diversitas,
1000 953 1137 1003 nulla
1182 954 1407 1005 varietas
1446 954 1496 1004 in
1540 954 1662 1020 ipsis
1709 954 1977 1006 ordinibus

467 1050 529 1088 ac
573 1029 1044 1091 consecrationibus
1090 1040 1383 1091 haberetur.
1449 1038 1550 1092 Sed
1595 1039 1733 1107 quod
1783 1039 1974 1109 [dum]

466 1127 848 1191 unusquisque,
894 1142 994 1178 non
1023 1129 1158 1193 quod
1190 1127 1432 1180 traditum
1458 1137 1567 1191 est,
1596 1128 1687 1181 sed
1713 1127 1850 1195 quod
1878 1127 1976 1181 sibi

464 1213 630 1266 visum
658 1214 839 1275 fuerit,
870 1217 968 1269 hoc
993 1218 1217 1270 mstimat
1245 1233 1359 1271 esse
1385 1220 1695 1281 tenendum;
1744 1220 1861 1273 inde
1900 1220 1978 1272 di-

465 1314 613 1353 versa
643 1302 692 1353 in
723 1304 940 1357 diversis
968 1302 1095 1356 locis
1117 1304 1219 1374 [vel
1237 1305 1488 1373 ccclesiis]
1519 1307 1680 1360 teneri
1710 1306 1819 1376 [aut
1845 1307 1977 1360 cele-

464 1388 628 1459 brari]
677 1391 948 1443 videantur
980 1411 990 1443 :
1025 1391 1176 1461 (Var.
1222 1395 1361 1463 edd.)
1408 1394 1529 1448 hinc
1575 1396 1631 1447 ﬁt
1676 1397 1975 1449 scandalqu

463 1476 683 1543 populis,
730 1479 816 1544 qui
845 1479 965 1530 dum
993 1482 1227 1533 nesciunt
1272 1482 1574 1536 traditiones
1609 1484 1848 1551 antiquas
1876 1484 1974 1536 hu-

462 1577 613 1615 mana
638 1567 1031 1635 prmsnmptione
1059 1577 1350 1635 corruptas,
1370 1570 1676 1636 putant-sibi
1705 1578 1794 1622 aut
1813 1570 1977 1624 eccle-

460 1652 566 1703 sias
605 1668 703 1704 non
745 1656 1053 1719 convenire,
1105 1664 1195 1708 aut
1239 1658 1499 1723 apostolos
1536 1658 1616 1710 vel
1663 1658 1976 1726 apostolicos

2075 549 2169 601 per
2195 548 2349 601 quam
2383 544 2585 587 constet
2615 535 2857 603 populum
2885 537 2950 588 ad
2976 538 3149 590 omnia
3178 552 3293 604 qua:
3320 541 3372 593 in
3403 551 3610 609 myste-

2076 621 2168 672 riis
2197 628 2420 688 aguntur
2436 624 2661 689 atquein
2685 623 2914 676 Ecclesia
2937 624 3286 687 celebrantur,
3308 629 3605 694 prmbuissc

2073 720 2413 770 consensum,
2449 724 2510 761 ac
2541 709 2687 762 ﬁnita
2714 725 2828 762 esse
2852 711 2995 776 pacis
3029 711 3385 767 concludentis
3415 717 3601 783 signa.

2073 793 2189 845 culo
2235 795 2673 848 demonstrentur.
2727 795 2873 865 (Cap.
2900 797 2975 865 Ξ.)
3016 797 3088 850 De
3135 801 3431 855 nominibus
3474 819 3607 857 vero

2074 872 2374 945 recitandis,
2405 893 2683 951 antequam
2712 900 2893 953 pacem
2919 885 3144 956 [preces]
3171 889 3413 941 sacerdos
3437 899 3607 959 atque

2072 984 2252 1023 eorum
2280 971 2588 1035 oblationes,
2627 988 2847 1040 quorum
2888 976 3096 1028 nomina
3141 978 3406 1031 recitanda
3450 989 3599 1045 sunt,

2073 1072 2165 1109 sua
2191 1058 2422 1110 oratione
2449 1061 2800 1122 commendet,
2828 1077 2982 1128 quam
3011 1062 3327 1129 superﬂuum
3354 1066 3452 1127 sit,
3483 1067 3602 1132 ipse

2072 1158 2165 1212 per
2188 1152 2327 1197 tuam
2356 1145 2681 1211 prudentiam
2712 1150 3074 1216 recognoscis:
3105 1158 3176 1211 ut,
3200 1148 3346 1216 cujus
3367 1153 3600 1205 hostiam

2074 1232 2295 1285 necdum
2338 1232 2443 1287 Deo
2485 1233 2713 1296 oderas,
2764 1235 2876 1303 ejus
2924 1251 3113 1289 nomen
3162 1246 3282 1290 ante
3326 1240 3597 1303 insinues,

2075 1320 2250 1391 (ναν.)
2298 1338 2417 1375 cum
2460 1320 2534 1376 illi
2583 1324 2900 1393 incognitum
2937 1326 3066 1377 nihil
3104 1327 3189 1379 sit.
3237 1326 3387 1379 Prius
3414 1326 3601 1400 (ναν.)

2072 1411 2211 1463 enim
2238 1409 2527 1464 oblationes
2552 1419 2674 1462 sunt
2697 1413 3144 1477 commendandre,
3172 1428 3234 1468 ac
3264 1424 3385 1469 tunc
3410 1431 3601 1470 eorum

2073 1496 2280 1549 nomina
2302 1512 2524 1565 quorum
2551 1507 2691 1561 sunt,
2710 1499 2977 1564 edicenda,
3000 1508 3058 1554 ut
3074 1502 3211 1555 inter
3229 1518 3377 1557 sacra
3401 1512 3603 1572 myste—

2075 1584 2148 1634 ria
2173 1582 2521 1647 nominentur,
2541 1598 2640 1637 non
2663 1586 2801 1639 inter
2819 1586 2917 1639 alia
2939 1602 3053 1654 qua:
3074 1598 3193 1642 ante
3210 1593 3602 1657 prazmittimus,

2074 1680 2131 1724 ut
2172 1671 2299 1739 ipsis
2343 1673 2603 1741 mysteriis
2626 1674 2763 1727 viam
2791 1674 2980 1730 futuris
3004 1678 3246 1743 precibus
3275 1681 3595 1747 aperiamus.

463 1741 601 1792 viros
625 1746 882 1796 contraria
911 1747 1136 1798 sensisse
1162 1745 1276 1814 [aut
1301 1747 1367 1799 ab
1393 1748 1639 1813 apostolis
1664 1748 1744 1800 vel
1771 1755 1974 1815 aposto—
2010 1743 2046 1798 Β
2074 1757 2221 1828 (Cap.
2242 1757 2317 1828 5.)
2338 1758 2410 1810 De
2430 1761 2794 1827 consignandis
2811 1777 2935 1815 vero
2957 1741 3238 1816 iii—fantibus
3262 1741 3602 1818 manifestum

462 1825 574 1878 licis
592 1828 715 1879 viris
732 1832 1154 1883 contrarietatem
1176 1832 1485 1902 inductam].
1509 1833 1636 1897 Quis
1651 1848 1773 1900 ergo
1788 1833 1970 1902 [enim]

461 1913 660 1964 nesciat
681 1913 790 1982 [aut
816 1930 914 1967 non
943 1917 1199 1988 advertat]
1222 1919 1271 1971 id
1295 1921 1430 1987 quod
1460 1935 1489 1972 a
1516 1921 1745 1987 principe
1770 1931 1977 1988 aposto-

458 1990 625 2079 lorum
650 2000 801 2071 Petro
832 2004 1077 2056 traditum
1105 2015 1211 2069 est,
1251 2008 1426 2061 ethoc
1454 2024 1590 2062 nunc
1615 2024 1777 2075 usque
1804 2018 1977 2064 custo-

458 2087 611 2150 ditur,
639 2088 703 2141 ab
727 2091 964 2143 omnibus
990 2091 1181 2145 debere
1209 2094 1426 2156 servari,
1455 2109 1554 2147 nec
1581 2096 1855 2163 superduci
1886 2106 1976 2151 aut

457 2175 711 2230 introduci
740 2179 932 2246 aliquid
962 2181 1099 2247 quod
1131 2179 1305 2252 (ναν.)
1345 2182 1456 2249 ejus
1483 2186 1841 2238 auctoritatem
1872 2202 1973 2241 non

457 2262 665 2325 habeat,
697 2274 716 2301 θ
739 2268 1025 2331 praesertim
1051 2282 1168 2321 cum
1195 2270 1264 2322 sit
1284 2270 1638 2333 manifestum,
1657 2287 1749 2339 per
1766 2288 1972 2326 omnem

457 2346 676 2411 italiam,
708 2348 919 2415 Gallias,
948 2352 1244 2421 Hispanias,
1278 2355 1530 2419 Africam,
1559 2366 1714 2425 atque
1742 2358 1974 2413 Siciliam

457 2442 507 2486 et
533 2434 729 2488 insulas
758 2438 1142 2505 interjacentes,
1168 2441 1365 2495 nullum
1392 2446 1437 2495 it.
1459 2444 1679 2499 stituisse
1704 2446 1993 2511 ecclesias,‘

456 2521 552 2573 nisi
591 2535 679 2574 eos
717 2539 846 2589 quos
873 2528 1181 2583 venerabilis
1217 2530 1479 2598 apostolus
1509 2531 1695 2587 Petrus
1734 2541 1825 2586 aut
1860 2532 1973 2600 ejus

456 2622 780 2665 successores
807 2616 1186 2670 constituerunt
1212 2619 1552 2673 sacerdotes?
1582 2620 1685 2672 Aut
1708 2621 1902 2689 legant,
1926 2622 1973 2676 si

454 2695 506 2749 in
531 2697 612 2750 bis
633 2700 912 2765 provinciis
935 2703 1067 2757 alius
1084 2704 1109 2742 ά
1127 2705 1397 2773 episcopus
1420 2706 1680 2760 invenitur
1697 2708 1972 2764 docuisse?

455 2784 519 2837 Et
544 2784 718 2854 (ναν.)
750 2803 867 2842 cum
898 2805 1163 2856 nunquam
1191 2792 1481 2857 invenient,
1520 2803 1724 2863 Oportet
1749 2810 1840 2850 eos
1873 2798 1974 2850 hoc

453 2875 598 2940 sequi
622 2875 757 2940 quod
787 2877 1019 2931 Ecclesia
1057 2879 1289 2933 Romana
1329 2882 1592 2946 custodit,
1637 2898 1701 2937 ex
1739 2899 1842 2952 qua
1880 2898 1972 2939 eos

453 2960 760 3027 principium
788 2965 1050 3031 accepisse
1075 2981 1176 3020 non
1201 2967 1412 3021 dubium
1440 2979 1555 3023 est:
1584 2985 1649 3023 ne
1675 2971 1796 3025 dum
1820 2986 1973 3041 pere-

453 3049 615 3116 grinis
661 3052 1033 3127 assertionibus
1084 3055 1327 3121 student,
1380 3066 1537 3127 caput
1587 3060 1971 3115 institutionum
1994 3049 2038 3098 (ἶ

454 3135 726 3190 videantur
756 3125 1007 3195 amittere
1054 3142 1391 3217 [omittere].
1447 3125 1971 3217 [Stepedilecttonem

453 3233 593 3278 tuam
625 3227 690 3278 ad
719 3229 899 3282 urbem
925 3233 1159 3297 venisse,
1201 3250 1263 3288 ac
1289 3235 1555 3290 nobiscum
1584 3236 1760 3308 (Van)
1788 3239 1853 3292 ad
1879 3253 1969 3293 ec-

452 3312 662 3366 clesiam
689 3319 992 3372 convenisse
1019 3334 1119 3373 non
1148 3322 1361 3376 dubium
1385 3332 1482 3387 est,
1511 3332 1566 3378 et
1589 3341 1745 3393 quem
1772 3341 1971 3381 morem

451 3402 534 3454 vel
559 3403 619 3490 in
637 3409 1003 3462 consecrandis
1034 3412 1313 3478 mysteriis,
1344 3413 1421 3467 vel
1447 3415 1499 3467 in
1525 3417 1730 3470 caeteris
1757 3418 1972 3484 agendis

453 3490 705 3564 [areanis]
738 3503 945 3562 teneat,
988 3502 1312 3569 cognovisse.
1340 3515 1361 3541 «³
1384 3504 1532 3571 Quod
1569 3505 1805 3561 sullicere
1832 3508 1973 3562 arbi-

453 3588 625 3634 trarer
658 3584 723 3636 ad
758 3584 1176 3641 informationem
1216 3590 1448 3646 ecclesia:
1489 3602 1590 3647 tua:
1612 3595 1693 3647 vel
1720 3593 1972 3649 reforma-

452 3668 683 3731 tionem,
730 3672 829 3724 nisi
874 3676 1282 3741 prmdecessores
1324 3680 1398 3731 tui
1441 3681 1611 3733 minus
1647 3682 1840 3750 aliquid
1883 3691 1974 3735 aut

450 3756 603 3810 aliter
623 3762 881 3815 tenuerint
903 3766 1215 3823 sacerdotes.
1252 3768 1343 3821 Vel
1369 3779 1510 3824 certe
1536 3780 1657 3826 sunt
1678 3774 1858 3843 aliqui,
1882 3776 1971 3843 qui

452 3844 607 3899 aliter
628 3862 783 3915 quam
813 3851 1045 3907 Romana
1073 3855 1304 3912 Ecclesia
1338 3860 1609 3924 observat,
1654 3864 1767 3920 lucc
1792 3864 1973 3919 obser-

450 3934 620 3988 vanda
647 3935 841 3989 dicant.
875 3939 1106 4004 Quorum
1130 3958 1224 4001 nos
1246 3946 1482 4000 notitiam
1508 3964 1610 4002 non
1636 3951 1970 4020 haberemus,

452 4021 553 4074 nisi
603 4023 666 4076 de
716 4025 972 4094 aliquibus
1026 4045 1121 4085 nos
1172 4034 1516 4090 consulendos
1560 4052 1678 4092 esse
1727 4040 1968 4101 dixisses.

455 4106 655 4197 Quibus
701 4112 898 4166 idcirco
933 4120 1332 4185 respondemus,
1379 4138 1482 4176 non
1515 4125 1652 4192 quod
1691 4135 1742 4181 te
1778 4130 1970 4197 aliquid

454 4194 694 4264 ignorare
731 4201 1036 4269 credamus;
1088 4208 1179 4261 sed
1223 4217 1281 4262 ut
1320 4212 1508 4280 majori
1550 4194 1970 4272 auctoritate—vel

453 4291 568 4338 tuos
592 4286 852 4353 instituas,
872 4291 953 4345 vel
978 4295 1021 4347 si
1048 4297 1133 4363 qui
1163 4312 1192 4349 a
1220 4298 1468 4356 Romanis
1495 4301 1764 4373 [Romamn
1787 4307 1970 4361 Eccle-

453 4374 566 4445 siae]
596 4378 1006 4437 institutionibus
1033 4395 1240 4452 errant,
1278 4398 1367 4442 aut
1392 4407 1749 4461 commoneas,
1776 4405 1867 4451 aut
1893 4399 1970 4453 in—

457 4463 631 4518 dicare
668 4482 767 4520 non
795 4470 1033 4537 diﬁ‘eras;
1080 4483 1137 4526 ut
1178 4476 1316 4531 scire
1340 4480 1608 4535 valeamus
1635 4484 1722 4550 qui
1751 4485 1857 4538 sint
1881 4489 1971 4554 qui

454 4560 547 4605 aut
576 4554 829 4609 novitates
855 4560 1133 4625 inducunt,
1176 4572 1266 4616 aut
1290 4564 1503 4620 alterius
1530 4569 1775 4624 Ecclesiae
1814 4587 1969 4640 quam

455 4638 705 4695 Romana:
742 4645 1043 4700 existimant
1080 4652 1481 4727 consuetudines
1507 4656 1681 4729 (γαν.)
1710 4638 1972 4715 ωδε-εει*-

454 4729 670 4781 vandas.
701 4731 717 4767 ί
738 4729 925 4786 Pacem
944 4734 1100 4804 igitur
1118 4741 1305 4793 asseris
1325 4751 1445 4794 ante
1467 4745 1700 4799 coniecta
1724 4750 1969 4815 mysteria

456 4818 706 4881 quosdam
749 4823 951 4890 populis
987 4825 1263 4893 imperare,
1293 4831 1374 4883 vel
1410 4832 1507 4884 sibi
1548 4832 1685 4884 inter
1722 4848 1777 4886 se
1804 4833 1970 4902 [Deest

454 4902 533 4973 se]
555 4909 847 4963 sacerdotes
871 4911 1103 4968 tradere:
1129 4931 1246 4968 cum
1269 4926 1388 4984 post
1407 4919 1603 4983 omnia,
1623 4934 1742 4987 qua:
1766 4922 1969 4989 aperire

570 5074 918 5158 Ferepmpes
951 5085 1065 5138 cod.
1097 5087 1171 5139 sic
1198 5086 1374 5158 legunt
1401 5107 1412 5141 :
1445 5089 1657 5158 quidam
1684 5104 1811 5146 vero
1836 5109 1968 5147 com-

570 5102 701 5131 rcrc
737 5102 917 5136 uulnes
951 5102 1065 5138 C00.
1097 5102 1171 5139 SIC
1200 5102 1245 5140 lC
1283 5102 1374 5141 unt
1401 5107 1412 5141 ζ
1445 5102 1602 5158 qutaa

450 5144 797 5230 provincia'les.
816 5150 941 5230 Vid.
954 5160 1142 5230 _not;v.
1166 5155 1231 5207 cl.
1328 5155 1608 5230 Sirmondi.

523 5208 551 5299 ξ
572 5210 689 5299 A1,,
704 5213 1029 5299 innocentius
1054 5222 1300 5299 Decentio
1325 5208 1628 5299 episcopo"...
1673 5228 1963 5299 Eugubino.

523 5287 547 5346 ς
572 5278 815 5343 Quaedam
845 5286 895 5337 in
924 5289 1038 5340 edd.
1067 5278 1491 5346 addfsnoerﬂua.

518 5343 547 5436 ξ
576 5346 715 5436 ρελιῖ
728 5351 915 5436 med,
944 5343 1489 5436 alit-trap-ostolorum,
1516 5378 1633 5416 cum
1662 5378 1763 5418 non
1789 5366 1967 5436 loqua-

653 5415 919 5504 apostolis,
951 5425 1039 5504 sed
1068 5415 1228 5504 de'iis
1250 5444 1380 5495 quos
1408 5415 1966 5504 sdecessorc‘s—a‘po'sto-
2042 5482 2045 5483 ν

455 5478 622 5551 lonnn
647 5478 1023 5543 constituerunt
1049 5478 1362 5551 sacerdotes.

529 5560 549 5585 ε
574 5550 649 5604 Ab
677 5553 754 5607 his
780 5571 941 5624 usque
964 5561 1026 5614 ad
1047 5562 1127 5615 illa
1158 5564 1339 5618 verba:
1371 5566 1561 5637 Quibus
1589 5570 1793 5637 idcirco,
1821 5572 1964 5627 locus

2071 1856 2174 1907 est,
2216 1863 2318 1900 non
2347 1848 2411 1901 ab
2437 1847 2537 1900 alio
2562 1862 2717 1916 quam
2747 1849 2811 1902 ab
2837 1850 3077 1916 episcopo
3108 1850 3216 1903 ﬁeri
3243 1850 3416 1904 licere.
3462 1852 3599 1905 Nam

2072 1934 2395 2002 presbyteri,
2432 1935 2554 1988 licet
2587 1935 2691 1988 sint
2718 1937 2931 1989 secundi
2963 1935 3131 2006 [Deest
3157 1938 3393 2009 secundi]
3422 1954 3602 1993 sacer-

2073 2022 2249 2082 dotes,
2295 2023 2626 2091 pontificatus
2668 2033 2838 2077 tamen
2867 2025 3065 2093 apicem
3094 2041 3195 2079 non
3225 2026 3434 2079 habent.
3483 2027 3602 2081 Hoc

2074 2119 2247 2163 autem
2280 2112 2598 2178 pontiﬁcium
2637 2113 2760 2165 solis
2795 2113 3013 2167 debetur
3045 2115 3305 2183 episcopis
3333 2114 3477 2185 [Haec
3504 2132 3602 2169 au-

2072 2207 2176 2250 tem
2219 2199 2548 2266 pontificibus
2575 2199 2699 2253 solis
2734 2200 2934 2270 deleri]
2960 2241 2973 2263 ,
3024 2209 3083 2254 ut
3127 2203 3467 2271 eonsignent,
3513 2201 3602 2257 vel

2070 2287 2389 2355 paracletum
2417 2287 2665 2356 Spiritum
2693 2288 2913 2342 tradant.
2938 2287 3114 2357 (γαν.)
3138 2287 3246 2349 Non
3273 2290 3441 2343 solum
3466 2307 3601 2345 con-

2071 2377 2286 2429 suetudo
2314 2376 2667 2430 ecclesiastica
2705 2377 2804 2431 hoc
2840 2377 3185 2437 demonstrat,
3226 2391 3406 2441 verum
3438 2380 3602 2434 etiam

2070 2463 2157 2516 illa
2185 2463 2339 2517 lectio
2373 2465 2725 2532 apostolorum
2751 2479 2866 2533 quae
2895 2466 3084 2518 asserit
3119 2465 3329 2519 Petrum
3356 2473 3411 2518 et
3433 2466 3599 2520 Joan-

2070 2567 2188 2607 nem
2217 2566 2335 2606 esse
2364 2552 2609 2613 directos,
2647 2552 2735 2619 qui
2772 2559 2973 2605 tantum
3004 2552 3154 2622 [jam]
3182 2554 3458 2620 baptizatis
3485 2562 3602 2605 tra-

2070 2642 2195 2695 dant
2222 2641 2472 2708 Spiritum
2500 2650 2755 2695 sauctum.
2802 2629 2932 2694 Nam
2961 2643 3295 2709 presbyteris,
3326 2658 3416 2696 seu
3444 2653 3600 2696 extra

2069 2731 2395 2798 episcopum,
2442 2743 2534 2782 seu
2578 2737 2833 2796 praesente
2859 2730 3122 2797 episcopo,
3168 2743 3286 2782 cum
3330 2730 3604 2798 baptizant

2072 2815 2229 2886 [Edd.
2262 2830 2360 2868 om.
2390 2830 2508 2870 cum
2535 2814 2845 2886 baptizant],
2878 2816 3165 2869 chrismate
3194 2832 3387 2886 ungere
3417 2814 3601 2885 (Van)

2068 2903 2190 2957 Hect
2213 2903 2530 2973 baptizatos,
2567 2904 2657 2958 sed
2687 2904 2825 2972 quod
2854 2903 2920 2957 ab
2947 2904 3191 2972 episcopo
3219 2902 3376 2957 fuerit
3404 2919 3598 2981 egose-

2072 3001 2273 3046 cratum
2298 3011 2310 3045 :
2342 3009 2447 3047 non
2475 3002 2648 3047 tamen
2677 2994 2898 3047 frontem
2928 3007 2994 3046 ex
3016 2993 3199 3046 eodem
3228 2993 3343 3046 oleo
3369 2995 3599 3062 signare,

2068 3080 2207 3147 quod
2233 3079 2357 3133 solis
2389 3080 2605 3134 debetur
2628 3081 2907 3148 episcopis,
2953 3095 3073 3133 cum
3104 3080 3315 3133 tradunt
3340 3078 3598 3148 Spiritum

2067 3166 2406 3236 paracletum.
2426 3168 2594 3222 Verba
2617 3183 2741 3221 vero
2764 3168 2939 3221 dicere
2961 3183 3064 3221 non
3089 3182 3323 3235 possum,
3346 3181 3411 3219 ne
3428 3166 3600 3236 magis

2066 3256 2287 3324 prodere
2311 3256 2609 3324 providear,
2648 3272 2806 3325 quam
2836 3255 3183 3310 consolationi
3212 3255 3303 3326 [ad
3330 3254 3601 3310 consulta-

2069 3342 2285 3413 tionem]
2314 3345 2646 3412 respondere.

2442 3448 2619 3503 Conon
2651 3449 2915 3514 Nica'nus,
2946 3467 3052 3505 trra
3082 3451 3146 3505 l9
3172 3453 3213 3505 ε.

2054 3566 2057 3573 ε
2133 3538 2161 3576 ιι
2186 3535 2250 3590 Hi
2275 3538 2362 3606 qui
2388 3536 2637 3591 oll‘erendi
2665 3538 2981 3593 sacriﬁcium
3018 3549 3329 3609 potestatem
3367 3542 3594 3605 habent,

2066 3640 2257 3692 corpus
2293 3625 2814 3696 Christi'porrigant.
2868 3629 3113 3683 Maneant
3147 3631 3354 3685 diaconi
3398 3632 3450 3685 in
3498 3648 3597 3686 sua

2066 3728 2333 3777 mensura,
2367 3720 2420 3767 et
2449 3712 2709 3782 accipiant
2733 3717 3107 3770 eucharistiam
3138 3710 3422 3778 secundum
3451 3719 3598 3772 ordi-

2066 3814 2186 3853 nem
2214 3807 2332 3868 post
2355 3800 2706 3868 presbyteros.
2757 3800 2906 3867 Quod
2950 3802 2995 3857 si
3040 3803 3159 3872 quis
3201 3818 3305 3857 non
3340 3803 3450 3858 vult
3475 3808 3596 3859 esse

2066 3888 2353 3956 subjectus,
2380 3896 2549 3941 cesset
2574 3902 2689 3942 esse
2718 3889 2989 3943 diaconus.
3031 3889 3180 3957 Quod
3218 3892 3264 3945 si
3302 3907 3404 3946 non
3434 3891 3598 3947 fuerit

2065 3990 2295 4043 prtesens
2322 3975 2594 4043 episcopus
2626 3985 2716 4029 aut
2750 3977 3041 4046 presbyter,
3082 3987 3207 4055 tunc
3239 3978 3443 4036 diaconi
3467 3982 3595 4035 deut

2064 4063 2437 4117 eucharistiam
2462 4063 2515 4116 in
2540 4064 2804 4133 populum.

2361 4170 2537 4225 Conon
2564 4169 2997 4243 Carthaginensis,
3029 4190 3135 4228 arra
3159 4174 3228 4230 59
3255 4177 3272 4216 ί

2136 4280 2204 4335 Ut
2229 4281 2502 4345 diaconus,
2534 4291 2790 4351 praesente
2818 4284 3062 4352 episcopo
3089 4281 3466 4357 [presbytero].
3496 4299 3595 4341 en-

1996 4346 2043 4404 D
2067 4370 2367 4424 cbaristiam
2397 4346 2653 4442 [corporis
2681 4346 2899 4445 Christi]
2926 4346 3141 4441 populo,
3183 4346 3359 4444 (Ven)
3406 4346 3452 4432 si
3493 4390 3597 4433 ne-

2066 4474 2213 4514 cesse
2238 4461 2324 4523 sit,
2346 4460 2525 4528 jussus
2548 4469 2743 4530 eroget.

2628 4614 2649 4637 ,
2691 4568 2955 4624 ίΕΙὮθῙ.

2133 4676 2444 4731 Cbrismatis
2470 4678 2796 4731 consecratio
2821 4669 3124 4751 [confectio]
3153 4687 3208 4735 et
3232 4682 3593 4738 reconciliatio

2063 4763 2425 4829 pcenitentium
2458 4752 2655 4833 absque
2678 4765 2909 4832 periculo
2938 4768 3121 4821 mortis
3165 4766 3322 4838 [Edd.
3345 4786 3446 4823 om.
3468 4772 3591 4826 abs.

2063 4862 2175 4916 per.
2203 4848 2324 4919 m.],
2355 4849 2529 4921 (γαν.)
2557 4850 2638 4904 vel
2666 4853 2994 4908 consecratio
3023 4853 3281 4925 virginum
3310 4871 3341 4910 a
3366 4858 3593 4927 presby-

2065 4936 2192 4989 teris
2221 4950 2325 4988 non
2351 4935 2459 4989 ﬁat.

2066 5103 2163 5185 iste
2189 5104 2260 5157 ita
2284 5106 2594 5185 depravatus
2617 5109 2805 5179 legitur
2826 5102 2878 5164 in
2900 5112 2985 5167 ed.
3006 5118 3066 5165 ut
3087 5112 3232 5169 nullo
3253 5114 3410 5172 modo
3430 5116 3588 5172 intel-

2064 5169 2159 5326 ΜΞ
2179 5181 2489 5326 ῗῧῖῧὲςὶυίὲ
2513 5244 2672 5326 ξηρά·
2697 5245 2887 5326 cer-.1.-

2134 5310 2159 5385 ξ
2183 5308 2238 5385 [η
2268 5308 2329 5362 G.
2348 5308 2781 5385 _l8'et_interpret'.
2807 5313 3042 5385 Dionys.;
3074 5316 3194 5372 Ruf.
3218 5317 3318 5385 20;
3347 5318 3471 5376 Isid.
3497 5320 3591 5377 M.

2130 5375 2157 5446 ll
2184 5376 2472 5446 Singularis
2501 5375 2768 5446 interpret.

2137 5445 2150 5481 ί
2185 5443 2386 5498 Statuta
2426 5447 2566 5501 Eccl.
2607 5443 2816 5516 antiqua
2857 5451 2909 5503 in
2949 5452 3063 5507 cod.
3101 5452 3252 5507 Barb.
3283 5454 3383 5520 18;
3427 5470 3590 5511 conc.

2063 5511 2240 5565 Carth.
2269 5530 2335 5576 tv,
2360 5529 2406 5566 c.
2435 5516 2520 5568 58.

2137 5580 2148 5628 1
2184 5580 2339 5636 Cone.
2356 5583 2532 5637 Carth.
2551 5600 2609 5642 ιι.
2628 5599 2672 5638 c.
2692 5586 2722 5639 3
2740 5601 2753 5649 ;
2774 5586 2835 5657 in
2853 5587 2966 5641 co:l.
2992 5588 3188 5643 Eccles.
3211 5589 3441 5645 .‘ll'rican.
3462 5606 3511 5646 c.
3531 5591 3592 5646 6.
