3922 6222
395 335 530 393 1021

1217 339 1520 394 CANONES
1561 338 1963 393 SELECTI-EX
2003 338 2153 392 VET.
2193 337 2343 391 CAN.
2384 336 2704 392 COLLECT.

3381 332 3515 397 1022

462 460 488 488 ι
511 446 587 499 De
612 448 1010 500 reconciliatione
1036 450 1374 516 paenitentiam
1399 466 1494 501 non
1509 450 1688 515 ﬂenda
1716 466 1746 500 a
1769 465 1907 516 pres-
1933 448 1979 505 Α
2006 450 2282 512 ponantur,
2300 444 2398 498 nisi
2410 445 2631 498 clericos
2649 444 2997 513 cujuscunque
3022 450 3297 515 parmchiae
3320 452 3516 505 vicinos

393 537 600 605 byteris.
622 563 691 574 —
719 534 1011 603 Presbyteri
1057 544 1110 587 et
1150 536 1353 589 diaconi
1396 547 1585 604 praeter
1615 538 1911 605 episcopum

394 624 525 677 nihil
554 631 880 692 praetentent.
917 621 1045 674 Nam
1073 621 1275 675 Domini
1304 624 1521 692 populus
1548 624 1642 692 ipsi
1670 624 1913 677 commis-

393 727 487 765 sus
514 720 587 764 cst
607 751 621 774 ,
663 719 716 764 et
752 726 847 779 pro
874 710 1144 763 animabus
1170 725 1349 779 eorum
1378 713 1487 779 ipse
1517 712 1809 765 redditurus
1833 719 1913 765 est

394 800 673 853 rationem.

700 894 875 943 llanon
903 890 1342 957 Carthaginensis,
1372 907 1475 943 tera
1502 892 1535 943 2
1556 890 1603 943 ι’.

464 979 627 1032 Nemo
653 980 706 1030 in
733 980 972 1045 precibus
993 979 1073 1032 vel
1099 978 1302 1031 Patrem
1329 994 1423 1047 pro
1447 978 1595 1039 Filio,
1621 977 1701 1031 vel
1728 977 1914 1029 Filium

390 1082 490 1136 pro
515 1066 669 1119 Patre
703 1067 950 1120 nominet.
992 1066 1056 1119 Et
1091 1082 1208 1119 cum
1233 1066 1383 1118 altari
1411 1066 1664 1118 assistunt
1692 1064 1915 1134 [assisti-

392 1151 522 1223 tur],
549 1168 754 1221 semper
777 1154 841 1207 ad
866 1152 1073 1207 Patrem
1101 1154 1357 1223 dirigatur
1380 1154 1569 1208 oratio.

1026 1238 1288 1292 Ᾰὶναδε.

460 1327 765 1399 Quicunque
799 1328 1103 1395 precessibi
1134 1327 1339 1381 aliunde
1367 1327 1545 1397 (Van)
1575 1329 1777 1391 scribit,
1808 1344 1913 1382 non

387 1417 469 1469 eis
497 1425 689 1477 utatur,
721 1416 818 1469 nisi
849 1416 995 1483 prius
1022 1402 1112 1467 eas
1139 1430 1255 1468 cum
1295 1416 1659 1469 structioribus
1697 1415 1914 1486 [instru-

386 1504 666 1573 ctioribus]
693 1503 941 1557 fratribus
967 1504 1263 1559 contulerit.

387 1591 416 1629 ά
443 1590 616 1645 Conon
644 1591 953 1652 'Haticensis
1000 1591 1061 1643 de
1108 1592 1356 1712 oblatione
1404 1594 1577 1662 populi
1620 1594 1912 1663 oﬂ'erenda,

1060 1676 1165 1711 trra
1237 1706 1242 1711 .

1060 1676 1165 1711 (PTa
1194 1676 1242 1711 υ.

2008 545 2122 584 esse
2169 531 2463 599 Contingat,
2512 533 2601 599 qui
2649 534 2811 585 sacris
2856 535 3159 602 pigneribus
3210 536 3515 611 [cineribus]

2005 618 2252 685 psallendi
2282 617 2571 685 frequentia
2600 619 2932 673 famulentur.
2964 623 2978 660 ί
3010 621 3152 687 Quod
3177 625 3221 676 si
3250 626 3319 677 illi
3345 626 3523 680 defue-

2008 708 2149 769 rint,
2178 722 2283 761 non
2322 715 2443 761 ante
2491 710 2697 777 proprie
2742 708 2980 780 [preprii]
3027 712 3201 765 clerici
3252 712 3359 782 [In
3395 714 3516 767 edd.

2007 796 2143 848 deest
2165 796 2361 867 clerici]
2390 797 2715 861 ordinentur,
2738 815 2893 866 quam
2922 801 2999 863 eis
3024 811 3325 871 competens
3350 804 3519 858 victus

2008 892 2062 936 et
2082 886 2300 939 vestitus
2320 886 2612 941 substantia
2643 889 2935 955 deputetur.

2563 974 2780 1030 CAPUT
2810 976 2964 1029 XXII.

2233 1077 2455 1117 LLTARIA
2489 1080 2588 1118 NON
2624 1080 2884 1119 SACRANDA
2923 1083 3022 1122 IIS!
3064 1085 3301 1123 ιΑιηυεΑ.

2213 1148 2387 1202 Conon
2433 1150 2767 1219 Epaunensis,
2799 1171 2903 1206 αντα
2940 1154 3006 1208 25
3044 1155 3177 1225 [eam
3206 1157 3314 1226 26].

2076 1233 2275 1288 Altaria
2299 1235 2397 1289 nisi
2423 1236 2625 1304 lapidea
2648 1239 2944 1292 chrismatis
2970 1238 2983 1288 i
3020 1242 3265 1295 unctione
3289 1255 3390 1295 non
3429 1254 3518 1296 sa-

2011 1330 2238 1375 creatur.

2548 1389 2765 1453 CAPUT
2802 1393 2982 1447 XXIII.

2591 1495 2653 1533 DE
2692 1497 2960 1536 BAP‘I‘ISIO.

2379 1563 2555 1617 Canon
2585 1566 2891 1631 Haticensis,
2919 1584 3024 1620 tera
3046 1571 3077 1622 5
3112 1571 3160 1620 κ.

2078 1651 2350 1706 Relatione
2368 1654 2711 1721 quorumdam
2733 1657 3081 1723 comperimus
3100 1656 3346 1724 quosdam
3364 1655 3522 1726 [Edd.

458 1747 728 1818 (Qutrdam
757 1748 877 1799 add.
909 1749 963 1799 in
989 1747 1128 1816 edd.)
1166 1748 1521 1809 Decernimus,
1569 1759 1629 1803 ut
1673 1751 1915 1805 omnibus
1942 1765 1988 1824 Β
2013 1758 2112 1819 om.
2144 1742 2421 1812 quosdam]
2452 1742 2776 1797 Christianos
2794 1759 2897 1796 non
2922 1746 3200 1797 observare
3241 1745 3525 1813 legitimum

389 1835 573 1890 diebus
600 1835 902 1897 Dominicis,
936 1834 1160 1905 [altaris]
1195 1852 1343 1889 sacra
1367 1834 1559 1890 oblatio
1586 1838 1652 1890 ab
1674 1839 1917 1892 omnibus

388 1924 518 1976 viris
560 1931 612 1976 et
658 1922 1237 1977 mulieribus’otferatur
1264 1934 1370 1977 tam
1392 1926 1561 1992 .panis
1589 1941 1744 1994 quam
1770 1927 1874 1979 vini
1900 1941 1914 1979 :

389 2018 448 2061 ut
474 2025 567 2077 per
596 2010 691 2062 llas
715 2010 1004 2062 oblationes
1022 2009 1470 2080 [immolationes],
1496 2011 1765 2082 (Quu'dam
1793 2013 1913 2064 add.

387 2098 442 2149 in
469 2096 608 2164 edd.)
639 2104 973 2164 peccatorum
1004 2098 1230 2151 fascibus
1267 2109 1511 2161 careant,
1558 2108 1610 2152 et
1642 2116 1759 2152 cum
1790 2101 1917 2151 Abel

388 2184 469 2237 vel
498 2185 699 2237 caeteris
720 2186 876 2254 justis
903 2185 1281 2254 [offerentibus]
1321 2195 1620 2238 mereantur
1646 2202 1761 2239 esse
1791 2202 1915 2239 con-

388 2280 577 2325 sortes.
601 2272 793 2326 Omnes
813 2282 985 2326 autem
1008 2275 1094 2339 qui
1117 2272 1290 2342 (Var.)
1314 2272 1665 2326 definitionem
1688 2282 1917 2325 nostram

384 2377 483 2430 per
507 2362 908 2415 inobedientiam
938 2376 1193 2439 evacuare
1221 2362 1557 2426 contendunt,
1588 2363 1918 2415 anathemate

383 2451 755 2518 pcreellantur.
1248 2512 1253 2517 γ

1017 2518 1281 2572 [Εναὸο.

458 2610 545 2676 (In
573 2610 687 2663 edd.
720 2609 952 2678 quadam
980 2608 1313 2677 prmcedunt.)
1351 2607 1602 2677 Reliquia:
1629 2606 1917 2662 sacriﬁcio—

388 2715 531 2759 rum,
576 2715 692 2766 qua:
734 2708 852 2767 post
896 2700 1084 2753 missas
1125 2698 1264 2769 [post
1290 2709 1556 2766 peractam
1584 2699 1819 2769 missam]
1861 2700 1917 2763 in

387 2788 625 2843 sacrario
653 2788 1069 2854 supersederim;
1115 2795 1303 2855 quarta
1343 2796 1396 2840 et
1433 2796 1578 2840 sexta
1609 2787 1739 2840 feria
1769 2789 1918 2841 inno-

387 2878 624 2932 centibus
652 2877 979 2949 [innocentes
1005 2878 1071 2929 ab
1098 2877 1184 2929 illo
1210 2876 1356 2941 cujus
1392 2879 1607 2929 interest
1643 2879 1707 2929 ad
1741 2877 1913 2930 eccle—

388 2967 521 3021 siam
553 2964 897 3034 adducantur]
936 2965 1198 3019 indicatur
1219 2963 1473 3032 jejunium
1506 2964 1579 3034 [et
1616 2965 1809 3018 indicto
1840 2965 1916 3018 eis

2014 1818 2292 1896 baptisma,
2321 1830 2408 1896 qui
2436 1844 2564 1896 pene
2584 1846 2677 1897 per
2700 1831 2929 1898 singulos
2951 1832 3060 1884 dies
3081 1846 3142 1884 ac
3182 1830 3356 1900 (γαν.)
3383 1842 3529 1884 nata-

2013 1916 2124 1969 Iitia
2148 1925 2436 1984 martyrum
2466 1916 2600 1969 filios
2632 1931 2753 1969 suos
2786 1919 3071 1983 baptizant,
3097 1919 3165 1969 ita
3199 1928 3254 1970 ut
3301 1920 3383 1970 vix
3427 1920 3528 1971 duo

2014 2004 2095 2056 vel
2120 2012 2227 2057 tres
2254 2003 2583 2070 reperiantur
2602 2003 2655 2055 in
2682 2013 2861 2057 sancto
2888 2004 3213 2071 Pascha,qui
3233 2021 3325 2073 per
3344 2022 3528 2072 aquam

2016 2100 2067 2144 et
2096 2090 2348 2158 Spiritum
2377 2099 2618 2145 sanctum
2646 2101 3035 2159 regenerentur.
3085 2093 3282 2145 Idcirco
3326 2094 3531 2145 censui—

2015 2193 2128 2231 mus
2155 2186 2214 2231 ut
2239 2194 2303 2231 ex
2330 2181 2430 2232 hoc
2454 2188 2689 2247 tempore
2716 2182 2886 2237 nullus
2910 2182 3244 2248 permittatur
3264 2182 3384 2234 talia
3416 2196 3533 2249 per—

2013 2276 2245 2335 petrare,
2270 2276 2462 2334 prmter
2490 2268 2606 2321 illos
2630 2284 2760 2336 quos
2789 2270 3067 2322 inﬁrmitas
3090 2271 3271 2333 nimia,
3301 2279 3391 2323 aut
3424 2271 3533 2324 dies

2015 2363 2279 2408 extremus
2304 2357 2567 2423 compellit
2597 2355 2775 2426 [Add.,
2805 2358 2925 2410 filiis
2947 2358 3057 2411 suis
3074 2358 3387 2426 baptismum
3416 2373 3535 2426 per-

2014 2442 2230 2511 cipere].
2260 2444 2483 2510 Ideoque
2510 2445 2851 2512 praesentibus
2890 2447 3327 2499 admonitionibus
3361 2464 3387 2499 a
3426 2450 3536 2500 suis

2013 2528 2279 2582 erroribus
2305 2530 2386 2582 vel
2414 2530 2705 2598 ignorantia
2753 2532 3005 2595 revocati,
3046 2546 3225 2585 omnes
3253 2535 3463 2587 omnino
3505 2549 3536 2588 a

2014 2617 2098 2670 die
2134 2618 2529 2687 quadragesima
2558 2634 2675 2672 cum
2704 2619 2989 2673 infantibus
3017 2620 3125 2673 suis
3150 2620 3213 2673 ad
3262 2622 3536 2677 ecclesiam

2013 2707 2296 2761 observare
2350 2709 2714 2777 prmcipimus,
2752 2716 2811 2761 ut
2858 2710 3239 2777 impositionem
3290 2727 3534 2764 manuum

2014 2796 2173 2850 certis
2197 2797 2379 2850 diebus
2414 2797 2607 2864 adepti,
2637 2805 2689 2850 et
2714 2799 2847 2851 sacri
2882 2798 2984 2851 olei
3032 2798 3231 2867 liquore
3276 2802 3535 2867 peruncti,

2014 2883 2229 2951 legitimi
2252 2885 2352 2939 diei
2379 2885 2661 2939 festivitate
2684 2884 2949 2951 fruantur,
2971 2894 3024 2940 et
3051 2895 3201 2941 sacro
3228 2888 3539 2957 baptismate

2016 2980 2416 3040 regenercntur;
2466 2988 2569 3039 quo
2610 2974 2831 3041 possint,
2863 2975 2908 3027 si
2932 2976 3033 3028 vita
3084 2992 3261 3029 comes
3286 2977 3459 3041 fuerit,
3488 2988 3534 3031 et

381 3055 622 3128 jejunio],
658 3064 710 3110 et
736 3070 1049 3123 conspersas
1071 3054 1193 3108 vino
1222 3053 1429 3107 easdem
1457 3053 1707 3121 reliquias
1731 3067 1915 3107 omnes
1943 3065 1989 3127 α
2016 3060 2299 3113 honoribus
2323 3061 2734 3116 sacerdotalibus
2756 3063 2918 3132 fungi,
2945 3072 2997 3118 et
3014 3063 3292 3134 singularis
3317 3067 3535 3119 celebra-

386 3146 664 3216 accipiant.
687 3158 693 3164 '

662 3236 841 3289 Conon
866 3232 1244 3286 Aurelianensis
1268 3232 1323 3297 2,
1354 3248 1459 3285 aera
1495 3231 1558 3284 I4
1592 3231 1635 3283 ί.

455 3327 559 3399 (In
608 3326 726 3380 edd.
758 3324 993 3394 quantum
1040 3320 1295 3392 prwced.)
1333 3322 1606 3375 Missarum
1643 3320 1919 3374 celebritas

388 3414 717 3491 [celebratio]
759 3410 1003 3481 (Multum
1029 3427 1135 3463 var.
1160 3410 1299 3480 edd.)
1329 3411 1378 3463 in
1412 3410 1687 3478 praecipuis
1718 3408 1917 3461 festivi-

385 3506 602 3567 tatibus,
625 3504 756 3556 hora
788 3500 945 3553 tertia
973 3499 1248 3551 inchoetur
1276 3516 1287 3549 :
1320 3512 1423 3565 quo
1452 3497 1659 3550 facilius
1690 3498 1802 3564 ipso
1839 3494 1919 3550 of-

386 3593 507 3645 ﬁcio
532 3590 794 3659 expedito,
822 3590 843 3627 ⁸
868 3586 1015 3639 horis
1044 3586 1458 3654 competentibus
1481 3585 1583 3638 alia
1604 3583 1774 3639 otIicia
1794 3598 1916 3653 pcr-

388 3681 681 3737 solvantur.

709 3765 889 3821 Canon
919 3762 1406 3833 apostolorumwr'a
1436 3761 1495 3815 51
1530 3764 1578 3813 h.

458 3856 557 3922 Qui
606 3871 713 3909 non
766 3861 1107 3922 perseverant
1153 3851 1206 3902 in
1252 3851 1521 3906 oratione.
1550 3865 1647 3902 nec
1680 3856 1915 3903 sanctam

387 3944 807 4002 communionem
852 3939 1176 4009 percipiunt,
1199 3937 1342 3991 velut
1381 3937 1773 4005 inquietudines
1812 3935 1915 3989 Ec-

386 4035 557 4089 clesia:
580 4037 967 4087 commoventes
987 4027 1351 4081 communione
1376 4026 1669 4095 priventur.

754 4116 935 4171 Conon
962 4114 1285 4183 Agathensis,
1325 4129 1430 4166 atra
1456 4112 1542 4165 Η.

451 4206 875 4261 Benedictionem
917 4216 1075 4271 super
1115 4202 1320 4270 plebem
1377 4201 1431 4254 in
1484 4200 1706 4255 ecclesia
1756 4200 1913 4271 dare,

386 4296 672 4371 [fundere],
689 4303 779 4349 aut
792 4294 1021 4363 pteniten
1028 4300 1131 4345 tem
1150 4292 1203 4344 in
1215 4291 1437 4345 ecclesia
1447 4290 1757 4345 benedicere
1768 4284 1917 4358 pres-

384 4390 571 4458 bytero
594 4401 697 4440 non
722 4385 845 4439 licet
869 4381 1099 4452 [penitus
1122 4396 1224 4435 non
1254 4377 1487 4451 licebit].

960 4468 1177 4523 CAPUT
1212 4469 1352 4522 XXI.

580 4581 644 4618 ne
681 4577 939 4624 BELIQUIIS
971 4576 1275 4615 smcroauu
1313 4564 1381 4613 er
1418 4575 1714 4614 ona'roans.

594 4653 771 4706 Canon
811 4652 1162 4721 Epaunensis,
1190 4667 1295 4703 (era
1326 4651 1393 4703 26
1430 4650 1566 4721 [εαη.
1595 4651 1706 4721 25].

458 4740 771 4795 Sanctorum
820 4739 1055 4808 reliquiae
1099 4740 1153 4792 in
1197 4740 1440 4794 oratoriis
1490 4740 1760 4794 villaribus
1806 4754 1910 4794 non

458 4919 482 4946 ι
509 4906 802 4975 Superioris
818 4906 1035 4960 canonis
1057 4907 1210 4968 ratio,
1238 4921 1352 4975 quae
1379 4907 1429 4959 in
1452 4908 1533 4961 ed.
1564 4908 1907 4967 desideratur.

459 4976 487 5014 ιι
509 4974 668 5029 Cone.
693 4974 1119 5043 Carthaginensis
1143 4991 1221 5037 ιιι,
1249 4991 1295 5027 c.
1318 4974 1407 5027 25.

461 5054 482 5111 ἐ
506 5043 562 5096 In
589 5045 671 5096 ed.
699 5043 1033 5110 distinguitur
1060 5057 1087 5094 a
1115 5043 1448 5111 prmcedeuti.

456 5110 485 5151 (ι
509 5110 668 5164 Cone.
693 5111 1089 5165 Matisconensis
1112 5127 1170 5177 ιι,
1197 5126 1243 5166 c.
1271 5110 1322 5164 ὀ.

463 5192 487 5220 ο
509 5179 687 5248 Ejusd.
714 5194 859 5232 conc.
887 5178 1011 5248 ρπϐ.
1263 5198 1272 5213 ο

466 5249 486 5286 ί
511 5246 688 5301 Aurel.
712 5263 793 5310 ιιι,
820 5262 867 5300 c.
897 5246 981 5300 14.

460 5316 489 5358 ⁸
525 5314 710 5369 Fusius
728 5329 914 5383 expon.
945 5316 998 5368 in
1026 5315 1143 5371 edd.

460 5384 652 5457 h_C_an.
689 5386 795 5457 {lin
817 5383 1020 5457 Grmco,
1048 5400 1095 5439 c.
1128 5385 1192 5439 to
1229 5385 1417 5454 interp.
1459 5388 1700 5456 Dionys.,
1732 5403 1762 5441 a
1806 5404 1906 5457 qua

390 5450 659 5522 paululum
683 5452 856 5522 differt
881 5452 978 5522 ista
1000 5454 1187 5522 interp.

470 5522 486 5593 ξ
540 5520 611 5573 De
640 5521 920 5593 appendice
952 5521 1066 5581 ista,
1086 5520 1199 5593 qua;
1226 5537 1325 5593 non
1356 5532 1521 5578 exstat
1552 5526 1684 5593 apud
1714 5524 1902 5581 Burch.

388 5596 441 5639 ct
473 5588 695 5653 Ivoncm,
724 5588 835 5642 Vid.
861 5596 967 5641 not.
996 5604 1044 5641 v.
1076 5590 1138 5641 rl.
1164 5589 1207 5642 J.
1244 5591 1399 5643 Sirm.

2016 3148 2156 3201 tione
2183 3146 2479 3201 festivitatis
2504 3146 2888 3218 [celebrationis
2907 3150 3234 3205 solemnitate
3255 3151 3402 3221 frui].

2125 3252 2129 3256 λ
2353 3233 2529 3289 Conon
2568 3235 2926 3302 Laodicensis,
2962 3254 3067 3290 rem
3107 3238 3193 3291 45.
3460 3230 3465 3233 ’

2088 3323 2108 3364 ι
2138 3324 2287 3391 Quod
2314 3340 2417 3379 non
2453 3335 2659 3393 oportet
2686 3342 3000 3395 quemquam
3042 3328 3107 3382 ad
3134 3329 3397 3397 baptisma
3422 3338 3535 3399 post

2014 3416 2144 3471 duas
2166 3415 2581 3484 quadragesima:
2608 3416 2961 3469 hebdomadas
2989 3417 3214 3470 admitti.

2646 3507 2720 3560 Ἀἰ
2728 3524 2784 3559 ra
2811 3508 2898 3569 46.
3102 3496 3108 3501 ’

2080 3608 2121 3636 ιιι
2138 3595 2286 3663 Quod
2304 3604 2542 3665 oporteat
2560 3610 2648 3649 eos
2667 3598 2755 3664 qui
2776 3597 2841 3650 ad
2862 3598 3120 3666 baptisma
3131 3592 3364 3662 veniunt,
3382 3597 3536 3652 fidem

2012 3682 2237 3745 discere,
2266 3691 2317 3735 et
2349 3684 2531 3750 quinta
2561 3680 2694 3735 feria
2722 3683 3059 3738 hebdomade:
3083 3683 3297 3752 majoris
3337 3685 3534 3753 episco-

2012 3785 2080 3839 po
2102 3780 2191 3824 aut
2214 3772 2523 3840 presbytero
2556 3772 2862 3824 memoriter
2888 3773 3127 3826 reddere.

2647 3858 2781 3911 xEra
2805 3858 2892 3911 47.

2082 3957 2109 3991 ιι
2140 3945 2360 4015 Oportet
2394 3962 2485 4002 eos
2517 3948 2605 4015 qui
2633 3948 2684 4001 in
2712 3949 3022 4017 aegritudine
3052 3950 3346 4018 percipiunt
3373 3950 3529 4017 hapti-
3568 3972 3573 3977 -

2012 4050 2203 4099 smum,
2228 4035 2382 4088 ﬁdem
2409 4037 2729 4103 perdiscere,
2755 4045 2809 4089 et
2833 4039 2970 4092 scire
2989 4037 3137 4105 cujus
3157 4039 3391 4093 muneris
3414 4052 3535 4109 par-

2012 4124 2198 4192 ticipes
2216 4122 2341 4178 facti
2362 4133 2501 4179 sunt.

2350 4214 2531 4271 Conon
2576 4217 2869 4286 Africanus,
2899 4228 3005 4272 (era
3039 4219 3107 4274 25
3146 4227 3190 4272 °.

2080 4306 2383 4373 Baptimdi
2410 4322 2601 4363 nomen
2631 4323 2783 4363 suum
2804 4308 2945 4373 dent,
2970 4316 3023 4362 et
3044 4310 3131 4363 diu
3160 4310 3255 4363 sub
3280 4308 3404 4380 [Ed.
3430 4325 3531 4364 om.

1940 4377 1994 4437 Ι)
2016 4392 2133 4463 sub]
2160 4393 2475 4448 abstinentia
2500 4396 2607 4448 vini
2634 4404 2687 4449 et
2711 4398 2978 4461 carnium,
3003 4412 3066 4451 ac
3095 4377 3300 4452 manus—
3321 4397 3534 4468 imposiv

2010 4483 2155 4537 tione
2178 4484 2365 4539 crebro
2385 4486 2666 4539 examinati
2691 4488 2979 4555 percipiant
3003 4488 3335 4554 baptismum.

2624 4574 2851 4627 Αἰωῖιι
2876 4586 2921 4628 Ρ.

2078 4658 2331 4729 Neophyti
2352 4661 2651 4729 aliquandiu
2672 4670 2724 4717 et
2752 4662 2911 4733 [Edd.
2935 4680 3035 4716 om.
3059 4662 3133 4733 et]
3164 4678 3194 4716 a
3216 4660 3525 4715 lautioribus

2010 4746 2176 4814 epulis
2197 4755 2250 4801 et
2274 4750 2584 4817 spectaculis
2603 4758 2655 4804 et
2680 4751 2988 4819 conjugibus
3010 4751 3321 4803 abstineant.

2080 4912 2094 4963 i
2141 4914 2518 4987 Lugdunensis,
2540 4918 3051 4986 unguine,quomodo
3072 4926 3123 4972 et
3142 4919 3277 4987 apud
3297 4917 3519 4981 Ivonem,

1992 4996 2058 5050 ιρ.
2080 4998 2303 5105 ξιιάξεὲ.
2328 4984 2579 5105 'z’gge
2600 4984 2707 5040 not.
2734 4984 2881 5107 νέοι.
2902 4986 2951 5040 εἰ.
2978 4988 3136 5041 Sirm.

2288 5090 2301 5103 .
2436 5070 2450 5104 ι
2548 5070 2599 5105 ιι.
2630 5071 2687 5107 ιι.
2712 5070 2758 5106 c.
2824 5093 2837 5106 .

1988 5070 1991 5071 ⁷
2080 5070 2106 5091 ⁵
2140 5070 2301 5105 hunc.
2328 5070 2599 5105 MIHISCOD.
2630 5071 2687 5115 II,
2712 5070 2758 5106 C.
2786 5070 2837 5107 ὁ.

2084 5118 2101 5156 1
2139 5118 2411 5191 Paululum
2437 5120 2609 5174 diﬂ‘ert
2628 5125 2693 5175 ab
2723 5123 2910 5190 interp.
2938 5124 3146 5191 Dionys.

2078 5199 2116 5226 ω
2140 5188 2414 5260 Interpret.
2439 5204 2535 5260 nec
2564 5191 2774 5260 Dionys.
2805 5188 2899 5260 nec
2925 5191 3049 5245 Isid.

2077 5266 2105 5292 ιι
2141 5256 2334 5327 Interp.
2361 5272 2457 5327 nec
2480 5256 2814 5327 Dionysfnec
2836 5258 2958 5311 Isid.

2077 5331 2101 5357 °
2142 5322 2347 5393 statuta
2387 5326 2526 5379 Eccl.
2570 5322 2816 5393 antiqua;
2868 5328 2920 5381 in
2962 5328 3078 5382 cod.
3128 5325 3283 5381 Barb.
3328 5339 3377 5379 c.
3417 5322 3516 5386 25',

2008 5392 2426 5462 conc.NCartbag.
2450 5410 2517 5455 iv,
2547 5409 2593 5447 c.
2616 5394 2700 5447 84.

2077 5460 2273 5581 ρϐειὲιὲ.
2300 5458 2437 5517 Eccl.
2469 5471 2613 5529 ant.;
2643 5463 2695 5517 in
2723 5465 2834 5518 cod.
2859 5462 3011 5519 Barb.
3041 5479 3087 5519 c.
3120 5464 3217 5526 ΞΜ
3263 5477 3311 5517 c.
3333 5458 3531 5517 ϐαιών

2008 5544 2080 5592 ιν,
2109 5544 2153 5581 c.
2189 5544 2271 5581 δυ.
