3926 6216
435 310 456 362 1
467 309 567 364 0‘13

1032 413 1165 465 Αἶγα
1200 412 1334 463 41⁸.

502 500 686 555 Mulier
713 501 986 568 baptizare
1012 515 1113 552 non
1146 505 1448 566 praesumat.

766 586 941 639 Conon
969 586 1349 643 Aurasicorum,
1382 598 1485 635 aera
1506 580 1541 632 2
1557 580 1606 630 ι’.

500 675 702 727 Nullum
732 675 1107 733 ministrorum,
1146 671 1233 737 qui
1282 668 1577 736 baptizandi
1618 663 1811 731 recepit
1838 661 1949 727 θαῖ-
2004 669 2008 673 ’

427 762 587 821 cium,
610 762 722 813 sine
750 762 1028 812 chrismate
1048 773 1265 824 usquam
1299 758 1491 808 debere
1534 752 1795 819 progredi,
1824 751 1942 818 quia

431 848 567 899 inter
591 862 684 899 nos
711 848 904 914 placuit
928 857 949 882 ε
982 846 1141 898 semel
1165 841 1457 896 chrismari.
1485 840 1556 891 De
1581 854 1643 891 eo
1664 847 1834 890 autem
1857 836 1944 904 qui

428 936 483 989 in
514 935 1162 1002 baptismatcnecessitate
1193 931 1411 983 faciente
1454 927 1630 997 (γαν.)
1663 929 1776 980 sine
1804 924 1945 979 chri—

428 1030 597 1075 smate
623 1021 799 1084 fuerit,
824 1020 875 1071 in
904 1019 1299 1072 confirmatione
1343 1014 1587 1067 sacerdos
1634 1026 1754 1065 eum
1800 1023 1945 1064 com-

424 1118 636 1164 moneat
665 1109 711 1161 δ.

729 1198 903 1251 Conon
959 1193 1543 1255 Neortrsariensis,cera
1583 1189 1633 1241 6.

496 1298 521 1324 ο
540 1284 885 1351 Pnegnantes,
910 1282 955 1334 si
981 1295 1194 1333 necesse
1220 1281 1305 1341 sit,
1328 1285 1533 1345 oportet
1550 1273 1823 1342 baptizari.
1856 1271 1944 1325 Ni-

427 1372 500 1427 hil
541 1380 711 1423 autem
754 1370 803 1420 in
835 1370 933 1421 hoc
962 1374 1289 1420 sacramento
1312 1376 1586 1416 commune
1614 1369 1693 1415 est
1717 1360 1826 1423 illi,
1854 1360 1944 1427 qui

423 1462 593 1513 editur
622 1475 633 1509 :
666 1459 786 1525 quia
814 1456 1050 1508 voluntas
1076 1460 1129 1506 et
1155 1453 1373 1505 liberum
1412 1449 1689 1502 arbitrium
1716 1448 1770 1501 in
1816 1462 1940 1501 con-

423 1552 651 1607 fessione
678 1549 992 1603 declaratur.
1341 1599 1345 1602 .

747 1633 921 1686 Conon
948 1629 1307 1701 apostolorum,
1338 1644 1441 1679 arra
1468 1625 1535 1679 48
1570 1625 1612 1676 Υ.

1248 298 1553 355 CANONES
1589 295 1864 351 SELEGTI
1901 293 1988 347 EX
2030 294 2180 348 VET.
2221 296 2370 350 CAN.
2408 294 2725 350 COLLECT.

3425 298 3566 353 1οἒι

1970 410 2013 461 Δ
2044 406 2352 459 necessitate
2376 421 2495 459 cum
2532 421 2653 460 vase
2680 413 2769 458 aut
2797 420 2914 458 cum
2944 407 3182 460 manibus
3208 422 3341 473 aqua
3369 407 3420 461 in
3458 425 3562 463 no-

2044 490 2182 542 mine
2221 497 2413 543 sanctae
2447 490 2717 543 Trinitatis
2740 491 3125 558 _baptizaverit,
3164 492 3389 546 ﬁrmiter
3431 510 3560 564 per-

2043 576 2290 642 manebit,
2312 578 2603 645 praesertim
2629 594 2746 631 cum
2786 580 3069 633 necessitas
3098 578 3197 633 hoc
3234 592 3482 649 exposcat
3508 592 3560 636 ’³.

2442 660 2443 663 “
2674 664 2807 716 Era
2847 664 2928 717 16.

2107 752 2183 804 De
2207 754 2495 821 presbytero
2522 753 2608 820 qui
2650 753 2849 820 ignorat
2890 755 3166 805 orationem
3214 754 3557 807 Dominicant.

2039 872 2105 880 -——
2138 849 2161 875 °
2184 840 2462 909 Presbyter
2489 842 2577 907 qui
2605 825 2892 893 orationem
2919 840 3242 894 Dominicam
3267 858 3366 894 non
3393 851 3557 905 tenet,

2040 943 2136 981 nec
2170 928 2480 997 symbolum,
2505 916 2671 995 neque
2706 929 2949 996 psalmos,
2976 930 3020 982 si
3048 926 3322 997 episcopus
3347 920 3444 983 fuit
3466 933 3563 999 qui

2039 1034 2156 1071 eum
2178 1019 2454 1079 benedixit,
2474 1020 2558 1072 hic
2580 1019 2804 1087 primum
2822 1018 3050 1072 omnium
3064 1019 3388 1087 dignitatem,
3402 1034 3559 1093 quam

2040 1107 2217 1160 illicite
2246 1107 2603 1175 praesumpsit,
2628 1106 2834 1159 amittat
2860 1125 2871 1159 :
2900 1114 2952 1159 et
2974 1107 3073 1159 sub
3117 1106 3349 1160 districta
3391 1108 3563 1174 potni-

2039 1196 2200 1248 tentia
2223 1195 2364 1248 omni
2395 1204 2628 1262 tempore
2657 1195 2774 1248 vitae
2803 1209 2909 1247 suae
2931 1195 2984 1247 in
3031 1193 3349 1247 monasterio
3384 1194 3558 1262 degat.

2038 1280 2268 1334 Infantes
2304 1294 2450 1344 vero,
2472 1296 2604 1350 quos
2644 1282 2696 1334 in
2736 1268 2916 1335 Sancta
2959 1280 3215 1333 Trinitate
3258 1281 3559 1349 baptizavit,

2038 1370 2287 1437 baptizati
2306 1378 2667 1437 permaneant.

2672 1456 2804 1509 Αἶγα
2844 1456 2925 1509 17.

2112 1558 2138 1595 r
2165 1547 2263 1612 Qui
2306 1558 2430 1600 vero
2473 1546 2545 1599 ita
2590 1546 2875 1613 baptizant,
2920 1553 2979 1598 ut
3007 1546 3221 1600 dicant:
3268 1546 3324 1599 lu
3350 1547 3565 1599 nomine

2044 1636 2215 1689 Patris
2243 1651 2438 1705 mergo,
2470 1637 2521 1689 in
2548 1636 2757 1687 nomine
2799 1635 2915 1687 Filii
2970 1650 3167 1702 mergo,
3229 1643 3283 1689 et
3333 1634 3565 1704 Spiritus

496 1731 518 1767 ε
540 1727 595 1780 Si
618 1726 733 1793 quis
750 1724 897 1790 juxta
920 1727 1234 1789 praeceptum
1254 1716 1457 1769 Domini
1478 1730 1578 1769 non
1601 1710 1942 1781 baptizaverit
1969 1703 1971 1711 ⁴

2041 1724 2206 1779 sancti
2236 1702 2431 1797 mergo.
2460 1720 2523 1775 lli
2548 1724 2635 1790 qui
2665 1723 2734 1774 ita
2762 1730 2882 1774 sunt
2916 1722 3188 1787 baptizati,
3219 1723 3314 1774 etsi
3341 1702 3561 1784 rustice,

424 1816 479 1868 in
510 1813 715 1866 nomine
744 1810 933 1871 Patris,
965 1815 1017 1861 et
1056 1805 1202 1867 Filii,
1228 1813 1278 1857 et
1304 1804 1529 1871 Spiritus
1553 1802 1738 1862 sancti,
1771 1800 1859 1853 sed
1890 1800 1943 1851 in

425 1902 590 1955 tribus
616 1900 728 1953 sine
754 1897 899 1950 initio
923 1894 1211 1964 principiis,
1242 1901 1331 1944 aut
1382 1892 1434 1943 in
1480 1889 1647 1943 tribus
1689 1886 1827 1950 ﬁliis,
1854 1895 1944 1939 aut

424 1991 477 2043 in
500 1989 664 2042 tribus
681 1984 977 2055 paracletis,
1005 1982 1314 2048 deponatur.

1034 2070 1165 2122 Afra
1190 2069 1257 2121 49
1282 2069 1331 2120 ιι.

496 2170 511 2206 i
546 2164 598 2217 Si
630 2164 746 2230 quis
772 2177 873 2236 non
917 2161 1108 2213 trinam
1162 2158 1473 2211 mersionem
1511 2156 1666 2210 unius
1708 2155 1940 2225 mysterii

424 2252 673 2313 celebrat,
706 2252 1013 2317 deponatur.

731 2333 906 2387 Canon
934 2332 1329 2396 Aurasicorum,
1355 2347 1460 2383 trra
1493 2329 1552 2381 11
1590 2326 1633 2380 i.

490 2424 671 2477 Subito
692 2423 1051 2475 obtumesccns
1089 2420 1273 2489 [prout
1291 2424 1459 2472 status
1482 2415 1595 2483 ejus
1618 2415 1732 2487 est]
1770 2416 1940 2484 bapti-
1981 2410 1989 2419 ’

425 2514 531 2567 zari
556 2520 644 2565 aut
671 2511 1025 2580 pmnitentiam
1048 2510 1285 2577 accipere
1310 2514 1512 2575 potest;
1568 2506 1612 2559 si
1657 2505 1939 2559 voluntatis

422 2604 695 2675 praeterita:
744 2600 1035 2655 testimonia
1078 2596 1243 2669 (Var.
1282 2606 1329 2648 et
1367 2596 1487 2647 add.
1518 2596 1571 2645 in
1604 2593 1760 2663 edd.)
1795 2593 1938 2660 iusta

396 2702 407 2715 '
421 2690 632 2746 fuerint.

906 2773 1040 2826 Αἶγα
1068 2774 1130 2826 12
1159 2773 1293 2843 [cum
1326 2772 1432 2844 15].

494 2863 798 2916 Amentibus
838 2876 1160 2930 quazcunque
1187 2859 1398 2929 pietatis
1437 2863 1579 2923 sunt,
1601 2857 1938 2914 conferantur

422 2949 799 3025 [conferenda].

596 3040 658 3093 In
680 3039 887 3108 epistola
916 3038 1079 3091 sancti
1106 3035 1276 3090 Siricii
1316 3052 1478 3105 paper,
1521 3052 1633 3109 arra
1676 3034 1759 3087 14.

491 3129 517 3167 ι
555 3127 832 3196 Presbyter
852 3129 940 3194 qui
975 3125 1028 3179 in
1061 3126 1180 3179 vino
1216 3124 1448 3192 baptizat
1482 3124 1720 3191 proxima
1756 3136 1938 3177 neces.

422 3217 594 3278 sitate,
620 3224 677 3267 ut
702 3230 837 3282 περι·
865 3230 967 3265 non
1007 3211 1346 3281 periclitetur,
1366 3224 1462 3278 pro
1487 3210 1575 3262 tali
1603 3225 1661 3263 re
1705 3210 1843 3263 nulla
1888 3212 1937 3263 ei

426 3304 575 3369 culpa
599 3301 908 3355 ascribatur.
940 3299 994 3351 Si
1024 3313 1148 3351 vero
1184 3311 1316 3365 aqua
1345 3296 1544 3359 aderat,
1573 3306 1626 3349 et
1653 3297 1939 3351 necessitas

422 3391 543 3445 talis
567 3406 667 3443 non
694 3390 927 3458 urgebat,
962 3388 1047 3441 hic
1080 3386 1439 3441 communione
1464 3384 1718 3452 privetur,
1746 3391 1798 3435 et
1819 3394 1937 3451 pae—

424 3476 1048 3543 nitentizesubmittatur.
1076 3473 1247 3527 lufans
1283 3487 1407 3527 vero
1443 3471 1547 3535 ille,
1571 3471 1614 3524 si
1661 3470 1715 3523 in
1756 3478 1936 3524 sancta

424 3567 679 3621 Trinitate
704 3565 998 3633 baptizatus
1019 3570 1120 3627 est,
1141 3564 1194 3615 in
1214 3578 1275 3616 eo
1292 3563 1549 3630 baptismo
1562 3552 1866 3630 permaneat
1895 3558 1935 3611 ι.

1059 3650 1190 3702 Αἶγα
1216 3650 1297 3703 15.

492 3755 527 3781 ιη
568 3741 622 3796 Si
656 3742 904 3795 infamem
952 3741 1001 3793 in
1049 3739 1277 3807 periculo
1321 3738 1656 3793 constitutum
1703 3738 1938 3805 proxima

493 3929 516 3955 ι
546 3916 677 3967 Stat.
724 3914 863 3966 Eccl.
902 3920 1041 3975 ant.;
1096 3912 1147 3963 in
1186 3912 1300 3965 cod.
1350 3910 1504 3964 Barb.
1549 3926 1595 3965 c.
1636 3910 1731 3976 41;
1785 3926 1933 3965 conc.

425 3986 599 4040 Carth.
630 4000 700 4046 Iv,
723 4000 769 4037 c.
806 3981 919 4033 100.

493 4055 519 4091 b
559 4052 618 4103 ν.
644 4044 709 4101 el.
749 4050 940 4101 Fronto
963 4047 1178 4099 Duczeus
1210 4066 1220 4097 :
1255 4064 1273 4095 t
1320 4046 1376 4098 ln
1406 4044 1583 4101 codice
1613 4047 1817 4115 Tiliano
1854 4049 1940 4102 hic

423 4133 589 4176 canon
632 4118 887 4184 secundus
928 4124 1008 4167 est
1036 4132 1047 4164 :
1077 4116 1489 4184 primusautem
1505 4116 1603 4184 qui
1629 4117 1933 4184 sequitur.)

495 4199 513 4225 ε
544 4188 604 4239 V'.
631 4186 693 4236 cl.
727 4185 773 4236 Ι.
801 4183 957 4236 Sirm.
990 4200 1002 4253 ξ
1032 4200 1053 4253 Α(
1082 4181 1547 4253 δρηιριίςὴνὶδηιατὶξ
1581 4181 1941 4253 vulgaticodi-

424 4270 529 4315 ces,
554 4263 605 4307 et
628 4253 925 4313 Gratianus,
952 4250 1147 4320 aliique
1170 4251 1488 4309 eollectores,
1514 4250 1748 4320 semel'in
1778 4252 1939 4320 bapti-

1960 3006 2008 3067 ε

2040 1819 2212 1864 tamen
2238 1811 2293 1864 in
2324 1810 2533 1863 nomine
2557 1817 2749 1862 sancta:
2777 1808 3049 1861 Trinitatis
3076 1808 3320 1877 baptizati
3344 1817 3492 1868 sunt.

2485 1913 2547 1950 nr.
2587 1913 2812 1950 trnuno
2852 1912 3121 1950 BAPTISMO.
3332 1890 3338 1895 ’

2670 1983 2802 2036 Afra
2838 1981 2925 2035 24.

2105 2074 2457 2144 (Desideratur
2486 2076 2540 2128 in
2565 2074 2705 2144 edd.)
2735 2073 2833 2139 Qui
2865 2074 2929 2127 ad
2964 2075 3207 2130 iteratum
3243 2075 3562 2143 baptismum

2036 2164 2442 2231 suscipiendum,
2490 2163 2573 2215 vel
2618 2172 2757 2215 metu
2791 2163 2979 2224 coacti,
3030 2162 3107 2213 vel
3135 2176 3313 2215 errore
3354 2162 3561 2230 decepti

2036 2261 2178 2315 sunt,
2207 2262 2259 2305 et
2284 2269 2389 2305 non
2414 2268 2469 2305 se
2495 2260 2643 2304 extra
2684 2251 2953 2305 catholica:
2999 2251 3118 2305 fidei
3171 2265 3559 2305 sacramentum

2037 2343 2207 2410 egisse
2244 2350 2583 2408 cognoscunt,
2628 2358 2732 2396 non
2779 2342 3047 2395 societatis
3091 2351 3300 2406 nostra,
3334 2342 3430 2395 nisi
3469 2356 3567 2410 per

2037 2445 2223 2483 manus
2256 2431 2640 2499 impositionem
2678 2432 2928 2500 episcopi,
2976 2432 3391 2485 communionem
3429 2431 3566 2483 reci-

2034 2519 2200 2587 piant,
2249 2528 2484 2588 tempora
2513 2535 2639 2574 vero
2664 2520 2895 2589 episcopi
2943 2521 3292 2573 constituente
3339 2519 3561 2587 judicio,

2034 2618 2191 2676 prout
2226 2625 2601 2664 conversorum
2640 2611 2846 2664 animos
2880 2610 3070 2663 viderit
3105 2609 3185 2663 vel
3237 2611 3567 2677 perspexerit

2035 2711 2151 2751 esse
2170 2699 2406 2762 devotos,
2433 2699 2684 2752 habentes
2707 2698 2865 2752 etiam
2898 2697 3090 2751 seniles
3108 2705 3311 2760 aetates,
3337 2697 3565 2752 intuitus

2034 2794 2088 2840 et
2115 2787 2469 2854 periculorum
2489 2787 2843 2856 aegritudines.
2868 2785 2924 2838 In
2939 2785 3129 2854 quibus
3146 2787 3189 2838 si
3204 2785 3321 2854 quis
3342 2785 3411 2839 ita
3431 2801 3563 2853 δη-

2034 2875 2168 2927 viter
2197 2883 2428 2944 urgetur,
2464 2883 2522 2928 ut
2551 2876 2613 2931 de
2639 2875 2804 2929 salute
2829 2873 2942 2940 ejus
2970 2874 3295 2941 desperetur,
3316 2889 3559 2927 commu-

2035 2966 2209 3019 nionis
2231 2966 2397 3034 gratia
2427 2966 2784 3018 subveniatur.
3174 2950 3177 3017 ί

2379 3052 2554 3105 Canon
2598 3052 2960 3122 apostolorum,
2998 3068 3101 3105 trra
3125 3052 3209 3105 46.

2106 3154 2127 3180 τ
2168 3143 2221 3197 Si
2255 3142 2372 3211 quis
2396 3156 2515 3196 eum
2538 3142 2627 3210 qui
2653 3149 2795 3195 recte
2834 3142 3129 3209 baptizatus
3150 3147 3251 3206 est,
3262 3138 3447 3219 sciens
3472 3153 3561 3193 re-

2033 3230 2395 3299 baptizaverit,
2440 3230 2745 3297 deponatur.

2582 3317 2803 3373 CAPUT
2851 3317 3013 3373 XXV.

2036 3427 2099 3465 DE
2152 3425 2570 3473 (ΣΟΜΊΒΙᾼΠΟΝΕ
2610 3423 2624 3461 ε
2692 3426 2758 3463 ετ
2803 3425 3023 3462 PRANDlA
3074 3425 3125 3461 ικ
3176 3423 3414 3463 εεειεειλ
3460 3424 3566 3464 NON

2070 3496 2221 3532 ΙἸΔΝΤ
2247 3493 2260 3530 Ξ
2294 3495 2360 3533 ΕΤ
2384 3494 2517 3540 QUOD
2548 3494 2630 3531 DIE
2652 3493 2896 3532 DOIINICO
2924 3493 3056 3531 GENL’
3078 3493 3175 3531 NON
3202 3492 3529 3531 FLECTATI’R.

2308 3636 2314 3643 1
2374 3565 2439 3617 In
2464 3565 2673 3632 epistola
2697 3565 2724 3616 Ι
2748 3564 3029 3638 Innocentii
3052 3556 3215 3634 ῥίφω.

2108 3664 2128 3691 τ
2149 3654 2303 3708 Liber
2329 3653 2543 3723 [Verum
2569 3662 2623 3708 et
2648 3652 2732 3705 illa
2759 3653 2932 3723 lectio]
2962 3654 3183 3707 Actuum
3208 3654 3565 3721 apostolorum

2036 3743 2223 3797 asserit
2266 3741 2478 3795 Petrum
2504 3750 2558 3794 et
2604 3739 2858 3795 Joannem
2902 3758 3015 3796 esse
3044 3743 3289 3806 directos,
3326 3744 3417 3810 qui
3448 3750 3569 3795 lan-

2036 3910 2300 3988 elitantem
2337 3908 2588 3988 inf-antem
2621 3909 2923 3988 baptizavit,
2948 3907 3159 3988 nullaei
3188 3909 3373 3988 exinde
3390 3911 3567 3988 ascri-

2036 3978 2180 4031 bitur
2200 3974 2644 4046 _c_ulpa.plnfantes_
2660 3974 2741 4046 sic
2766 3985 3107 4046 permaneant
3145 3976 3198 4028 in
3245 3978 3355 4044 ipso
3390 3979 3567 4046 bapti-

2038 4060 2169 4098 smo.
2197 4044 2323 4114 Nam
2354 4044 2398 4098 si
2424 4058 2559 4111 aqua
2585 4044 2747 4096 adfuit
2775 4054 3024 4112 pmsens,
3042 4044 3133 4114 ille
3156 4046 3430 4114 presbyter
3460 4044 3562 4100 ex.

2038 4113 2451 4167 eommunicetur
2476 4151 2490 4175 ,
2540 4122 2591 4165 et
2642 4113 2959 4182 paenitentiae
3013 4113 3387 4178 submittatur,
3435 4116 3564 4182 quia

2038 4190 2231 4235 contra-
2266 4194 2521 4250 canonum
2564 4181 2873 4250 sententiam
2906 4196 3078 4247 agere
3122 4181 3480 4250 praesumpsit.
3536 4202 3579 4234 s,

2039 4250 2201 4303 llecte
2244 4249 2307 4316 ad
2354 4250 2640 4316 marginem
2680 4248 2839 4302 Cone.
2872 4264 3023 4301 novre
3050 4249 3175 4301 edit.
3205 4248 3416 4302 notatur
3459 4251 3564 4304 ista

422 4334 581 4376 amate
623 4321 904 4371 chrismari.
949 4319 1010 4368 Et
1044 4315 1165 4369 vero
1192 4326 1397 4386 certum
1430 4328 1510 4370 est
1534 4318 1597 4371 de
1625 4315 1937 4386 baptismate
1966 4327 2012 4385 υ
2038 4318 2240 4386 verba:
2274 4315 2505 4381 Infantes
2544 4319 2619 4369 sic
2654 4326 2981 4386 permaneant
3039 4317 3091 4368 in
3132 4318 3241 4386 ipso
3287 4316 3558 4385 baptismo.

426 4392 527 4458 agi.
572 4387 673 4441 Sed
715 4402 831 4458 cum
879 4388 985 4437 hate
1012 4387 1166 4458 verba
1214 4386 1263 4436 in
1295 4385 1534 4458 antiquis
1551 4385 1934 4458 exemplaribus

424 4451 526 4512 non
558 4458 679 4517 sint,
706 4466 755 4507 et
784 4454 1033 4521 glossema
1058 4455 1279 4520 sapiant,
1304 4453 1485 4521 religio
1510 4451 1607 4504 fuit
1641 4451 1719 4506 ea
1748 4455 1935 4509 retine-

425 4543 500 4580 re.
538 4545 553 4575 ›
578 4525 651 4575 Ex
674 4538 773 4589 quo
796 4520 936 4591 patet
962 4521 1149 4587 ubique
1172 4520 1534 4591 cumantiquis
1553 4520 1935 4591 exemplaribus

424 4592 715 4648 consentire
737 4589 1093 4643 collectionem
1125 4590 1239 4642 cod.
1268 4589 1525 4641 Herovall.

491 4662 515 4699 ϐ
555 4659 699 4726 Apud
734 4658 920 4710 Bureh.
949 4664 1001 4709 et
1040 4658 1176 4708 lvon.
1216 4675 1226 4709 :
1258 4658 1310 4709 in
1346 4656 1727 4721 conﬁrmatione
1768 4673 1936 4711 sacer-

424 4730 554 4781 dotis
582 4726 882 4793 perﬁcietur.

498 4808 520 4833 ο
554 4792 740 4859 interp.
772 4808 865 4846 nec
885 4792 1093 4861 Dionys.
1118 4806 1213 4845 nec
1235 4793 1353 4846 lsid.

498 4863 517 4902 ί
556 4862 609 4913 1η
632 4862 720 4913 Gr.
747 4862 829 4913 48.

496 4934 521 4971 ε
557 4929 684 4982 Can.
710 4927 775 4981 49
805 4929 856 4979 in
887 4927 1074 4992 interp.
1106 4927 1315 4995 Dionys.
1338 4966 1351 4989 ,
1392 4944 1419 4978 a
1450 4941 1552 4995 qua
1582 4926 1861 4995 discrepat.

498 5000 522 5037 ι)
563 4998 617 5049 ln
646 4995 735 5049 Gr.
760 4996 845 5047 49.

504 5067 519 5138 ξ
560 5065 829 5141 interpret.
874 5063 1106 5141 Dionysa,
1139 5076 1166 5113 a
1192 5077 1294 5141 quo
1314 5062 1591 5130 discrepat.

499 5130 512 5178 i
560 5132 615 5183 Ο.
646 5132 706 5181 12
734 5147 878 5184 conc.
915 5130 1238 5184 Arausicani.

498 5200 523 5237 ιι
566 5198 893 5264 Desideratur
923 5201 973 5249 in
1004 5200 1087 5253 ed.
1116 5214 1198 5264 ep.
1227 5197 1418 5250 Siricii.

502 5265 520 5305 ι
562 5263 749 5334 Eadem
774 5266 949 5331 paucis
970 5263 1377 5334 verbis’mutatis
1398 5267 1623 5317 citantur
1641 5280 1701 5318 ex
1718 5265 1932 5334 cpistola

431 5334 603 5385 Siricii
626 5333 687 5383 ad
703 5334 994 5400 episcopum
1010 5333 1294 5386 Himerium
1311 5333 1758 5387 Tarraconensem’
1770 5350 1799 5386 a
1817 5334 1934 5386 Ste-

432 5403 604 5467 phano
626 5415 755 5466 papa
769 5399 811 5451 ll
826 5401 876 5451 in
904 5402 1008 5454 suis
1029 5402 1091 5453 ad
1106 5402 1247 5452 varia
1262 5402 1495 5454 consulta
1512 5403 1638 5454 Brit.
1663 5403 1934 5454 monacho-

434 5482 550 5518 rum
578 5468 837 5532 responsis
856 5483 969 5537 cap.
1000 5471 1077 5527 ll,
1104 5471 1198 5522 hoc
1222 5470 1372 5521 modo
1405 5487 1414 5519 :
1446 5488 1463 5518 ι
1498 5468 1553 5522 Si
1581 5470 1631 5521 in
1654 5471 1773 5522 vino
1794 5470 1931 5537 quis,

432 5541 703 5603 propterea
734 5536 865 5599 quod
894 5551 1073 5603 aqua»:
1106 5554 1201 5586 non
1234 5538 1544 5601 inveniebat,
1565 5538 1772 5590 oninino
1800 5536 1933 5605 peri—

2036 4400 2149 4438 esse
2172 4385 2424 4451 glossema
2451 4394 2542 4438 aut
2569 4400 2598 4437 e
2621 4387 2853 4453 margine
2877 4385 2927 4436 in
2955 4384 3201 4437 textum’a
3229 4384 3443 4439 librario
3479 4398 3563 4440 te-

2036 4468 2179 4506 mere
2204 4454 2488 4522 intrusum,
2518 4462 2607 4505 aut
2633 4467 2695 4505 ex
2721 4453 2971 4522 proximis
2997 4454 3290 4522 canonibus
3332 4468 3427 4522 per
3474 4454 3563 4507 in-

2034 4522 2232 4574 curiam
2261 4520 2588 4574 translatum.
2619 4521 2791 4587 Quare
2819 4521 2905 4573 hic
2941 4521 3084 4573 locus
3108 4520 3376 4574 emendari
3400 4522 3563 4577 debet

2034 4588 2254 4643 lectione
2282 4590 2673 4643 accuratissima
2701 4590 2816 4643 cod.
2848 4587 3213 4642 llerovalliani.
3478 4618 3486 4625 ο

2101 4668 2140 4695 ω
2179 4658 2351 4710 Desid.
2379 4656 2431 4708 in
2459 4659 2541 4710 ed.
2570 4673 2652 4725 ep.
2677 4656 2833 4710 Siric.

2102 4735 2127 4760 υ
2166 4724 2359 4794 Eadem
2388 4724 2831 4794 siclegu’nturhin
2878 4724 3073 4779 eisdem
3126 4725 3386 4794 responsis
3434 4725 3558 4781 Ste-

2033 4794 2191 4861 phani
2212 4792 2275 4855 ll,
2304 4807 2418 4860 cap.
2452 4793 2515 4844 12
2544 4792 2559 4845 έ
2593 4809 2613 4843 ι
2650 4792 2703 4871 Si
2744 4792 2863 4845 licet
2890 4807 2990 4911 Iper
3023 4792 3388 4871 necessitatem
3432 4810 3557 4849 curn

2033 4862 2252 4911 conclia.
2282 4870 2372 4911 aut
2394 4876 2511 4911 cum
2538 4862 2805 4911 manibus.
2832 4861 2884 4911 in
2910 4862 3017 4911 anti
3046 4876 3096 4911 m
3124 4858 3423 4911 Inﬁrmitate
3459 4878 3557 4911 no.-

2032 4858 2252 4923 concha,
2282 4858 2511 4913 aut—cum
2538 4860 2805 4925 manibus,
2832 4858 3017 4913 infanti
3046 4862 3096 4913 in
3124 4858 3423 4915 inﬁrmitate
3459 4878 3558 4928 po—

2034 4931 2334 5009 sitoaquam
2357 4943 2513 5008 super
2536 4936 2690 5007 cappt
2710 4928 2946 5009 fundere,
2969 4938 3023 5009 et
3041 4929 3125 5007 sic.
3136 4928 3425 5009 baptizare.
3442 4930 3558 5009 lloc

2030 4996 2306 5065 baptisma,
2334 4996 2379 5065 si
2418 4996 2469 5048 in
2514 4997 2722 5049 nomine
2752 5004 2943 5049 sancta:
2984 4996 3253 5055 Trinitatis
3281 5006 3556 5065 peractum

2032 5063 2214 5125 fuerit,
2239 5064 2460 5116 ﬁrmiter
2486 5065 2848 5131 permanebit:
2873 5066 3164 5131 prmsertim
3205 5063 3323 5119 cum
3370 5080 3557 5121 neces-

2032 5133 2159 5210 sitas
2310 5140 2572 5210 exposcat.
2620 5152 2637 5182 ›

2102 5208 2127 5320 ζ
2173 5200 2343 5320 ἒξεὶᾶ.
2379 5200 2431 5251 in
2460 5201 2541 5253 ed.
2560 5215 2640 5268 ep.
2660 5200 2764 5254 Sir.
2783 5202 2897 5255 \‘id.
2925 5201 3079 5269 Resp.
3106 5201 3284 5271 Steph.
3308 5215 3459 5271 papa
3483 5200 3552 5272 Π.

2032 5283 2145 5320 CBD.
2173 5283 2255 5320 10.

2094 5283 2381 5455 Ξίξέὲἰᾱθτ.
2412 5333 2462 5386 in
2482 5334 2565 5387 ed.
2594 5350 2676 5404 ep.
2706 5335 2857 5390 Siric.
2899 5336 3051 5406 Resp.
3094 5338 3272 5407 Steph.
3298 5351 3448 5406 papa
3479 5334 3551 5403 Il,

2034 5418 2144 5455 C80.
2176 5418 2195 5455 1
2208 5418 2258 5455 4.
3396 5423 3400 5429 “

2096 5418 2144 5519 ε’
2160 5418 2347 5536 [interp.
2381 5485 2480 5523 non
2517 5470 2725 5538 Dionys.

2104 5551 2121 5575 τ
2161 5540 2283 5606 Cap.
2314 5540 2360 5592 3.
2392 5540 2515 5593 Vide
2542 5554 2714 5608 supra.
