3926 6216
448 326 588 380 10ξῦ

444 524 594 586 teris,
636 537 727 575 seu
748 532 899 573 extra
923 521 1237 588 episcopum,
1281 521 1389 572 sive
1414 529 1671 587 prasente
1709 520 1950 587 episeopo

441 625 565 663 cum
598 608 753 679 [Edd.
782 624 880 660 om.
910 608 1049 677 cum]
1097 608 1381 674 baptizant,
1432 608 1713 660 chrismate
1756 620 1952 675 ungere

442 694 583 759 licet,
610 696 699 750 sed
726 696 860 763 quod
891 696 954 747 ab
981 696 1221 762 episcopo
1249 694 1403 747 luerit
1447 701 1827 757 consecratum,
1849 710 1952 747 non

440 790 619 835 tamen
659 782 875 835 frontem
907 797 970 834 ex
994 782 1172 834 eodem
1205 779 1359 851 [oleo]
1401 781 1625 848 signare,
1652 780 1791 846 quod
1829 780 1952 833 solis

440 868 663 923 debetur
699 870 972 937 episcopis,
1015 885 1133 922 cum
1174 869 1384 921 tradunt
1431 867 1683 935 Spiritum
1725 866 1962 935 paracle-‘

441 966 574 1009 tum.

740 1043 914 1097 Canon
951 1044 1336 1106 Anrasicorum,
1372 1060 1475 1096 cera
1519 1043 1554 1095 2
1602 1054 1648 1094 ι.
1708 1050 1711 1053 ’

510 1131 641 1184 Cum
664 1133 960 1185 chrismatis
986 1133 1147 1199 ipsius
1174 1133 1378 1185 nonnisi
1403 1148 1504 1185 una
1540 1129 1832 1185 benedictio
1853 1137 1952 1192 est,

437 1233 545 1270 11011
572 1220 911 1287 pra-judicans
942 1206 1239 1288 quidquam,
1276 1220 1365 1274 sed
1392 1229 1449 1273 ιιι
1472 1221 1500 1258 δ
1526 1234 1629 1273 non
1658 1217 1953 1273 necessaria

438 1306 695 1358 habeatur
728 1309 947 1375 repetita
988 1308 1307 1361 clirismatio.

740 1392 918 1446 Conon
954 1394 1295 1458 Arelatensis,
1334 1411 1439 1448 trra
1484 1394 1551 1448 26
1595 1404 1639 1447 ο.

509 1480 814 1534 llzereticum
840 1480 1165 1550 [Hmreticos]
1195 1480 1247 1532 in
1282 1481 1464 1533 mortis
1505 1480 1807 1533 discrimine
1832 1494 1955 1533 con-

435 1572 701 1633 stitutum,
724 1571 766 1624 si
792 1571 1078 1623 catholicus
1106 1582 1221 1622 esse
1249 1569 1528 1645 desiderat,
1556 1579 1609 1622 et
1631 1568 1720 1639 [si]
1747 1569 1952 1635 episco-

432 1669 538 1725 pus
563 1658 717 1719 desit,
743 1672 772 1709 a
795 1658 1098 1727 presbytero
1122 1672 1238 1711 cum
1273 1656 1569 1709 chrismatis
1593 1656 1953 1711 benedictione

432 1745 731 1812 consignari
753 1746 966 1813 placuit.

776 1832 950 1886 Cunon
992 1832 1338 1901 Epa'unensis,
1386 1848 1491 1885 arra
1529 1832 1612 1886 l6.

506 1924 660 1993 IAM.
688 1925 739 1976 in
776 1924 934 1976 edd.':
977 1923 1309 1991 presbyteros
1346 1930 1563 1992 propter
1591 1916 1811 1977 salutem
1839 1923 1951 1976 ani-

431 2024 639 2062 marum
692 2025 845 2077 quam
874 2010 926 2061 in
968 2010 1173 2062 cunctis
1219 2009 1503 2079 optamus.]
1555 2010 1850 2076 Desperatis
1898 2018 1951 2063 et

430 2096 858 2155 decumbentibus
916 2097 1196 2160 bereticis,
1253 2097 1297 2150 si
1354 2097 1751 2149 conversiOnem
1808 2096 1952 2149 subi-

433 2196 545 2239 tam
588 2192 787 2252 petant,
831 2199 863 2236 a
923 2186 1228 2253 presbytero
1281 2182 1431 2253 [Van
1474 2182 1617 2253 edd.]
1666 2184 1948 2237 chrismate

431 2274 779 2341 permittimus
800 2274 1082 2326 subveniri.
1114 2272 1261 2338 Quod
1284 2286 1464 2325 omnes
1489 2272 1745 2335 conversi,
1768 2272 1812 2325 si
1837 2272 1952 2325 sani

432 2367 576 2422 sunt,
602 2361 667 2412 ab
693 2360 933 2427 episcopo
959 2361 1199 2414 noverint
1218 2360 1581 2428 expetendum.

504 2446 529 2483 ἀ
566 2445 944 2511 Pmnitentibus
984 2455 1159 2499 autem
1209 2446 1509 2499 chrismatis
1550 2445 1727 2501 unctio
1752 2444 1953 2499 infundi

432 2547 538 2585 non
568 2540 754 2601 potest,
784 2534 905 2600 quia
943 2548 1105 2601 genus
1145 2542 1226 2587 est
1249 2534 1583 2586 sacramenti.
1609 2531 1740 2587 Nam
1766 2534 1955 2601 quibus

404 2616 635 2689 reliqua
678 2632 1003 2679 sacramenta
1044 2625 1605 2693 negantur,‘quomodo
1645 2624 1746 2699 hoc
1791 2639 1955 2693 genus

435 2708 641 2779 [unum]
662 2719 874 2778 putatur
902 2727 1051 2780 posse
1069 2722 1121 2767 et
1148 2712 1287 2766 credi
1317 2709 1612 2782 [concedi]?

806 2798 979 2852 Canon
1002 2800 1343 2863 Laodicensis,
1367 2816 1471 2853 tera
1495 2799 1582 2853 28.

483 2884 579 2938 'De
598 2887 825 2955 prandiis
857 2886 1199 2941 ecclesiarum.
1232 2917 1301 2928 —
1333 2899 1355 2927 °
1389 2889 1447 2944 in
1490 2888 1709 2945 ecclesia
1735 2890 1954 2961 pranﬁa

434 2970 564 3027 ﬁeri
576 2987 679 3027 non
708 2973 918 3043 debere.

817 3063 837 3102 ί
865 3063 1042 3117 Conon
1067 3060 1334 3137 Nica'nus,
1362 3082 1465 3119 mra
1489 3065 1576 3119 20.

506 3149 531 3188 5
552 3146 607 3200 In
638 3147 723 3201 die
744 3148 1033 3213 Dominico,
1082 3158 1134 3203 et
1176 3152 1230 3215 in
1278 3151 1463 3204 diebus
1489 3150 1846 3216 Pentecostes,
1894 3162 1954 3207 ut

430 3236 607 3291 omnia
640 3235 691 3287 in
734 3235 992 3289 universis
1036 3235 1163 3290 locis
1190 3244 1552 3291 consonanter
1590 3238 1953 3305 observentur,

435 3321 634 3391 placuit
675 3330 859 3376 sancto
884 3322 1106 3391 concilio
1130 3331 1328 3378 stantes
1365 3324 1582 3379 Domino
1614 3334 1735 3378 vota
1762 3327 1957 3395 persol-

436 3424 581 3464 vere.

971 3500 1189 3555 CAPUT
1224 3500 1407 3555 XXV].

432 3600 500 3639 ne
528 3598 743 3649 essent,
767 3601 834 3640 ετ
864 3601 947 3640 nte
981 3583 1253 3650 DOIlNlCO,
1284 3604 1351 3642 ετ
1388 3604 1623 3652 1111110018
1652 3602 1956 3654 rssrtvrra-

1116 3671 1280 3709 TIBUS.

815 3741 991 3795 Conon
1021 3744 1326 3797 Arelatensis
1344 3784 1358 3808 ,
1386 3760 1490 3798 wra
1530 3745 1580 3799 l.
1750 3763 1759 3769 ’

503 3828 655 3899 (Var.
702 3831 847 3900 edd.)
894 3832 1202 3885 Censuimus
1261 3833 1418 3899 igitur
1462 3818 1677 3887 Pascha
1714 3832 1953 3898 Domini,

432 3937 529 3991 per
562 3930 726 3974 totum
748 3922 928 3978 orbem
950 3937 1053 3975 uno
1081 3921 1163 3974 die
1184 3922 1473 3975 observari.

739 4009 917 4063 Canon
941 4011 1317 4063 Aurelianensis
1336 4049 1349 4073 ,
1377 4026 1483 4063 tera
1501 4009 1571 4062 22
1606 4011 1654 4062 ιι.

508 4098 574 4154 Ut
610 4098 735 4151 nulli
782 4098 970 4151 civium
1014 4097 1189 4169 (ναν.)
1234 4098 1475 4169 Pascha,
1502 4097 1682 4150 Natale
1730 4097 1953 4169 Domini,

428 4187 518 4242 vel
560 4186 1010 4254 Quinquagesimre
1026 4168 1391 4238 solemnitatcs
1416 4168 1475 4236 in'
1496 4184 1617 4237 villa
1642 4168 1960 4238 liceat‘oele-

1265 322 1571 379 CANONES
1608 323 1879 377 SELECTI
1914 324 2001 379 EX
2040 323 2189 380 VET.
2228 325 2374 379 CAN.
2414 325 2728 381 COLLECT.

444 448 559 488 tam
586 433 733 507 [jam]
772 434 1045 502 baptizatis
1070 433 1316 500 Spiritum
1343 435 1541 487 darent.
1581 433 1711 485 Nam
1736 434 1949 502 presby-
1979 438 2020 494 Α

3413 328 3543 381 1026

2386 431 2559 484 Canon
2585 431 2873 484 Haticensis
2894 471 2907 495 ,
2950 449 3052 485 mra
3084 434 3117 486 2
3162 439 3201 485 ί.

2116 517 2311 572 Pascha
2342 520 2516 586 itaque
2544 527 2798 581 nostrum,
2824 520 2874 571 in
2913 535 3013 587 quo
3044 538 3277 575 summus
3296 522 3553 580 Sacerdos

2047 621 2109 660 ac
2132 605 2365 659 Pontifex
2392 621 2486 673 pro
2526 608 2720 659 nostris
2761 607 2960 661 delictis
3004 610 3293 663 immolatus
3321 621 3401 665 est
3440 611 3550 682 [AL

2048 694 2168 745 add.
2209 693 2400 745 nullam
2434 694 2628 745 habens
2670 694 3056 749 obnoxietatem
3110 698 3348 766 pecati],
3395 699 3553 753 debe-

2048 807 2163 844 mus
2187 805 2368 844 omnes
2409 789 2587 843 festive
2631 788 3001 860 [festivissime]
3049 794 3237 856 colere,
3274 803 3327 846 et
3362 796 3554 848 sedula

2048 878 2423 931 observationis
2455 879 2751 931 sinceritate
2781 879 2830 930 in
2856 879 3092 932 omnibus
3119 883 3350 933 venerari
3380 900 3393 933 :
3421 892 3479 935 ut
3502 882 3555 936 in

2044 968 2151 1020 illis
2175 967 2512 1019 sanctissimis
2553 974 2749 1033 septem
2779 968 2975 1029 diebus,
3008 969 3173 1021 nullus
3202 971 3389 1022 servile
3425 985 3559 1040 opus

2052 1052 2237 1105 audeat
2272 1050 2471 1113 facere;
2521 1051 2608 1103 sed
2636 1066 2817 1105 omnes
2844 1052 3039 1123 [simul]
3065 1057 3376 1119 ’coadunati,
3410 1059 3559 1125 bym-

2050 1140 2134 1193 nis
2198 1140 2527 1207 paSchalibus
2577 1139 2901 1205 indulgentes
2944 1140 3119 1211 (γαν.)
3168 1155 3559 1210 perseveranter

2050 1236 2240 1280 nostrae
2264 1229 2551 1295 praesentire
2586 1227 2909 1279 devotionem
2952 1230 3265 1294 quotidianis
3291 1234 3561 1287 sacriliciis
3640 1242 3643 1245 '

2050 1324 2389 1377 ostentemus,
2418 1316 2686 1367 laudantes
2727 1325 3014 1367 creatorem
3056 1331 3117 1367 ac
3144 1327 3561 1385 regeneratorem

2051 1410 2285 1455 nostrum
2314 1400 2545 1469 vespere,
2590 1418 2741 1454 mane
2786 1408 2838 1455 ct
2876 1404 3109 1455 meridie.

2392 1488 2566 1541 Conon
2607 1491 2929 1556 Maticensis,
2967 1510 3075 1546 arra
3118 1496 3141 1546 1
3178 1494 3220 1546 i.

2122 1576 2149 1614 ι
2179 1575 2445 1634 Custodite
2491 1577 2627 1630 diem
2665 1578 3008 1644 Dominicum,
3035 1583 3123 1648 qui
3156 1598 3252 1637 nos
3278 1586 3445 1639 denuo
3470 1601 3564 1657 pe—
3602 1618 3605 1621 λ

2051 1666 2206 1734 perit,
2234 1674 2285 1721 et
2324 1681 2353 1717 a
2399 1668 2626 1735 peccatis
2656 1670 2896 1723 omnibus
2936 1670 3195 1726 liberavit.
3241 1675 3421 1729 Nullus
3466 1692 3563 1731 11οο

2050 1762 2216 1807 stmm
2254 1754 2527 1825 [vestrum]
2561 1756 2725 1811 litium
2762 1757 3030 1812 fomitibus
3055 1770 3222 1823 vacet,
3246 1764 3418 1817 nullus
3443 1778 3566 1819 cau-

2048 1854 2225 1892 sarum
2250 1842 2481 1895 actiones
2504 1851 2767 1906 exerceat,
2796 1858 2948 1901 netno
2974 1845 3073 1899 sibi
3100 1846 3256 1899 talem
3280 1852 3569 1904 necessita-

2047 1931 2154 1977 tem
2202 1925 2465 1989 exhibeat,
2512 1941 2626 1993 quae
2664 1929 2845 1995 jugum
2891 1930 3181 1983 cervicibus
3224 1931 3568 1997 iuvencorum

2048 2014 2313 2081 imponere
2342 2016 2718 2083 cogat.‘Estote
2754 2031 2934 2069 omnes
2973 2017 3026 2069 in
3077 2017 3281 2086 hymnis
3318 2029 3373 2073 et
3406 2021 3571 2079 laudi-

2048 2104 2147 2157 bus
2164 2103 2276 2167 Dei,
2309 2104 2504 2167 animo,
2534 2120 2856 2172 corporcque
2882 2105 3069 2159 intenti

2092 2179 2097 2183 ’
2316 2191 2495 2245 Conon
2524 2194 2925 2256 Aurelianensis,
2968 2213 3074 2249 a’ra
3132 2197 3192 2251 2i
3258 2198 3298 2252 ι.

2117 2270 2578 2347 01110ρο18005οω
2623 2289 2703 2334 est
2750 2256 2995 2353 [petiolis]
3026 2284 3109 2337 die
3140 2286 3411 2343 Dominieo
3452 2303 3571 2344 cum

2048 2362 2278 2428 caballis,
2319 2374 2372 2419 et
2397 2368 2585 2429 bubus,
2622 2376 2712 2420 aut
2731 2371 2984 2423 vehiculis
3020 2373 3204 2426 itinera
3228 2375 3310 2440 agi
3349 2391 3457 2429 non
3479 2379 3574 2432 de-

2048 2451 2172 2504 bere
2195 2467 2208 2503 :
2241 2468 2408 2521 neque
2433 2454 2588 2507 ullam
2615 2472 2724 2509 rem
2751 2457 2813 2510 ad
2840 2459 3031 2512 victum
3056 2476 3371 2529 praeparare,
3399 2467 3477 2518 vel
3504 2468 3571 2523 ad
3632 2509 3641 2515 .

2050 2541 2274 2594 nitorem
2318 2542 2505 2598 domus
2544 2546 2624 2598 vel
2677 2548 2902 2601 hominis
2935 2552 3283 2616 pertinentem
3317 2554 3573 2612 ullatenus

2048 2640 2316 2691 exercere,
2366 2628 2503 2697 (quas
2555 2645 2639 2684 res
2684 2636 2849 2702 magis
2899 2638 2965 2689 ad
3006 2636 3274 2692 Iudaicam
3304 2656 3464 2709 quam
3505 2644 3573 2697 ad

2050 2715 2395 2793 Christianam
2430 2720 2828 2774 observantiam
2866 2726 3093 2791 pertinet
3131 2726 3415 2795 [pertinere
3449 2746 3573 2798 pro-
3612 2736 3617 2740 ’

2048 2801 2248 2872 batur])
2279 2803 2332 2873 id.
2372 2806 2655 2859 statuimus
2694 2815 2752 2859 ut
2795 2808 2879 2861 die
2922 2809 3211 2875 Dominico,
3269 2815 3404 2880 quod
3452 2825 3574 2869 ante

2050 2887 2165 2941 ﬁeri
2190 2888 2357 2955 licuit,
2379 2892 2551 2951 liceat.
2578 2893 2650 2946 De
2670 2908 2829 2961 opere
2856 2905 3027 2950 tamen
3055 2902 3232 2961 rurali,
3262 2901 3313 2954 id
3350 2909 3431 2956 est
3456 2920 3571 2957 ara-

1977 3009 2026 3073 ο
2056 2983 2107 3028 ta
2141 2987 2177 3014 ω
2202 2977 2370 3039 vinea,
2415 2980 2664 3042 sectione,
2707 2983 3033 3047 excussione,
3081 2996 3281 3051 exarto,
3329 2989 3410 3042 vel
3454 3005 3575 3060 sepe

2054 3067 2352 3121 censuimus
2393 3070 2788 3133 abstinendum;
2816 3086 2919 3138 quo
2945 3070 3146 3125 facilius
3195 3075 3257 3127 ad
3299 3078 3571 3147 ecclesiam

2051 3155 2337 3218 venientes,
2363 3156 2617 3211 orationis
2640 3160 2819 3223 gratia:
2843 3169 3045 3212 vacent.
3074 3161 3221 3225 Quod
3261 3165 3303 3216 si
3334 3166 3574 3222 inventus

2050 3242 2209 3295 fuerit
2230 3243 2348 3311 quis
2372 3243 2422 3295 in
2447 3246 2692 3311 operibus
2720 3262 2873 3314 supra
2911 3250 3137 3315 scriptis,
3163 3266 3276 3317 qua:
3297 3253 3572 3309 interdicta

2051 3340 2192 3393 Sunt,
2232 3329 2331 3401 [se]
2360 3346 2631 3397 exercere;
2675 3335 2901 3400 qualiter
2930 3336 3191 3389 emendari
3240 3339 3425 3393 debeat
3468 3357 3571 3396 non

2054 3418 2106 3471 in
2144 3416 2288 3471 Laici
2317 3419 2663 3490 districtione,
2690 3422 2779 3472 sed
2816 3421 2868 3472 in
2909 3424 3193 3476 sacerdotis
3234 3428 3573 3494 castigatione

2054 3506 2327 3558 consistat.

2132 3610 2307 3666 Canan
2348 3614 2726 3667 Aurelianensis
2774 3617 2835 3690 de
2890 3619 3056 3671 missa:
3091 3624 3483 3690 emctatione,

2627 3700 2668 3737 α’
2674 3700 2729 3735 ra
2774 3684 2919 3757 24p“.
3148 3711 3152 3716 -

2120 3789 2249 3841 Cum
2279 3792 2343 3843 ad
2367 3791 2702 3843 celebrandas
2738 3794 2926 3846 missas
2953 3793 3026 3862 [in
3061 3794 3153 3847 Dei
3190 3798 3420 3868 nomine]
3454 3814 3573 3854 oon-

2053 3876 2195 3928 venit
2221 3877 2457 3944 populus,
2498 3894 2599 3930 non
2634 3886 2754 3931 ante
2780 3879 3010 3931 discedat
3042 3896 3196 3947 quam
3234 3884 3405 3937 missa:
3428 3899 3573 3937 com-

2054 3965 2295 4032 pleantur
2325 3965 2518 4033 [missae
2551 3966 2850 4019 solemnitas
2881 3969 3242 4040 compleatur].
3270 3972 3332 4023 Et
3353 3973 3437 4025 ubi
3461 3974 3572 4041 cpi-

2054 4067 2240 4121 scopus
2264 4060 2286 4087 °
2317 4054 2491 4115 fuerit,
2521 4056 2936 4110 benedictionem
2970 4059 3232 4126 accipiant
3260 4062 3565 4115 sacerdotis.

2644 4166 2777 4218 Era
2813 4160 2881 4220 28
2934 4178 2961 4215 Ρ

429 4268 611 4346 litare,
634 4277 731 4334 nisi
756 4290 907 4348 quem
941 4276 1217 4330 inﬁrmitas
1252 4274 1556 4343 probabitur
1576 4275 1821 4328 tenuisse.
1976 4309 2029 4371 υ
2120 4275 2405 4343 Episcopus
2437 4277 2491 4363 si,
2506 4274 2806 4329 infirmitate
2833 4290 2934 4330 non
2962 4276 3117 4331 fuerit
3137 4279 3434 4347 impeditus,
3472 4297 3563 4337 ec-

508 4456 544 4564 ἓ.
559 4444 634 4563 12.
652 4443 875 4564 γυὲεειίε
900 4443 951 4507 l,
993 4443 1083 4497 sed
1108 4442 1162 4495 in
1189 4441 1367 4495 codice
1388 4440 1589 4494 Tiliano
1624 4448 1678 4494 et
1711 4441 1950 4495 omnibus

532 4526 583 4564 tu
622 4526 685 4564 ιε.
750 4550 763 4563 .

437 4526 685 4572 antiquis,
712 4526 763 4564 Ζ.

507 4581 534 4617 ιι
559 4574 659 4631 [sta
687 4578 841 4645 lectio
880 4574 1047 4645 hujus
1070 4576 1309 4645 canonis,
1357 4577 1420 4645 de
1457 4588 1557 4642 qua
1598 4575 1737 4645 acris
1777 4575 1950 4627 admo-
1992 4635 2005 4645 .

435 4647 559 4699 dum
586 4646 778 4713 agitata
806 4642 900 4697 fuit
923 4641 1057 4695 inter
1091 4644 1327 4713 eruditos]
1343 4641 1488 4695 viros
1512 4642 1792 4713 contentio,
1822 4656 1948 4713 con-

441 4708 903 4766 ﬁrmat'veriorem
952 4724 1067 4764 esse
1112 4712 1422 4763 sententiam
1461 4725 1510 4761 ν.
1548 4708 1609 4762 cl.
1667 4724 1728 4762 ac
1760 4708 1950 4761 doetis-

438 4781 555 4834 simi
579 4780 627 4833 J.
661 4779 939 4837 Sirmondi,
972 4779 1119 4847 cujus
1144 4779 1260 4847 vide
1288 4788 1441 4831 notas
1464 4778 1785 4847 posthumas.

511 4857 535 4885 ⁸
570 4848 725 4902 Cone.
760 4848 994 4900 Arausic.
1021 4841 1051 4900 ι’
1070 4887 1083 4909 ,
1111 4861 1158 4899 c.
1187 4846 1209 4897 1
1235 4862 1248 4909 ;
1281 4860 1428 4899 conc.
1455 4841 1651 4896 Arelat.
1699 4860 1755 4907 11,
1786 4858 1833 4896 c.
1862 4841 1949 4894 26.

510 4913 535 4953 ει
560 4914 840 4968 lnnocentii
864 4914 883 4965 1
915 4928 998 4978 ep.
1027 4915 1091 4966 ad
1134 4914 1458 4975 Reoentium,
1483 4926 1597 4978 cap.
1626 4912 1676 4965 8.

513 4981 776 5059 fluterpr.
816 4996 912 5035 nec
934 4979 1142 5059 Dionxs.
1179 4979 1411 5059 ηερ-[εἰς.
1573 5053 1584 5059 Δ
1642 5044 1680 5059 .7
1722 5044 1733 5056 .

516 5048 534 5085 ί
589 5044 877 5102 Hic-canon
912 5044 1168 5099 omittitur
1205 5062 1234 5098 a
1280 5046 1485 5107 Ruﬁno,
1537 5053 1590 5099 et
1625 5044 1952 5098 desideratur

441 5117 494 5169 in
523 5114 639 5169 cod.
681 5115 823 5169 Eccl.
853 5115 1004 5168 Rom.
1037 5113 1165 5167 Vide
1200 5121 1309 5166 not.
1346 5129 1395 5166 v.
1429 5114 1497 5168 el.
1537 5113 1694 5168 Sim.
1723 5111 1787 5165 ad
1814 5110 1951 5164 hunc

448 5183 700 5236 codicem.

512 5252 538 5289 ⁸
563 5250 752 5317 Interp.
778 5262 875 5317 nec
908 5248 1117 5317 Dionys.
1137 5263 1258 5317 nec
1276 5246 1413 5313 ,lsid.

511 5318 537 5354 ιι
577 5312 734 5371 Cone.
767 5312 941 5372 Aurel.
972 5312 1099 5377 I,'c.
1126 5314 1212 5368 25.

521 5386 531 5422 ί
577 5382 735 5436 Cone.
779 5383 1169 5436 Matisconensis
1197 5398 1268 5443 11,
1308 5396 1354 5434 c.
1388 5381 1440 5432 2.

517 5449 529 5497 i
570 5451 764 5503 Council.
799 5450 1203 5503 Hatiseonensis.
1243 5464 1312 5513 11,
1341 5464 1389 5503 c.
1428 5448 1475 5501 1.

521 5519 540 5556 ι-
573 5518 724 5570 Multa
764 5516 1126 5585 prmceduntin
1149 5530 1264 5568 can.

2119 4443 2137 4481 ι
2166 4444 2362 4497 Concil.
2390 4442 2567 4496 Aurel.
2605 4460 2698 4505 111,
2724 4458 2772 4498 c.
2804 4444 2890 4499 28.

2115 4522 2153 4550 II
2181 4512 2323 4564 Mult.
2347 4528 2459 4563 var.
2488 4512 2603 4564 th.
2626 4519 2738 4565 not.
2763 4528 2812 4564 ν.
2837 4513 2903 4565 cl.
2921 4511 2967 4565 1.
2992 4511 3270 4568 Sirmondi.

2115 4589 2143 4617 ιι
2186 4579 2342 4631 Couc.
2378 4578 2554 4629 Aurel.
2583 4595 2635 4641 1,
2659 4594 2705 4632 c.
2731 4579 2816 4631 26.
2983 4578 2992 4587 '

2117 4653 2141 4680 ο
2179 4646 2271 4699 Vir
2304 4645 2370 4698 cl.
2424 4644 2471 4697 Ι.
2525 4644 2833 4699 Sirmondus
2876 4660 2889 4697 :
2940 4666 2959 4697 1
3012 4648 3288 4703 Librorum
3333 4651 3563 4706 omnium

2047 4727 2302 4767 consensu
2323 4722 2580 4783 expuncta
2602 4722 2683 4766 est
2709 4713 2930 4783 negatio,
2958 4730 3071 4783 qum
3099 4717 3149 4767 in
3181 4716 3399 4783 vulgatis
3424 4727 3559 4781 erat,

2047 4788 2323 4854 manetque
2350 4796 2486 4833 nunc
2511 4782 2674 4854 etianl
2704 4782 2836 4854 apud
2874 4781 3193 4854 Gratianum,
3223 4781 3291 4834 Si
3305 4785 3562 4854 episcopus

2048 4863 2148 4918 non
2174 4848 2346 4914 fuerit,
2373 4864 2466 4914 pro
2493 4863 2616 4918 quo]
2638 4847 2978 4918 Burcltardus
3002 4850 3091 4901 lib.
3138 4865 3223 4910 111,
3254 4847 3364 4918 cap.
3397 4847 3482 4918 29,
3511 4863 3563 4906 et

2045 4915 2133 4985 l_vo
2157 4922 2286 4985 part.
2302 4929 2398 4985 Δ111,
2441 4923 2554 4982 cap.
2600 4915 2686 4977 54,
2722 4916 2997 4985 10811111,δί
3042 4918 3298 4985 episcopus
3317 4915 3556 4983 defuerit.

2046 4983 2205 5036 Error
2228 4982 2346 5034 inde
2380 4989 2551 5044 natus,
2578 4985 2698 5049 quia
2720 4982 3036 5037 sacerdotem
3056 4982 3153 5037 hoc
3179 4984 3292 5036 loco
3302 4982 3557 5036 diversum

2047 5064 2163 5104 esse
2184 5058 2431 5117 putarunt
2456 5051 2521 5118 ab
2547 5052 2805 5118 episcopo,
2833 5065 2948 5104 cum
2976 5052 3111 5103 idem
3137 5051 3223 5103 sit.
3256 5050 3457 5118 )_Q|l0d
3478 5051 3560 5103 vir

2046 5116 2377 5185 doctiSSimus
2404 5116 2783 5179 animadvertit,
2820 5118 2869 5169 id
2908 5130 3112 5185 quoque
3140 5116 3557 5171 manifestissime

2048 5184 2343 5238 declaratur
2370 5198 2567 5237 canone
2602 5199 2813 5250 prorsus
2837 5185 2990 5237 simili
3008 5185 3560 5250 conciliiAurelianen-

2034 5253 2119 5305 sis
2160 5266 2251 5315 111,
2281 5266 2396 5304 can.
2425 5252 2533 5304 29:
2570 5248 2695 5303 (De
2736 5252 2906 5315 missis
2943 5248 3111 5305 nullus
3148 5252 3392 5304 laioorum
3435 5258 3558 5304 ante

2049 5310 2295 5379 discedat,
2328 5333 2482 5386 quam
2509 5318 2789 5386 Dominica
2830 5310 3029 5372 dicatur
3055 5320 3249 5380 oratio;
3300 5329 3351 5371 et
3376 5318 3419 5371 si
3444 5316 3555 5386 epi-

2050 5400 2235 5454 scopus
2252 5384 2476 5454 prtesens
2502 5384 2675 5454 fuerit,
2705 5388 2817 5454 ejus
2842 5387 3129 5441 benedictio
3165 5384 3506 5452 exspectetur.
3525 5400 3549 5437 s

2120 5465 2147 5504 P
2173 5452 2331 5507 Conc.
2362 5453 2538 5508 Aurel.
2573 5470 2622 5517 1,
2660 5468 2705 5505 c.
2734 5452 2817 5508 δι.
