3926 6216
386 343 407 394 Ι
419 341 516 394 027

375 450 548 504 clesm
575 444 658 497 cui
682 440 948 510 proximus
971 438 1146 501 fuerit,
1173 439 1256 491 die
1287 438 1555 492 Dominico
1581 436 1759 488 deesse
1783 445 1884 485 non
1915 436 1959 488 Δ

377 531 555 604 (ναν.)
574 533 766 586 licebit.

747 619 919 670 Conon
949 617 1214 682 Africanus
1233 655 1246 678 ,
1276 632 1380 668 (era
1408 616 1472 666 77
1496 627 1541 666 ι.

447 709 545 773 Qui
572 709 838 761 Dominico
872 707 953 758 die
996 707 1223 760 studiose
1258 706 1484 775 jejunat,’
1517 718 1618 757 non
1647 700 1890 754 credatur

381 798 687 853 catholicus.

983 881 1115 934 Αἶγα
1147 882 1213 934 78
1239 882 1287 931 ι’.

446 973 656 1026 Pascha?
697 970 997 1024 solemnitas
1052 984 1153 1021 uno
1217 968 1300 1020 die
1364 973 1417 1019 et
1471 973 1702 1032 tempore
1754 962 1890 1016 cele-

381 1061 600 1114 branda.

906 1143 1123 1196 CAPIIT
1162 1141 1364 1195 XXVII.

543 1250 604 1286 DE
658 1247 855 1286 JEJUNIO
905 1245 1307 1291 QUADIMGESIME
1353 1244 1447 1280 νει
1495 1243 1735 1281 LETANIA.

678 1320 851 1372 Conon
882 1319 1258 1371 Aurelianensis
1283 1356 1296 1380 ,
1333 1333 1437 1369 atra
1462 1317 1522 1367 “2|
1560 1327 1604 1366 εξ.

453 1409 608 1480 [Εάά.
635 1409 755 1460 add.
783 1422 798 1457 .'
831 1407 886 1459 Id
913 1421 941 1457 a
967 1405 1324 1460 sacerdotibus
1368 1403 1606 1455 omnibus
1632 1401 1895 1454 decretum

383 1497 505 1566 est]
534 1498 666 1548 Ante
689 1494 898 1546 Pascha:
921 1492 1300 1545 solemnitatem
1321 1505 1422 1542 non
1450 1487 1893 1556 quinquagesima,

383 1583 475 1639 Sed
497 1580 892 1650 quadragesima
929 1587 1184 1632 teneatur.

724 1687 899 1740 Canon
943 1686 1276 1754 Agathensis,
1325 1700 1428 1736 tera
1475 1683 1558 1736 1‘2.

453 1779 652 1834 Placuit
688 1787 745 1829 ut
791 1791 972 1829 omnes
1017 1774 1251 1827 ecclesia:
1292 1772 1404 1833 filii,
1453 1771 1680 1837 exceptis
1724 1771 1902 1823 diebus

387 1870 688 1928 Dominicis,
744 1869 793 1919 in
849 1865 1271 1932 Quadragesima,
1320 1862 1496 1932 [etiam
1549 1864 1631 1917 die
1665 1862 1902 1932 sabbato]

388 1956 694 2009 sacerdotali
745 1953 1071 2007 ordinatione
1117 1960 1170 2004 et
1228 1952 1569 2005 districtionis
1625 1953 1908 2015 commina-

387 2045 527 2097 tione
549 2041 806 2109 jejunent.

787 2150 958 2203 Conon
990 2149 1304 2211 Maticensis,
1339 2165 1442 2201 tera
1466 2150 1515 2203 9.

461 2237 534 2290 De
557 2251 754 2288 canone
793 2235 1006 2303 legendo
1034 2251 1064 2287 a
1087 2236 1242 2287 missa
1274 2235 1437 2288 sancti
1485 2233 1706 2296 Martini,
1748 2249 1912 2302 usque

394 2326 458 2378 ad
489 2324 669 2377 Natale
696 2323 898 2375 Domini
923 2322 967 2373 «ι.
999 2323 1060 2374 Et
1085 2338 1112 2374 a
1135 2323 1287 2375 missa
1307 2323 1471 2374 sancti
1499 2321 1726 2384 Martini,
1749 2338 1911 2388 usque

391 2412 456 2464 ad
480 2409 660 2462 Natale
685 2410 889 2461 Domini
916 2408 1040 2461 feria
1076 2425 1119 2461 ιι·
1150 2416 1202 2460 et
1226 2424 1275 2460 IV
1316 2415 1368 2460 et
1410 2424 1460 2461 vr
1510 2409 1710 2460 sabbati
1759 2408 1908 2475 (Var.

391 2499 506 2550 edd.
532 2499 610 2548 hic
637 2507 680 2547 et
706 2496 859 2564 infra)
898 2494 1164 2560 jejunent:
1194 2505 1246 2545 et
1289 2493 1546 2545 sacrificia
1577 2493 1914 2560 quadragesi-

393 2586 514 2640 mali
543 2587 762 2638 debeant
789 2585 968 2636 ordine
998 2582 1269 2635 celebrari.
1295 2581 1351 2634 In
1391 2580 1577 2648 quibus
1615 2580 1796 2634 diebus
1822 2596 1911 2632 ca-

397 2687 560 2725 nones
590 2672 830 2740 legendos
886 2669 1118 2739 [speciali
1147 2667 1464 2738 definitione]
1509 2670 1777 2721 sanximus
1819 2682 1915 2735 pro

396 2761 683 2831 ignorantia
711 2760 883 2828 populi
913 2759 1243 2826 corrigenda.

705 2847 880 2898 Cimon
917 2845 1314 2906 Aurelianensis,
1344 2860 1446 2896 cera
1471 2843 1538 2895 24
1566 2855 1608 2894 θ.

465 2934 821 3001 [_Rogationcs,
867 2931 915 2983 id
959 2929 1058 3000 est]
1106 2929 1347 2982 Letanias
1390 2938 1508 2982 ante
1547 2929 1914 2982 Ascensionem

1197 330 1508 386 CANONES
1547 325 1821 383 SELECTI
1860 321 1947 376 EX
1985 320 2132 375 VET.
2171 318 2319 375 CAN.
2361 317 2681 373 COLLECT.

3379 319 3517 372 1028

2390 442 2452 478 DE
2477 442 2681 478 JEJUNIO
2706 440 2867 478 FERLE
2897 441 3095 480 θεῖτε.

2199 513 2261 564 In
2287 512 2524 565 decretali
2561 513 2840 565 Innocentii
2872 531 3035 582 papre,
3065 531 3169 568 trra
3195 517 3228 570 5
3256 515 3302 567 i.

2054 600 2278 654 Sabbato
2296 599 2630 667 jejunandum
2658 615 2796 664 esse,
2834 603 2966 654 ratio
3007 602 3391 656 evidentissima
3416 602 3514 656 de-

1986 697 2260 742 monstrat.
2276 687 2404 739 Nam
2427 687 2581 756 (Add.
2599 697 2644 737 et
2661 704 2765 739 var.
2784 688 2836 740 in
2846 688 2984 756 edd.)
3008 689 3051 740 si
3073 692 3516 743 resurrectionem

1987 775 2189 828 Domini
2231 775 2392 828 nostri
2439 773 2562 827 Jesu
2608 774 2828 835 Christi,
2874 789 2967 840 per
3017 775 3247 843 singulos
3289 777 3522 831 circulos

1988 862 2453 923 hebdomadarum,
2501 861 2663 928 ipsius
2690 863 2790 914 diei
2833 863 3058 928 imagine
3101 863 3517 930 frequentamus,

1987 961 2040 1002 et
2066 961 2208 1002 sexta
2235 951 2365 1002 feria
2402 951 2666 1017 jejunatur
2698 950 3030 1020 [jejunamus]
3076 959 3288 1019 propter
3319 955 3522 1018 passio.

1991 1051 2108 1088 nem
2133 1037 2352 1096 Domini,
2384 1039 2655 1090 sabbatum
2699 1039 3098 1104 praatermittere
3124 1054 3223 1090 non
3249 1039 3516 1097 debemus,

1991 1125 2125 1192 quod
2153 1125 2288 1177 inter
2325 1125 2589 1178 tristitiam
2625 1133 2678 1176 et
2720 1126 2948 1177 laetitiam
2987 1125 3123 1178 illius
3170 1128 3416 1194 temporis
3443 1128 3524 1176 vi-

1991 1211 2140 1264 detur
2168 1211 2442 1265 inclusum.
2491 1212 2617 1264 Nam
2648 1214 2825 1278 utique
2868 1220 3090 1274 constat,
3130 1213 3284 1266 biduo
3312 1214 3411 1266 isto
3439 1216 3524 1266 vel

1993 1297 2267 1364 apostolos,
2316 1300 2504 1366 (Decs)
2549 1301 2630 1351 vel
2677 1301 2900 1368 majores
2956 1301 3008 1353 in
3055 1316 3279 1354 maerore
3313 1301 3523 1356 fuisse:

1997 1386 2168 1454 [Vt-ir.)
2201 1394 2251 1438 et
2272 1386 2322 1437 in
2351 1396 2550 1438 tantum
2579 1401 2667 1440 eos
2689 1386 2973 1453 jejunassc,
2998 1395 3171 1438 utnec
3196 1395 3528 1439 sacramenta

1995 1476 2200 1542 penitus
2229 1475 2573 1528 celebrarent.

2541 1564 2758 1617 CAPL'T
2793 1563 2975 1615 XXlX.

2000 1666 2061 1705 DE
2090 1665 2185 1704 nec
2225 1631 2356 1712 θεώ
2384 1667 2648 1704 orrnnrvn
2694 1668 2758 1703 an
2787 1657 3018 1714 'ALnns,
3061 1667 3156 1705 γει.
3183 1667 3314 1712 ocoo
3341 1667 3534 1706 omn-

2104 1734 2207 1772 TUR
2233 1735 2296 1771 ΑΙ)
2326 1735 2500 1771 υοειιωι
2527 1735 2837 1772 δλωῐιιυῡτιε
2862 1739 2873 1770 ζ
2899 1736 2994 1772 νει
3025 1736 3086 1772 ΒΕ
3116 1737 3422 1774 οδω-[ωδε.

2379 1808 2402 1844 li
2434 1807 2607 1858 Canon
2635 1807 2941 1869 .llaticensis,
2966 1826 3067 1860 (era
3096 1810 3146 1860 4.
3375 1791 3436 1814 ‘

2070 1893 2255 1962 (Λιπάρα
2282 1895 2496 1961 prtrced.
2527 1895 2574 1944 in
2601 1895 2740 1962 edd.)
2772 1895 3022 1948 Omnibus
3043 1897 3322 1949 Dominicis
3347 1897 3535 1950 diebus

2001 1982 2192 2034 oblatio
2221 1980 2396 2048 (ναις.)
2431 1990 2533 2032 tam
2562 1983 2710 2047 panis
2735 1999 2890 2049 quam
2920 1985 3024 2035 vini
3052 1985 3116 2037 ab
3139 1987 3379 2038 omnibus
3403 1987 3538 2039 viris

2005 2081 2065 2118 ac
2102 2067 2401 2119 mulieribus
2444 2069 2494 2119 in
2542 2069 2770 2121 Ecclesia
2810 2069 3077 2122 offeratur.
3133 2072 3230 2136 Qui
3268 2087 3391 2124 vero
3439 2087 3537 2139 per

2005 2155 2403 2207 iuobedientiam
2421 2155 2518 2207 hoc
2533 2159 2844 2224 contempsit
2869 2159 3145 2212 anathema
3170 2160 3235 2210 sit
3257 2158 3536 2228 [evacuare

2006 2242 2391 2296 contendunt...
2432 2243 2577 2312 sint].

2007 2330 2181 2381 Conon
2233 2332 2510 2400 Cangensis
2549 2334 2611 2386 de
2653 2335 2987 2456 oblaté‘opibus
3031 2336 3204 2388 diebus
3235 2335 3535 2398 Dominicis,

2645 2419 2748 2455 (cra
2870 2442 2882 2455 .

2645 2419 2748 2455 (cra
2779 2419 2810 2455 δ
2844 2419 2882 2455 ⁸.

2079 2497 2115 2523 ιη
2145 2485 2198 2538 Si
2237 2489 2352 2553 quis
2379 2489 2688 2552 oblationes,
2730 2491 2930 2545 fructus
2957 2493 3038 2546 vel
3078 2493 3339 2560 primitias
3371 2492 3540 2546 eccle—

2010 2575 2099 2626 siae
2119 2575 2322 2628 debitas
2345 2579 2564 2631 voluerit
2585 2589 2732 2632 extra
2754 2581 3028 2635 ecclesiam
3055 2583 3292 2649 accipere
3314 2582 3394 2633 vel
3413 2582 3543 2635 dare

2012 2664 2124 2715 sine
2150 2668 2464 2720 conscientia
2494 2669 2744 2736 episcopi,
2771 2671 3046 2722 anathema
3075 2672 3158 2723 sit.

2343 2753 2515 2806 Canon
2544 2754 2920 2823 Hipponiensis,
2954 2775 3057 2809 trra
3084 2759 3149 2812 58
3175 2769 3217 2804 ιικ

2081 2837 2188 2890 Nec
2214 2838 2433 2906 amplius
2460 2843 2524 2893 de
2550 2843 2828 2910 primitivis
2854 2846 2905 2897 in
2933 2845 3095 2898 altare
3126 2844 3434 2916 [sacriﬁciis]
3465 2845 3546 2897 of-

2013 2925 2229 2987 feratur,
2276 2943 2430 2994 quam
2460 2930 2524 2982 de
2557 2931 2670 2984 uvis
2698 2941 2752 2983 et
2795 2932 3085 2986 frumentis.
3132 2933 3304 3000 (Muli.
3347 2950 3452 2986 t'ar.
3491 2936 3546 2986 in

401 3023 624 3082 Domini,
673 3021 739 3072 ab
764 3019 1004 3070 omnibus
1031 3017 1266 3070 ecclesiis
1310 3018 1503 3085 placuit
1541 3016 1814 3078 celebrari,
1847 3017 1915 3066 ita
1938 3024 1987 3083 ρ
2016 3013 2156 3080 edd.)
2195 3014 2307 3066 Alia
2354 3019 2526 3068 omnia
2571 3020 2636 3069 ad
2676 3019 2883 3072 domum
2925 3023 3212 3074 sacerdotis
3239 3021 3546 3075 deferantur

400 3120 456 3162 ut
503 3109 825 3176 praemissum
883 3106 1177 3159 triduanum
1236 3103 1487 3170 jejunium
1537 3104 1588 3154 in
1640 3102 1918 3154 Dominicm

397 3196 717 3249 ascensionis
747 3195 828 3245 die
855 3190 1181 3260 [festivitate]
1225 3190 1472 3242 solvatur.
1523 3188 1623 3240 Per
1650 3179 1786 3254 qu'od
1827 3187 1918 3238 tri-
1961 3215 1967 3220 -

400 3284 558 3335 duum
602 3281 737 3332 servi
780 3279 859 3331 vel
884 3279 1082 3330 ancillae
1110 3279 1174 3330 ab
1215 3280 1356 3329 omni
1399 3279 1615 3330 servitio
1660 3277 1917 3340 laxentur,

400 3385 504 3437 quo
532 3369 694 3437 magis
734 3367 878 3435 plebs
915 3368 1154 3418 universa
1182 3364 1475 3426 conveniat,
1507 3373 1559 3416 et
1584 3364 1920 3432 quadragesi—

2018 3101 2082 3152 ad
2109 3101 2533 3157 benedicendum.

2569 3192 2786 3248 CAPUT
2825 3196 2984 3249 xxx.
3019 3173 3030 3190 ‘

2052 3293 2112 3331 DE
2140 3293 2491 3343 COMMUNIONE,
2512 3296 2576 3332 ΕΤ
2606 3297 2671 3333 UT
2702 3298 2922 3335 POPL'LUS
2949 3298 3118 3336 MISSAS
3146 3300 3489 3339 PERSPECTET.

2395 3366 2569 3418 (Ian-on
2594 3369 2959 3433 Antiochensis,
2988 3389 3089 3423 αντη
3118 3373 3169 3425 2.

2089 3459 2111 3484 ο
2139 3450 2331 3505 Omnes
2360 3455 2446 3520 qui
2478 3455 2837 3522 ingrediuntur
2859 3459 3150 3522 ecclesiam,
3187 3477 3280 3514 nec
3315 3477 3552 3515 commu-

2019 3544 2194 3595 nicant
2235 3543 2286 3596 in
2328 3547 2559 3598 oratione
2584 3561 2700 3599 cum
2725 3547 2931 3614 p0pulo,
2963 3550 3053 3602 sed
3093 3566 3186 3617 pro
3215 3553 3439 3617 quadam
3468 3554 3552 3606 iu-

2019 3634 2357 3698 temperantia
2395 3648 2512 3685 sese
2540 3649 2570 3686 a
2615 3637 2944 3702 perceptione
2987 3651 3179 3691 sanctae
3225 3645 3551 3698 communio-

2019 3721 2100 3800 nis
2123 3729 2363 3773 avertunt
2389 3738 2400 3772 :
2435 3721 2612 3774 tandiu
2639 3723 2700 3775 de
2728 3724 2943 3776 ecclesia
2995 3738 3358 3779 removeantur
3379 3745 3549 3796 quan-

2020 3809 2105 3860 diu
2130 3823 2224 3876 per
2249 3808 2624 3867 confessionem
2667 3825 2728 3862 ac
2767 3812 3126 3878 ptenitcntiam
3173 3813 3553 3884 indulgentiam

2021 3908 2418 3965 consequantur.

2247 3985 2418 4038 Conon
2452 3986 2770 4053 Agathensis,
2799 4004 2904 4040 aera
2942 3988 3004 4040 M
3034 3988 3170 4059 [cam
3195 3990 3300 4060 l8].

2090 4072 2164 4124 De
2184 4075 2528 4125 communione
2551 4074 2962 4127 swcularium.—
2976 4075 3260 4133 Smcularcs
3283 4091 3427 4142 vero,
3453 4081 3548 4147 qui

2023 4159 2204 4214 Natale
2231 4161 2452 4225 Domini,
2481 4161 2698 4226 Pascha,
2723 4162 3081 4218 Pentecostem
3117 4181 3219 4221 non
3256 4168 3550 4221 communi-

2024 4253 2276 4316 caverint,
2323 4253 2456 4306 inter
2489 4254 2770 4310 catholicos
2812 4270 2914 4310 non
2965 4259 3253 4313 habeantur
3278 4259 3547 4328 [catholici

1955 4325 2002 4384 θ
2028 4354 2128 4392 ηοη
2159 4339 2476 4410 credantur].
3279 4325 3296 4328 _
3313 4327 3341 4338 χ

2298 4433 2308 4442 ’
2396 4429 2570 4480 Conon
2598 4429 2904 4494 Mancensis,
2936 4447 3036 4483 tera
3064 4431 3095 4484 G
3124 4445 3164 4484 ρ.

2095 4511 2274 4566 Nullus
2318 4514 2586 4581 presbyter
2629 4515 2892 4570 confertus
2935 4519 3071 4581 cibo,
3119 4528 3208 4571 aut
3251 4521 3551 4590 crapulatus

2026 4598 2163 4660 vino,
2194 4599 2448 4654 sacriﬁcia
2474 4609 2818 4666 contrectare,
2864 4613 2950 4657 aut
2986 4606 3171 4659 missas
3215 4605 3383 4662 facere
3407 4608 3551 4678 [pri-

2024 4690 2156 4741 vatis
2169 4689 2415 4756 festisque
2424 4692 2603 4744 diebus
2623 4693 3006 4765 concelebrare]
3022 4706 3314 4763 praesumat.
3329 4699 3348 4767 (
3362 4697 3482 4752 Var.
3493 4711 3550 4754 et

2022 4775 2212 4827 add.in
2229 4776 2368 4846 edd.)
2391 4776 2537 4841 Quod
2562 4779 2604 4832 si
2625 4783 3026 4848 praesumpserit,
3051 4783 3546 4841 amittathonorem.

401 3458 620 3512 malibus
644 3457 774 3509 cibis
801 3463 1014 3507 utantur
1034 3454 1159 3523 [quo
1181 3453 1350 3506 triduo
1374 3467 1553 3506 omnes
1582 3451 1916 3521 abstineant].

1015 3540 1236 3592 ίΕναΞῦ
1271 3539 1312 3590 ί.

473 3629 658 3682 Clerici
689 3642 810 3682 vero
832 3629 919 3694 qui
945 3627 1007 3679 ad
1033 3627 1132 3678 hoc
1156 3640 1285 3692 Opus
1312 3631 1544 3676 sanctum
1573 3627 1752 3676 venire
1793 3639 1920 3677 con-

408 3715 827 3784 tempserint,vcl
850 3716 1028 3768 adesse
1052 3731 1064 3765 :
1091 3713 1496 3766 ecclesiasticam
1521 3711 1673 3780 (Add.
1706 3723 1752 3762 et
1791 3712 1919 3781 ear.)

415 3807 701 3875 suscipiant
723 3804 1063 3872 disciplinam.

750 3893 773 3932 8
803 3890 974 3943 Conon
1001 3887 1366 3956 Lugdunensis,
1395 3902 1498 3938 tera
1524 3888 1574 3938 6.

478 3981 535 4035 In
576 3981 746 4049 prima
791 3977 1108 4031 hebdomada
1147 3977 1264 4029 novi
1298 3976 1512 4038 mensis,
1550 3975 1651 4028 hoc
1692 3982 1772 4026 est
1807 3983 1924 4028 ante

415 4071 554 4124 dietn
585 4069 926 4129 Dominicum,
950 4066 1034 4132 qui
1057 4066 1252 4132 primus
1277 4066 1328 4116 in
1350 4065 1460 4131 ipso
1482 4078 1658 4118 mense
1683 4065 1922 4125 illuxerit,

414 4157 627 4219 litaniaa,
658 4157 790 4209 sicut
817 4163 935 4206 ante
969 4153 1336 4206 Ascensionem
1360 4152 1584 4215 Domini,
1618 4151 1803 4220 [sancti
1826 4153 1928 4227 Pa-

414 4252 523 4296 tres
555 4243 666 4294 ﬁ'eri
690 4242 1050 4302 decreverunt,
1078 4237 1339 4308 deinceps]
1381 4239 1446 4292 ab
1484 4241 1724 4294 omnibus
1750 4241 1926 4306 Ecci-

417 4330 511 4382 siis
540 4329 652 4398 [seu
679 4328 957 4396 parochiis]
981 4328 1320 4380 celebrentur.

787 4414 811 4451 ιι
839 4411 1012 4464 Conon
1036 4412 1331 4480 Gangensis,
1357 4431 1458 4466 arra
1489 4416 1567 4468 19.

494 4502 509 4538 ί
544 4499 599 4551 Si
627 4501 740 4565 quis
767 4515 967 4563 eorum,
995 4501 1084 4567 qui
1111 4501 1437 4554 continentiae
1464 4502 1669 4555 studere
1693 4513 1927 4570 possunt,

421 4587 618 4653 absque
641 4589 945 4639 necessitate
975 4603 1219 4654 corporea
1246 4590 1433 4642 tradita
1458 4592 1509 4642 in
1553 4607 1824 4645 commune
1849 4591 1930 4658 je-

420 4673 582 4739 junia,
606 4681 658 4727 et
678 4674 741 4725 ab
761 4674 898 4725 omni
921 4674 1147 4726 Ecclesia
1187 4677 1437 4728 custodita
1464 4680 1805 4745 superbiendo
1825 4681 1918 4736 dis-

422 4761 596 4822 solvit,
625 4761 898 4813 anathema
924 4760 1008 4813 sit.

493 4917 519 4945 ι
556 4906 711 4980 gone.
740 4905 980 4980 Carthag.
1019 4923 1090 4969 iv,
1113 4923 1159 4980 _c.
1183 4909 1277 4980 (Si;
1317 4909 1408 4964 sed
1433 4917 1603 4980 potius
1620 4913 1769 4980 juxta
1808 4916 1924 4969 Sta-

427 4981 538 5044 tnta
558 4974 697 5044 Eccl.
727 4975 936 5044 antiqua
959 4976 1008 5026 in
1032 4977 1152 5029 eod.
1183 4978 1332 5032 Barb.
1364 4995 1412 5032 c.
1436 4974 1524 5033 Ἦ.

497 5041 525 5120 ξ’
556 5039 710 5120 gone.
739 5042 978 5120 Carthag.
1007 5058 1072 5103 tv,
1116 5059 1161 5120 ς.
1188 5044 1299 5120 [Mi
1323 5048 1411 5098 sed
1437 5048 1608 5120 potius
1633 5051 1780 5120 juxta
1808 5050 1925 5105 Sta—

433 5113 543 5162 tuta
570 5108 708 5176 Eccl.
737 5111 942 5176 antiqua
968 5110 1016 5162 in
1042 5111 1157 5163 cod.
1189 5113 1339 5166 Barb.
1437 5108 1522 5168 78.

500 5183 523 5241 ξ
575 5173 773 5227 Concil.
801 5173 974 5229 Aurel.
1003 5194 1048 5241 I,
1076 5194 1122 5232 c.
1164 5178 1249 5229 24.

497 5239 525 5279 ιι
547 5241 674 5294 Edd.
703 5258 804 5294 om.
834 5243 906 5294 De
926 5239 1217 5297 canone.....
1248 5246 1464 5300 Domini.

502 5317 526 5346 ο
551 5307 708 5361 Cone.
731 5309 904 5362 Aurel.
935 5328 972 5373 ι,
995 5326 1041 5363 c.
1068 5313 1152 5365 27.

505 5373 526 5413 ί
556 5374 710 5427 Cone.
739 5377 912 5429 Aurel.
939 5395 979 5440 ι,
1005 5394 1051 5432 c.
1080 5381 1164 5433 28.

504 5443 529 5511 β
556 5441 711 5511 gone.
742 5441 901 5511 bugd.
931 5461 1064 5501 anno
1087 5447 1276 5503 Christi
1303 5449 1397 5504 567
1423 5451 1768 5508 celebratum.

501 5507 527 5546 δ
555 5507 709 5563 Cone.
739 5507 1021 5581 Gangrens.

2096 4927 2108 4998 ξ
2142 4927 2337 4998 lnteyp.
2367 4943 2463 4998 nec
2486 4929 2697 4997 Dionys.
2729 4945 2824 4982 nec
2848 4930 2963 4984 lsid.

2092 4995 2104 5068 _i
2141 4995 2234 5068 Ep.
2262 4995 2375 5068 Iun.
2403 4996 2446 5068 l,_
2473 4999 2538 5049 ad
2561 4995 2882 5068 Decentium,
2905 5015 3018 5068 cap.
3049 5003 3098 5055 4.

2091 5061 2114 5128 F
2145 5062 2301 5114 Cone.
2331 5063 2717 5119 Matisconensis
2743 5082 2779 5128 t,
2807 5082 2853 5119 c.
2881 5069 2929 5121 4.
2969 5061 2984 5068 ’
3125 5077 3132 5080 “

2093 5127 2110 5165 ι
2139 5130 2295 5200 Cone.
2325 5130 2640 5200 Gangrensis
2659 5149 2706 5185 c.
2737 5127 2786 5184 7.

2090 5208 2126 5233 ιη
2156 5199 2343 5268 luterp.
2378 5199 2472 5251 nec
2502 5201 2709 5268 Dionys.
2743 5216 2838 5253 nec
2866 5201 2985 5254 lsid.

2021 5274 2131 5382 At:
2356 5282 2413 5318 ιιι
2452 5265 2645 5319 αξη-ιιι(
2675 5271 2721 5320 c.
2763 5269 2859 5330 24,
2898 5271 2949 5322 in
2991 5273 3191 5343 integro
3232 5276 3345 5329 cod.
3393 5276 3547 5335 Ech

2094 5407 2116 5432 ο
2143 5399 2331 5472 Interp.
2365 5417 2461 5472 nec
2489 5403 2697 5472 Dionys.
2727 5421 2819 5459 nec
2841 5408 2970 5467 Jsid.

2097 5477 2121 5514 Ρ
2156 5468 2351 5522 Concil.
2383 5468 2712 5525 Matiscoxien.
2743 5490 2798 5525 ιι.
