3926 6216
269 362 403 417 11333

258 572 349 611 res
370 560 884 612 excommuniccntur

520 682 527 689 ρ
569 641 744 696 Canon
768 645 1141 699 Aurelianensis
1159 663 1306 709 ,ων-α
1333 647 1399 699 26
1427 660 1472 699 η.

334 730 637 793 Abbatibus,
657 734 975 800 presbyteris
995 735 1299 801 czeterisque
1320 735 1595 798 ministris,
1621 735 1684 787 de
1710 749 1785 787 re

264 817 365 869 bus
392 817 756 870 ecclesiasticis
803 820 883 870 vel
934 834 1083 872 sacro
1128 822 1418 873 ministerio
1448 822 1474 859 δ
1505 821 1781 887 deputatis,

269 902 348 954 vel
373 902 599 954 alienare
612 902 690 953 vel
711 902 879 969 obliga
887 918 942 954 re
957 906 1152 971 absque
1164 906 1543 973 subscriptione
1557 906 1786 974 episcopi

269 988 346 1041 sui
369 1002 471 1040 non
496 987 666 1039 liceat.
692 987 836 1051 Quod
858 990 1152 1055 quicunque
1172 994 1580 1059 prasumpserit,
1602 993 1786 1060 degra-

267 1072 420 1124 detur
446 1064 811 1125 communione
838 1088 1083 1131 concessa
1110 1113 1123 1135 .
1168 1084 1223 1128 et
1260 1075 1396 1141 quod
1426 1084 1619 1129 temere
1658 1076 1786 1129 alie-

269 1170 447 1213 natum
470 1160 885 1233 [prasumptum]
908 1174 1006 1227 est,
1029 1166 1357 1219 ordinatione
1383 1166 1613 1234 episcopi
1639 1181 1786 1220 revo—
1811 1164 1820 1177 '

268 1256 432 1298 cetur.

884 1338 1015 1390 {Era
1042 1340 1105 1392 13
1130 1350 1173 1391 ο.

339 1420 514 1476 Rebus
552 1423 783 1475 ecclesia
811 1425 1204 1492 quibuscunque
1234 1426 1400 1481 modis
1438 1426 1674 1487 alienatis
1714 1428 1787 1480 di-

269 1509 485 1573 spendio
530 1510 763 1562 ecclesia
793 1510 1174 1579 [instrumentis
1221 1513 1475 1568 inutiliter
1498 1516 1549 1567 i‘n
1579 1516 1790 1583 dispen-

268 1594 413 1644 dium
434 1595 667 1647 ecclesia
694 1597 918 1662 obligata
946 1600 1273 1669 noscuntur],
1303 1601 1344 1652 si
1367 1602 1500 1653 intra
1533 1603 1793 1655 tricenna-

270 1681 348 1731 ria
372 1689 607 1748 tempora
632 1685 867 1749 repetitio
884 1687 1107 1753 suppetit
1128 1686 1265 1755 [qua
1285 1696 1399 1740 acta
1423 1688 1585 1757 sunt],
1609 1687 1791 1741 suifra-

1085 358 1393 416 CANONES
1432 362 1705 419 SELECTI
1746 362 1835 417 EX
1870 362 2018 417 V'ET.
2061 364 2209 420 CAN.
2249 364 2566 421 COLLECT.

261 487 380 523 cum
413 468 708 525 difﬁcultate
737 472 983 535 reddunt,
1014 482 1257 538 tanquam
1284 475 1546 542 egentium
1574 484 1783 527 necato-
1812 479 1857 533 Α

3251 371 3379 424 1051

2119 472 2294 526 Cunon
2326 474 2668 544 Epaunensis,
2697 492 2797 529 trra
2829 476 2856 526 7
2893 476 3038 545 [Cum
3079 479 3151 549 8].

1949 559 2357 627 Presbyterdum
2378 563 2645 616 dioecesim
2669 573 2835 627 tenet,
2877 567 2939 618 de
2987 569 3068 620 his
3112 583 3228 635 qua
3254 583 3395 625 etno-

1883 648 1987 709 rit,
2017 655 2105 698 aut
2130 648 2363 701 ecclesia
2407 652 2615 701 nomine
2658 653 2967 717 scripturam
2995 654 3176 717 faciat,
3214 664 3303 709 aut
3326 656 3399 711 ab

1881 732 1991 799 ejus
2020 749 2175 801 quam
2225 743 2364 789 tenet
2407 735 2638 807 [tenuit]
2677 741 2910 794 ecclesiae
2959 743 3287 796 ordinatione
3312 742 3396 797 dl-

1883 821 2083 875 sccdat.

2515 911 2647 963 Δένα
2684 914 2765 963 1⁸7.

1950 992 2005 1045 Si
2035 994 2308 1063 cpiscopus
2334 1011 2427 1062 per
2470 1007 2835 1051 testamentum
2882 1002 2942 1051 ('e
2978 1004 3131 1056 rebus
3157 1006 3389 1060 ecclesia

1887 1076 2113 1145 [condito
2138 1089 2444 1134 testamento
2460 1084 2651 1149 aliquid
2688 1086 2747 1135 de
2774 1087 3257 1153 eccleaiasticijuris
3277 1105 3387 1157 pro-

1882 1167 2125 1237 prietate]
2166 1169 2507 1237 delegaverit,
2536 1172 2686 1222 aliter
2706 1188 2806 1223 non
2836 1174 3044 1232 valebit,
3072 1178 3169 1227 nisi
3192 1185 3391 1231 tantum

1886 1253 2011 1323 [vel]
2041 1255 2104 1308 de
2123 1255 2259 1322 juris
2286 1257 2481 1323 proprii
2511 1255 2755 1309 facultate
2785 1260 3117 1324 suppleverit.

2519 1342 2650 1396 Αἶγα
2683 1345 2765 1398 18.

1950 1445 2138 1500 Clerici
2171 1446 2258 1512 qui
2286 1445 2443 1497 etiam
2466 1444 2577 1497 sine
2596 1440 2903 1509 precatoriis
2924 1437 3256 1504 quibuslibet,
3281 1436 3392 1489 din-

1885 1535 2134 1587 turnitate
2156 1531 2407 1601 [qualibet
2438 1528 2778 1582 diuturnitate
2810 1522 3080 1591 temporis]
3107 1538 3188 1575 res
3216 1522 3279 1574 de
3315 1536 3401 1574 ec-

1886 1621 2058 1675 clesia
2105 1620 2525 1673 remuneratione
2552 1615 2879 1683 possederint
2906 1613 3045 1682 [cum
3086 1611 3401 1664 auctoritate

1887 1691 2079 1764 domini
2102 1708 2457 1777 gloriosissimi
2488 1706 2734 1773 principis
2756 1701 2963 1770 nostri],
2981 1701 3029 1752 in
3057 1701 3143 1767 jus
3166 1698 3404 1767 proprie-

266 1778 424 1839 gante
443 1769 646 1834 justitia
674 1788 769 1839 per
792 1774 1049 1841 publicum
1078 1774 1188 1845 [aut
1211 1775 1515 1846 electorum]
1535 1776 1788 1842 judicium
1819 1773 1822 1827 Ι

1891 1799 2077 1850 larium
2104 1784 2490 1864 pimscriptione
2534 1795 2781 1859 temporis
2818 1806 2921 1844 non
2950 1798 3219 1849 vocentur,
3258 1786 3403 1839 dum-

265 1866 598 1911 revocentur.
624 1860 769 1925 Quod
791 1864 834 1916 si
861 1866 923 1927 is,
946 1867 1032 1931 qui
1048 1879 1129 1917 res
1152 1864 1326 1934 (Van)
1351 1866 1596 1920 Ecclesia
1626 1876 1788 1932 tenet,

264 1946 566 2000 admonitus
603 1948 855 2015 judicium
897 1952 1255 2016 declinaverit,
1283 1968 1552 2023 quousque
1578 1956 1642 2010 ad
1681 1954 1790 2008 dis—

262 2034 567 2087 cussionem
597 2037 791 2098 veniat,
840 2048 929 2090 aut
975 2053 1057 2092 res
1100 2040 1334 2094 ecclesia
1364 2043 1622 2104 restituat,
1650 2056 1793 2095 com-

265 2123 516 2176 munione
546 2122 796 2189 privetur.

428 2200 431 2203 ’
843 2213 1016 2267 'Era
1047 2214 1182 2267 254.

342 2293 396 2345 Si
422 2295 538 2361 quis
567 2311 652 2350 res
685 2299 919 2351 ecclesia
963 2302 1180 2363 debitas,
1212 2303 1295 2355 vel
1324 2303 1564 2372 proprias
1589 2303 1790 2373 [sacer-

264 2379 410 2432 dotis
425 2381 693 2435 horrenda
714 2386 1015 2450 cupiditatis
1035 2389 1304 2459 instinctu]
1333 2394 1687 2458 occupaverit,
1714 2393 1795 2445 vel

266 2468 549 2521 retinuerit
571 2470 757 2535 (Multa
778 2474 899 2525 add.
933 2486 979 2526 et
1000 2493 1104 2528 ναν.
1137 2479 1189 2530 in
1216 2464 1332 2530 edd.
1357 2481 1567 2549 passim)
1594 2490 1685 2533 aut
1703 2490 1797 2549 per

266 2558 374 2610 hoc
395 2559 444 2610 in
459 2558 711 2624 judicium
734 2563 1018 2617 electorum
1045 2568 1223 2619 venire
1243 2568 1521 2632 distulerit,
1545 2586 1709 2639 usque
1728 2572 1794 2624 ad

266 2646 541 2715 restitutas
576 2649 713 2715 ipsas
748 2666 831 2702 res
865 2656 1228 2729 communione
1261 2658 1513 2729 privetur.
1544 2658 1789 2712 Similiter

269 2732 362 2783 ille
383 2732 587 2802 [similis
607 2739 762 2790 etiam
781 2739 929 2793 his...
957 2743 1331 2796 retinuerint...
1347 2746 1793 2816 prasumpserint]
1873 2752 1886 2764 '

267 2817 361 2883 qui
392 2818 679 2874 oblationes
701 2822 1061 2879 defunctorum
1083 2828 1222 2895 juste
1246 2828 1522 2901 [legaliter]
1553 2831 1797 2887 dimissas

272 2903 551 2957 retinuerit
576 2907 653 2958 vel
680 2909 947 2975 assignare
985 2918 1393 2981 praesumpserit.
1444 2915 1613 2969 Simili
1639 2919 1797 2972 etiam

272 2996 545 3046 sententia
566 2993 853 3060 subjacebit
879 2997 963 3051 ille
992 3000 1081 3067 qui
1104 3000 1203 3053 hoc
1218 3003 1354 3067 quod
1382 3000 1498 3071 [pro
1524 3004 1796 3059 devotione

274 3078 394 3148 sua]
440 3082 676 3136 ecclesia
710 3086 871 3147 dedit,
902 3102 1148 3142 revocare
1180 3094 1585 3161 praesumpserit.
1672 3154 1681 3163 κ

595 3168 770 3222 Canon
812 3171 1182 3241 Lugdunensis,
1206 3194 1315 3229 trra
1350 3190 1373 3217 ε
1400 3172 1454 3232 2.

342 3255 399 3308 Id
429 3259 672 3310 convenit
697 3260 1064 3314 inviolabiliter
1090 3264 1376 3326 observari,
1401 3276 1461 3319 ut
1488 3276 1801 3322 testamenta

278 3356 394 3409 qua
412 3344 588 3397 clerici
615 3344 887 3415 [episcopi,
914 3330 1231 3419 presbytlari,
1259 3368 1349 3406 seu
1374 3354 1633 3409 inferioris
1659 3358 1805 3411 ordi-

277 3430 357 3482 nis
381 3429 577 3500 clerici]
615 3435 823 3501 propria
856 3437 1124 3491 voluntate
1147 3438 1490 3503 confecerint,
1521 3443 1600 3495 vel
1634 3445 1797 3496 dona-

276 3518 474 3579 tiones,
502 3528 590 3571 aut
613 3535 933 3589 quacunque
968 3525 1311 3579 instrumenta
1338 3567 1350 3590 ,
1380 3530 1518 3580 omni
1568 3529 1798 3598 [propria

278 3605 544 3660 voluntate
567 3604 905 3669 confecerint,
930 3620 977 3661 et
1007 3610 1111 3683 alia
1139 3629 1253 3679 qua
1280 3613 1427 3683 add]
1458 3616 1801 3681 possibilitate

276 3692 607 3763 [stabilitate]
635 3696 936 3750 subsistant.
970 3698 1024 3752 ld
1047 3701 1309 3769 pracipuc
1334 3711 1641 3764 statuentes,
1672 3713 1729 3756 ut
1758 3704 1801 3757 si

274 3795 706 3850 quorumcunque
728 3783 1133 3856 [religiosorum]
1160 3789 1428 3849 voluntas,
1458 3798 1550 3841 aut
1570 3792 1798 3844 necessi-

276 3876 407 3929 tate,
454 3876 545 3920 aut
589 3868 957 3935 simplicitate,
997 3886 1027 3923 a
1053 3871 1223 3939 legum
1267 3874 1592 3927 sacnlarium
1618 3876 1803 3929 ordine

274 3955 656 4023 discrepaverit
687 3955 820 4027 [visa
843 3955 941 4010 fuit
963 3959 1312 4031 discrepare],
1361 3960 1598 4015 voluntas
1630 3970 1803 4017 tamen

271 4040 645 4096 defunctorum
661 4044 846 4098 debeat
869 4045 1175 4100 inconcussa
1200 4064 1431 4101 manere.
1452 4048 1657 4117 (Qua'd.
1676 4050 1799 4107 add.

275 4130 335 4181 in
356 4127 497 4193 cdd.)
525 4129 597 4181 De
619 4131 808 4197 quibus
834 4132 990 4185 rebus
1009 4134 1050 4186 si
1077 4136 1195 4201 quis
1211 4135 1405 4202 aliquid
1425 4136 1653 4191 alienare
1674 4151 1804 4204 pra-

272 4217 581 4284 sumpserit,
621 4232 787 4286 usque
814 4220 879 4271 ad
908 4222 1289 4275 restitutionem
1318 4223 1504 4293 [usque
1535 4224 1597 4277 ad
1627 4239 1806 4279 einen-

272 4303 507 4355 dationis
543 4318 684 4366 sua,
719 4306 801 4358 vel
845 4308 1189 4363 restitutionis
1234 4309 1467 4382 tempus]
1498 4312 1573 4365 rei
1610 4312 1803 4367 oblata

1890 1888 2039 1939 modo
2066 1895 2245 1952 pateat
2282 1884 2624 1943 resfecclesia
2653 1883 2830 1934 fuisse.

2258 1972 2437 2022 Conon
2468 1969 2767 2037 Agat/tensis
2788 2003 2803 2029 ,
2836 1982 2940 2018 αντα
2973 1966 3025 2016 4.

1955 2060 2134 2114 Nullus
2174 2058 2373 2133 [clerici
2399 2060 2577 2117 etiam,
2611 2056 2693 2106 vel
2729 2053 3005 2106 saeulares
3047 2049 3157 2118 qui]
3184 2048 3402 2102 oblatio-

1890 2164 1980 2200 nes
2004 2158 2301 2216 parentum,
2324 2154 2412 2198 aut
2437 2146 2675 2205 donatas,
2709 2152 2795 2195 aut
2826 2140 3147 2193 testamentis
3172 2139 3403 2200 relictas,

1886 2243 1975 2285 aut
2005 2235 2144 2301 quod
2170 2236 2278 2301 ipse
2299 2234 2511 2286 donavrt
2530 2231 2778 2302 [retinere
2806 2226 3173 2297 perstiterint],
3203 2225 3413 2279 auferat

1890 2320 2147 2390 [ecclesiis
2180 2320 2261 2373 vel
2298 2320 2630 2371 monasteriis
2670 2317 2985 2391 crediderint
3022 2310 3406 2380 auferendum].

1888 2411 1984 2476 Qui
2016 2410 2235 2464 fecerint
2263 2408 2415 2475 (Add.
2446 2416 2490 2457 et
2524 2406 2656 2475 var.)
2704 2404 3038 2471 quoadusque
3066 2416 3126 2453 ea
3170 2401 3399 2459 reddant,

1886 2500 1953 2554 ab
1984 2499 2202 2553 ecclesia
2238 2496 2599 2550 excludantur.

2303 2603 2437 2656 [Em
2464 2620 2517 2655 -c.
2565 2603 2657 2655 52.
2709 2600 2858 2671 [Cum
2899 2600 3007 2668 53].

1960 2694 2247 2762 Episcopus
2272 2693 2361 2760 qui
2388 2692 2520 2743 illius
2542 2700 2631 2742 aut
2669 2701 2883 2755 nepotes
2909 2704 3008 2739 non
3040 2688 3195 2738 balet
3219 2686 3419 2753 (Van),

1886 2795 1990 2837 non
2016 2781 2174 2835 alium
2196 2795 2351 2847 quam
2380 2779 2652 2833 ecclesiam
2683 2778 2939 2841 relinquat
2964 2774 3242 2826 baredem.
3268 2773 3415 2837 Quod

1890 2869 1957 2921 de
1999 2868 2220 2920 ecclesia
2266 2869 2460 2934 absque
2488 2866 2651 2932 ipsius
2694 2879 2849 2917 causa
2880 2862 3120 2914 distraxit
3176 2860 3240 2929 [si
3294 2860 3419 2928 quid

1893 2954 1959 3008 de
1974 2955 2195 3008 ecclesia
2214 2970 2314 3008 non
2338 2955 2388 3007 in
2411 2953 2643 3007 ecclesia
2668 2966 2821 3006 causa
2841 2960 2929 3003 aut
2954 2951 3262 3002 necessitate
3278 2963 3412 3017 pra-

1753 3038 1796 3085 !“
1820 3071 1868 3124 α
1894 3040 2158 3110 sumpsit],
2190 3041 2393 3093 irritum
2417 3040 2689 3091 habeatur.
2719 3039 2815 3101 Qui
2847 3053 2970 3090 vero
2998 3038 3129 3090 lilios
3159 3040 3335 3102 habet,
3363 3050 3418 3092 et

1845 3109 1868 3135 ’
1893 3134 1957 3185 de
1984 3109 2133 3185 bonis
2165 3145 2281 3200 qua
2306 3129 2529 3195 reliquit,
2568 3130 2633 3180 ab
2655 3129 2946 3180 baredibus
2973 3126 3085 3191 ejus
3108 3128 3419 3181 indezmiita-
3456 3176 3457 3179 η

1894 3228 1974 3272 tes
2017 3220 2254 3272 ecclesia
2296 3217 2630 3271 consolentur
2680 3215 3129 3285 [indetnuitatiiuts
3176 3214 3412 3266 ecclesia

1895 3304 2240 3376 consulatur].
2458 3362 2463 3366 ,

2204 3396 2380 3450 Conon
2416 3394 2776 3463 apostolorum,
2815 3410 2918 3445 ατη
2973 3397 2995 3431 ε
3029 3395 3113 3447 38.

1964 3506 2205 3559 Omnium
2231 3503 2551 3571 negotiorum
2579 3502 3051 3555 ecclesiasticarum
3074 3501 3191 3568 jura
3214 3500 3414 3567 episco-

1895 3610 1991 3660 pus
2016 3595 2224 3656 habeat,
2250 3601 2304 3645 et
2329 3606 2390 3645 ea
2413 3591 2551 3644 velut
2574 3590 2679 3643 Deo
2705 3590 3087 3657 contemplaute
3111 3591 3375 3657 dispenset
3401 3610 3410 3640 -.

1896 3698 1989 3735 nec
2021 3683 2175 3735 liceat
2196 3680 2391 3749 aliquid
2426 3696 2489 3733 ex
2518 3681 2598 3732 his
2638 3695 2974 3747 prasumere,
3005 3688 3095 3731 aut
3118 3680 3419 3747 parentibus

1895 3774 2120 3841 propriis
2147 3773 2461 3825 condonare.
2488 3770 2633 3833 Quod
2661 3771 2701 3822 si
2726 3784 2980 3835 pauperes
3004 3756 3143 3825 sunt,
3173 3778 3419 3834 tanquam

1896 3861 2211 3931 pauperibus
2232 3858 2609 3919 subministret,
2634 3870 2697 3908 ne
2722 3865 2993 3924 parentant
3023 3857 3297 3910 occasione
3325 3870 3415 3910 co-

1898 3949 2069 4004 clesia
2122 3948 2503 4016 deprazientur.

2200 4032 2264 4085 In
2302 4034 2511 4100 epistola
2546 4033 2584 4105 λιι
2624 4026 2913 4100 Synmtachi
2948 4049 3110 4101 papa.

1966 4143 2327 4199 Possessiones
2351 4141 2583 4195 ecclesia
2621 4138 2775 4209 [quas
2802 4142 3159 4207 unusquisque
3184 4139 3418 4193 ecclesia

1898 4234 2111 4302 proprio
2136 4233 2277 4287 dedit
2303 4238 2391 4283 aut
2426 4230 2637 4296 reliquit
2682 4229 2923 4299 arbitrio]
2972 4230 3199 4297 episcopi
3243 4228 3422 4296 (γαν.)

1901 4322 2128 4374 alienare
2148 4318 2462 4386 quibuslibet
2482 4318 2645 4371 titulis
2658 4326 2746 4371 aut
2767 4320 3124 4372 cootractibus
3153 4332 3254 4369 non
3282 4331 3417 4383 pra-

274 4408 310 4445 ει
340 4394 602 4446 consortio
623 4396 978 4453 ecclesiastico
1023 4408 1077 4453 et
1114 4401 1345 4454 omnium
1388 4403 1803 4457 Christianorum
1832 4383 1880 4440 D
1901 4383 2657 4477 sumant[velsubquocunque
2678 4415 2983 4475 argumento
3009 4421 3109 4458 non
3137 4402 3419 4476 patimur]:

277 4480 567 4555 [convivio]
597 4479 850 4541 habeatur
873 4496 1155 4543 extraneos
1193 4488 1461 4561 [alienus].

600 4593 776 4649 Conon
796 4596 1190 4661 Aurelianensis,
1219 4612 1325 4651 tera
1352 4600 1367 4638 ί
1406 4601 1485 4654 19.

354 4703 452 4769 Qui
473 4716 572 4771 pro
587 4704 860 4760 devotione
874 4723 965 4761 sua
985 4706 1284 4779 [oblationis
1301 4710 1493 4782 studio]
1518 4712 1569 4766 in
1586 4714 1801 4783 campis,

281 4792 371 4848 vel
394 4792 560 4849 vineis
580 4794 792 4863 aliquid,
822 4797 977 4849 etiam
1024 4798 1136 4851 sine
1183 4800 1379 4867 scripto
1416 4799 1636 4869 [absque
1681 4804 1809 4856 scri-

281 4881 463 4953 ptura]
485 4885 734 4951 probatur
753 4887 954 4939 dedisse
969 4886 1323 4957 [centulissc];
1350 4891 1393 4942 si
1414 4890 1805 4962 ipsemet.(Add.

284 4978 335 5021 et
367 4969 500 5039 rer.)
549 4970 632 5024 vel
662 4972 879 5038 quilibet
906 4988 966 5027 ea
993 4974 1297 5030 alienaverit
1319 5017 1334 5043 ,
1373 4979 1709 5048 quoadusque
1734 4988 1811 5032 ta-

286 5056 358 5108 lia
385 5070 600 5123 pervasa
642 5058 806 5129 [Edit.
848 5059 941 5113 ult.
973 5064 1106 5116 male
1130 5105 1145 5128 ,
1192 5065 1459 5135 perversa]
1497 5069 1807 5129 restituerit,

286 5145 657 5200 communione
677 5148 932 5216 privetur.

362 5304 387 5332 ι
425 5292 585 5349 Cone.
611 5294 789 5349 Aurel.
821 5312 964 5355 m.c.
988 5298 1072 5350 25.

365 5360 393 5399 δ
430 5360 601 5414 Deest.
636 5363 745 5417 Vitl.
776 5376 960 5418 DOL'V.
992 5367 1057 5418 Cl.
1089 5365 1133 5418 J.
1164 5365 1320 5419 Sirm.

365 5440 388 5505 ξ
631 5444 777 5485 conc.
805 5447 852 5487 c.

361 5498 389 5532 ο
432 5496 605 5560 Ejuszi.
631 5512 776 5551 conc.
802 5516 847 5551 c.
873 5502 957 5554 22.

369 5576 391 5602 ε
431 5563 586 5615 Cone.
614 5565 773 5634 Lug'l.
806 5582 863 5629 tt,
893 5584 938 5621 c.
969 5570 1047 5620 ll.

685 5656 942 5714 Parum.
989 5656 1204 5717 XCIX.

1904 4498 2003 4551 nisi
2033 4497 2253 4551 forsitan
2271 4498 2476 4551 clericis
2502 4496 2698 4565 (Van),
2720 4511 2938 4564 quorum
2972 4495 3172 4549 meritis
3195 4502 3287 4548 aut
3306 4507 3415 4548 meo

1904 4585 2140 4644 naszerii,
2182 4584 2448 4650 religionis
2496 4583 2704 4643 intuitu,
2753 4594 2841 4635 aut
2898 4585 2947 4635 in
2980 4583 3283 4650 peregrinos
3332 4594 3423 4634 nec

1903 4673 2123 4726 cessitas
2141 4654 2320 4737 largiri
2344 4670 2585 4723 suaserit.
2609 4670 2695 4721 Sic
2718 4677 2888 4721 tamen
2912 4670 3021 4722 hac
3038 4670 3145 4736 ipsa
3169 4683 3269 4721 non
3292 4681 3417 4735 per-

1902 4760 2201 4827 petuo,‘sed
2230 4759 2397 4812 donec
2420 4757 2666 4818 vixerint,
2694 4766 2921 4809 teneant.

2270 4868 2447 4920 Conon
2463 4866 2821 4938 Ancyritanus,
2844 4888 2949 4925 (vra
2974 4872 3054 4926 16.

1985 4989 1998 5015 ι
2024 4976 2077 5030 Si
2102 4992 2186 5030 res
2204 4976 2435 5029 ecclesia
2453 4980 2724 5047 presbyter
2738 4982 3046 5043 vendiderit,
3065 4983 3284 5037 rescisso
3306 4997 3407 5039 con

1910 5074 2082 5118 tractu
2109 5065 2173 5117 ad
2212 5065 2297 5132 jus
2324 5066 2735 5121 ecclesiasticum
2786 5078 3111 5122 revocentur.
3155 5071 3209 5123 lu
3231 5071 3428 5138 judicio

1910 5162 2085 5207 autem
2106 5152 2334 5221 episcopi
2359 5154 2491 5218 erit,
2520 5155 2561 5207 si
2582 5155 2810 5224 pretium
2846 5156 3032 5209 debeat
3058 5156 3289 5226 recipere
3312 5172 3415 5213 etn-

1988 5310 2006 5349 ¹
2047 5309 2205 5364 Cone.
2237 5322 2412 5364 Aure..
2440 5328 2509 5367 tv.

1986 5380 2009 5450 β
2046 5378 2184 5450 Cain;
2200 5380 2265 5433 39
2291 5382 2473 5448 intcrp.
2512 5379 2721 5450 Dionys.
2751 5395 2779 5450 ξι
2808 5393 2906 5445 qua
2929 5378 3198 5450 paululum
3238 5378 3424 5433 diﬂcrt.

1983 5447 2010 5484 ιι
2047 5447 2125 5499 Axi
2148 5446 2609 5515 Casariuuicpisc.
2644 5446 3004 5501 Arelatensem
3026 5462 3137 5515 cap.
3174 5447 3217 5498 1.

1992 5516 2005 5553 λ
2049 5514 2239 5581 lnterp.
2273 5531 2383 5569 nec.
2416 5514 2624 5585 Dinnys.
2656 5532 2765 5569 nec.
2799 5515 2915 5569 Isid.

2978 5665 3051 5723 33
