3926 6216
613 286 629 333 f
640 282 740 336 035

605 476 853 544 ampliore
882 492 1079 531 summa
1103 495 1195 547 pro
1235 489 1448 548 accepto
1470 483 1637 549 pretio
1663 483 1959 537 reddidisse.

976 563 1148 617 Cauon
1181 565 1477 634 Agathcnsis
1503 608 1516 630 ,
1549 586 1650 620 ατη
1682 569 1729 621 6.

669 649 920 717 Quidquid
945 665 1037 716 per
1072 650 1188 704 ﬁdei
1210 655 1539 707 commissum
1570 656 1847 708 dimittitur
1872 656 2102 709 ecclesia:

603 735 715 803 [aut
758 737 1041 790 sacerdotis
1072 740 1275 792 nomine
1304 748 1393 791 aut
1440 740 1693 809 ecclesiae]
1742 752 1832 793 aut
1868 742 2099 802 custodi,

601 823 736 876 inter
770 823 1036 876 facultates
1061 827 1287 878 ecc-esia:
1329 842 1430 878 non
1458 828 1841 892 computabitur
1867 826 2101 896 [ecclesia

599 920 897 980 computare
922 921 1007 963 aut
1028 912 1250 965 retinere
1279 927 1379 964 non
1409 912 1639 980 poterit].

1239 1015 1370 1068 Αἶγα
1408 1017 1460 1068 7.

664 1124 892 1176 Casellas
915 1139 1057 1184 vero,
1082 1124 1161 1176 vel
1184 1126 1435 1192 mancipia
1464 1125 1794 1195 [mancipiola
1827 1125 2100 1195 ecclesire],

600 1211 764 1278 (Mult.
811 1212 927 1263 add.
973 1221 1025 1264 et
1060 1213 1177 1264 Var.
1228 1215 1364 1265 etin
1408 1214 1607 1267 caeteris
1644 1228 1757 1279 qua:
1801 1214 2101 1281 sequuntur)

598 1307 687 1351 aut
709 1314 830 1351 vasa
853 1300 1122 1353 ministerii
1147 1302 1377 1353 ecclesia:
1400 1301 1536 1352 nullo
1563 1301 1715 1352 modo
1739 1307 1953 1366 possunt
1978 1301 2103 1352 alie-

601 1401 742 1439 nare.
792 1386 937 1450 Quod
965 1387 1007 1440 si
1035 1389 1318 1439 necessitas
1350 1388 1608 1454 compellit
1651 1396 1794 1441 certa
1827 1402 1923 1454 pro
1962 1388 2105 1439 utili-

600 1480 703 1524 tate
733 1473 983 1535 ecclesiar,
1014 1481 1069 1525 ut
1099 1474 1291 1539 aliquid
1315 1475 1651 1534 distrahatur,
1694 1475 1828 1541 apud
1873 1475 2000 1526 duos
2024 1474 2104 1525 vel

600 1570 705 1612 tres
740 1560 1080 1627 provinciales
1106 1564 1371 1631 episcopos
1409 1577 1563 1615 causa
1608 1562 1933 1615 necessitatis
1960 1576 2102 1615 com-

598 1648 860 1713 probetur,
889 1656 944 1698 ut
978 1648 1042 1701 ab
1064 1649 1189 1715 ipsis
1216 1649 1442 1703 venditio
1466 1649 1738 1701 roboretur
1762 1665 1775 1712 ;
1806 1649 1980 1710 aliter,
2002 1664 2101 1703 non

600 1735 806 1788 valebit.
1737 1753 1742 1757 ~

895 1823 1067 1876 Cunon
1096 1826 1488 1888 Aurelianensis,
1520 1843 1623 1877 arra
1652 1826 1714 1877 15
1744 1838 1788 1877 ⁸.

666 1910 721 1963 Si
761 1912 981 1965 clericus
1024 1924 1113 1964 aut
1160 1913 1321 1966 laicus
1366 1915 1461 1966 sub
1505 1922 1765 1981 potentum
1822 1913 2108 1980 patrocinio

600 1999 854 2070 [nomine]
887 2016 970 2054 res
994 2001 1229 2055 ecclesiae
1256 2000 1341 2070 [ad
1378 2004 1463 2069 jus
1491 2003 1723 2054 ecclesiae
1768 2001 2104 2070 pertinentes]

597 2097 894 2154 contempto
943 2088 1184 2155 pontifice
1229 2090 1437 2154 petierit
1467 2090 1545 2140 vel
1593 2089 1880 2155 possederit
1910 2088 2108 2158 [petere

600 2189 693 2227 seu
718 2175 985 2242 possidere
1017 2174 1444 2244 praesumpserit],
1479 2174 1745 2244 [primum]
1772 2177 2111 2229 admoneatur

600 2277 713 2329 qua:
731 2262 944 2314 abstulit
965 2261 1184 2314 civiliter
1216 2260 1519 2314 reformare.
1565 2261 1853 2330 (Quwdam.
1883 2262 2028 2330 add.)
2052 2262 2107 2313 Si

599 2350 963 2417 contempserit
992 2348 1165 2417 (γαν.)
1193 2364 1221 2400 a
1245 2348 1507 2400 liminibus
1528 2347 1762 2400 ecclesia:
1784 2355 2106 2409 coerceatur,

600 2439 761 2489 donec
782 2449 839 2488 ea
865 2450 980 2488 eum
1008 2433 1357 2487 satisfactione
1387 2434 1640 2485 restituat.

926 2521 988 2572 1η
1023 2516 1233 2588 epistola
1258 2519 1426 2573 Siricii
1447 2536 1609 2589 papw,
1641 2536 1743 2574 (ενα
1771 2521 1822 2572 2.

666 2610 692 2647 ὶι
733 2608 786 2660 Si
816 2622 909 2675 per
934 2608 1219 2675 simplicem
1244 2607 1540 2676 episcopum
1586 2623 1669 2662 res
1695 2607 1927 2662 ecclesiae
1953 2609 2108 2663 amis-

602 2711 670 2748 saa
714 2694 924 2755 fuerint,
962 2697 1248 2749 successori
1293 2695 1404 2761 ejus
1445 2696 1753 2764 suggerendi
1801 2696 1973 2767 aditus
1996 2712 2110 2750 non

603 2792 815 2851 negetur
840 2799 851 2845 ;
884 2791 935 2833 et
954 2784 1102 2849 juxta
1127 2784 1435 2835 sententiam
1459 2797 1715 2836 canonum
1733 2783 1961 2837 ecclesiae
1980 2799 2111 2852 pne-

596 2867 842 2932 judicium
871 2868 1008 2921 nullo
1038 2876 1267 2937 tempore
1310 2869 1423 2931 fiat,
1474 2869 1592 2936 quia
1622 2884 1721 2921 una
1749 2878 1829 2923 est
1855 2876 1961 2926 ιυιο
1984 2885 2111 2926 erue

603 2954 804 3031 tliﬂusa.

963 3042 1133 3096 Canon
1163 3042 1487 3107 Milituensis,
1513 3060 1617 3099 cera
1645 3048 1727 3099 15.

671 3162 693 3187 ε
734 3150 789 3203 Si
834 3150 951 3217 quis
999 3151 1301 3204 munuscula
1325 3152 1675 3219 cujuscunque
1709 3154 1939 3221 qualibet
1984 3159 2117 3208 scri-

603 3250 754 3306 ptura
789 3236 972 3289 collata
1015 3238 1241 3289 ecclesiae
1287 3236 1621 3302 fraudaverit,
1677 3239 1941 3301 invaserit,
1998 3242 2115 3293 reti-

606 3325 793 3384 nuerit,
826 3324 1172 3389 subrepserit,
1200 3331 1251 3376 et
1276 3339 1305 3375 a
1341 3325 1611 3378 sacerdote
1638 3326 1986 3378 commonitus
2012 3334 2115 3379 sta-

606 3412 696 3462 tim
723 3410 906 3463 collata
936 3425 1034 3462 non
1070 3410 1385 3473 reddiderit,
1409 3413 1771 3465 communione
1802 3412 2040 3479 pellatur.

975 3516 1146 3570 Canon
1172 3517 1489 3586 Agathensis,
1518 3537 1622 3573 atra
1650 3521 1735 3575 26.

676 3624 729 3676 Si
765 3624 985 3677 clericus
1013 3624 1150 3693 [quis
1178 3627 1241 3678 de
1291 3625 1514 3697 clericis]
1560 3628 1890 3691 documenta,
1926 3633 2113 3699 quibus

608 3713 874 3766 ecclesiam
901 3714 1188 3780 possederit
1215 3713 1468 3784 [ecclesiae
1514 3718 1773 3782 possessio
1813 3717 2069 3788 ﬁrmatur]
2095 3759 2109 3783 ,

607 3798 784 3867 (Van)
814 3801 1182 3865 suppresserit,
1207 3802 1487 3867 negaverit,
1514 3811 1603 3853 aut
1621 3803 1930 3857 adversariis
1957 3807 2114 3858 tradi-

608 3887 758 3948 derit,
787 3886 1033 3953 quidquid
1058 3902 1148 3953 per
1191 3888 1553 3941 abstinentiam
1595 3889 1926 3961 [absentiam]
1954 3895 2113 3947 docu-

610 3980 898 4023 mentorum
924 3975 1165 4024 damnum
1198 3975 1433 4028 ecelesiae
1474 3977 1669 4030 illatum
1698 3978 1874 4043 fuerit,
1905 3983 1966 4034 de
1994 3997 2112 4049 pro-

610 4060 735 4127 priis
773 4060 1102 4113 facultatibus
1138 4062 1333 4123 reddat,
1372 4073 1425 4117 et
1462 4068 1826 4122 communione
1856 4072 2106 4136 privetur.

609 4148 653 4199 Is
686 4148 865 4209 etiam,
895 4148 983 4213 qui
1009 4148 1059 4200 in
1081 4147 1271 4202 damno
1291 4150 1522 4205 ecclesiae
1549 4154 1888 4208 instrumenta
1923 4158 2112 4211 solliei-

610 4236 795 4287 taverit
815 4234 991 4303 [impie
1016 4235 1304 4289 sollicitatis
1328 4240 1711 4311 traditoribus],
1756 4243 1837 4297 vel
1870 4259 2111 4311 suscepe—

612 4322 711 4386 rit,
739 4324 853 4389 pari
875 4324 1131 4377 sententia
1160 4322 1390 4379 feriatur.

901 4409 1073 4462 Conon
1109 4410 1479 4469 Aurelianensis
1498 4456 1511 4478 ,
1542 4433 1646 4469 cera
1672 4419 1739 4471 33
1764 4418 1809 4470 ἀ.

677 4497 923 4565 Quisquis
943 4500 1160 4567 agellum
1182 4503 1412 4555 ecclesiae
1434 4520 1462 4555 a
1491 4507 1762 4560 sacerdote
1780 4510 1975 4576 ceperit
1997 4524 2115 4577 pos-

612 4585 880 4637 sidendum
911 4585 983 4655 [in
1005 4587 1088 4639 die
1112 4589 1230 4641 vitae
1250 4604 1355 4642 suae
1374 4605 1467 4657 pro
1490 4606 1797 4659 quacunque
1812 4595 2113 4649 misericor-

614 4670 697 4721 dia
744 4685 773 4721 a
798 4674 1081 4734 sacerdote,
1121 4677 1202 4727 cui
1230 4685 1457 4742 potestas
1484 4677 1613 4747 est],
1643 4681 1986 4749 quodcunque
2017 4684 2114 4736 ibi-

613 4757 726 4809 dem
747 4756 1041 4823 profecerit,
1067 4757 1321 4814 alienandi
1342 4763 1532 4816 nullam
1556 4767 1742 4820 habeat
1769 4778 2071 4835 potestatem
2097 4789 2109 4822 ς

630 4857 704 4895 ιεο
730 4836 1136 4913 [sibi]‘pareutes
1174 4849 1337 4915 ipsius
1356 4851 1546 4919 aliquid
1570 4856 1755 4909 exinde
1802 4855 1886 4908 'ex
1930 4873 1989 4910 ea
2040 4873 2093 4910 re
2127 4902 2137 4911 .

615 4930 871 4982 aestiment
898 4932 1282 4991 vindicandum.

677 5069 703 5095 ι
741 5056 894 5124 Cone.
922 5058 1096 5111 Aurel.
1137 5077 1267 5124 tv,c.
1293 5062 1377 5115 25.

680 5124 706 5160 δ
744 5123 1074 5177 Desideratur
1099 5128 1149 5178 in
1185 5132 1265 5180 ed.

680 5201 702 5271 ξ
742 5190 869 5271 fide
888 5192 1161 5271 concilium
1186 5195 1531 5271 Arvernense,

678 5257 705 5295 ἀ
740 5256 898 5310 Cone.
926 5259 1100 5311 Aurel.
1125 5277 1195 5324 tv,
1224 5276 1269 5313 c.
1292 5265 1377 5315 ‘24.

678 5335 702 5396 ξ
734 5324 1255 5396 ponc._tu_Carthag.
1285 5344 1332 5383 c.
1355 5331 1444 5384 49.

682 5391 702 5429 ί
732 5390 863 5465 Stat.
895 5392 1034 5465 Eccl.
1081 5390 1241 5448 antia'.
1282 5398 1332 5450 in
1360 5400 1470 5452 eod.
1502 5400 1651 5453 Barb.
1685 5416 1730 5455 c.
1763 5401 1856 5465 H;
1885 5416 2030 5455 conc.
2062 5418 2111 5455 ιν

619 5455 789 5510 Carth.
823 5474 867 5511 c.
901 5461 985 5511 2‘).

1626 5214 1671 5250 c.
1698 5201 1774 5252 M.

1409 286 1711 344 CANONES
1749 288 2022 343 SELECTI
2060 287 2147 343 EX
2185 287 2332 343 VET.
2374 288 2523 345 CAN.
2563 288 2880 345 COLLECT.

603 399 749 459 ptor;
798 392 916 459 quia
962 406 1094 461 smpe
1152 396 1403 463 contingit
1456 398 1819 451 distractarum
1872 401 2100 454 redditus
2129 404 2170 459 Α

2088 4352 2093 4358 .
2142 4308 2189 4363 D

3587 288 3717 342 1038

2491 397 2664 453 Conon
2696 398 3123 468 Carthaginiensis,
3152 416 3251 450 a’ru
3277 398 3345 450 32
3376 406 3419 447 ⁸.

2264 486 2450 539 Clerici
2471 490 2559 553 qui
2579 488 2772 554 aliquid
2784 496 3085 554 comparant
3107 486 3313 538 nomine
3327 500 3441 543 suo,
3468 492 3719 550 tanquam

2202 590 2369 627 rerum
2399 575 2781 629 Dominicarum
2808 578 3070 629 invasores
3109 582 3386 627 teneantur
3414 572 3723 641 [invasionis

2198 662 2415 714 Crimine
2443 668 2715 714 teneantur
2743 661 3007 727 obnoxii],
3045 662 3142 712 nisi
3173 662 3221 712 in
3252 660 3475 711 ecclesia
3517 674 3610 711 sua
3634 674 3720 713 ea-

2199 747 2312 799 dem
2343 748 2607 800 intulerint
2637 747 2918 817 [Admouiti
2948 749 3180 801 ecclesize
3220 750 3401 799 eadem
3434 750 3545 813 ipsa
3588 762 3716 800 con-

2201 834 2454 904 tulerint].
2491 836 2545 888 Si
2578 845 2752 889 autem
2789 837 2936 905 [ipsis
2959 838 3165 904 preprie
3185 836 3379 903 aliquid
3407 836 3722 888 liberalitate

2199 922 2434 989 alicujus,
2458 925 2539 976 vel
2563 928 2891 978 successione
2917 924 3258 994 cognationis]
3277 939 3341 976 ex
3362 925 3579 990 propria
3604 938 3720 975 suc-

2200 1012 2431 1063 cessione
2456 1011 2531 1064 eis
2558 1012 2753 1080 aliquid
2800 1013 3097 1073 obvenerit,
3128 1010 3322 1065 faciant
3368 1012 3557 1064 exinde
3578 1010 3718 1076 quod

2200 1110 2377 1147 eorum
2406 1097 2670 1163 preposito
2696 1099 2952 1164 congruit.
3000 1098 3145 1161 Quod
3171 1098 3215 1149 si
3258 1111 3285 1148 a
3321 1111 3417 1149 suo
3454 1097 3719 1162 proposito

2202 1180 2527 1253 [retrorsum]
2554 1187 2962 1238 exorbitaverint
2980 1225 2992 1245 ,
3028 1187 3223 1237 honore
3248 1183 3619 1237 ecclesiastico
3644 1183 3720 1234 in-

2200 1269 2361 1338 digni,
2392 1280 2635 1337 tanquam
2659 1273 2859 1339 reprobi
2890 1273 3205 1340 iudicentur.

2706 1396 2923 1464 CAPUT
2958 1396 3188 1449 xxxrx.

2533 1500 2593 1536 DE
2630 1500 2971 1538 CAUSANTIBUS
3003 1502 3069 1538 ΕΤ
3101 1500 3375 1539 ιυυιωιιυε.

2568 1589 2743 1643 Canon
2773 1593 3069 1659 Africanus,
3095 1609 3197 1645 trra
3228 1594 3260 1645 5
3290 1591 3332 1643 ί.

2273 1697 2342 1753 Ut
2365 1698 2637 1766 episcopus
2666 1698 2857 1752 nullius
2894 1714 3104 1753 causam
3135 1699 3312 1753 audiat
3353 1700 3551 1767 absque
3590 1712 3723 1768 pm

2204 1788 2371 1841 sentin
2396 1788 2703 1841 clericorum
2748 1802 2980 1850 suorum,
3010 1789 3131 1854 quia
3158 1789 3303 1840 irrita
3333 1789 3435 1842 erit
3462 1789 3722 1842 sententia

2204 1874 2452 1942 episcopi,
2480 1873 2581 1926 nisi
2607 1872 2911 1925 clericorum
2940 1875 3215 1940 pnesentia
3250 1875 3609 1927 confirmetur.

2678 2030 2679 2037 γ
2804 1963 3087 2016 ,θναίοε

2272 2052 2341 2106 Ut
2364 2054 2634 2121 episcopus
2658 2056 2988 2107 accusatores
3031 2053 3252 2106 fratrum
3279 2056 3720 2109 exeormmnicet.

2204 2140 2269 2193 Et
2297 2141 2338 2192 si
2370 2141 2762 2194 emendaverint
2799 2141 3005 2202 vilium,
3036 2142 3352 2207 recipiantur
3395 2144 3461 2195 ad
3487 2158 3724 2195 commu-

2204 2231 2432 2292 nionem,
2461 2238 2513 2282 et
2538 2244 2639 2283 non
2668 2230 2733 2282 ad
2758 2230 2972 2283 clerum.

2810 2315 2945 2367 fEra
2972 2315 3040 2369 50
3067 2317 3093 2355 ιι

2273 2398 2568 2453 Catholicus
2595 2401 2682 2469 qui
2708 2414 2918 2453 causam
2949 2416 3097 2454 suam
3133 2400 3263 2470 [sive
3284 2401 3482 2468 justam
3503 2403 3614 2455 sive
3646 2404 3726 2454 in-

2200 2487 2414 2558 justam]
2442 2490 2507 2541 ad
2527 2488 2779 2555 judicium
2804 2490 3018 2543 alterius
3065 2489 3181 2544 fidei
3216 2490 3407 2556 judicis
3444 2502 3728 2559 provocat,

2204 2577 2701 2630 excommunicetur.

2806 2667 2938 2719 Αῑτα
2967 2667 3079 2717 42ί

2274 2751 2615 2817 Quaerendum
2646 2753 2698 2804 in
2720 2751 2931 2818 judicio,
2965 2754 3233 2820 cujusnam
3261 2753 3328 2805 sit
3352 2752 3599 2815 sationis,
3632 2769 3724 2807 cu-

2201 2838 2287 2909 jus
2312 2840 2430 2894 fidei
2457 2841 2501 2894 is
2527 2841 2614 2908 qui
2644 2850 2868 2901 accusat,
2900 2850 2953 2893 et
2980 2843 3066 2908 qui
3096 2849 3388 2894 accusatur.
3418 2840 3608 2893 Falsus
3636 2856 3723 2893 ac-

2207 2934 2419 2979 cusator
2461 2935 2610 2980 extra
2654 2927 2938 2980 Ecclesiam
2971 2926 3077 2983 ﬁat.
3123 2929 3285 2980 donec
3327 2928 3632 2994 ptenitendo
3674 2944 3726 2978 se

2135 3008 2180 3068 ϐ
2211 3017 2466 3068 emendet.

2809 3101 2945 3153 Afra
2974 3101 3117 3154 52L

2276 3187 2505 3241 Caveant
2550 3187 2752 3253 iudices
2804 3188 3057 3250 ecclesiae,
3112 3202 3177 3239 ne
3225 3188 3437 3240 absente
3479 3201 3545 3241 eo
3580 3189 3725 3255 cujus

2209 3292 2367 3330 causa
2403 3278 2700 3339 ventilatur,
2748 3277 3057 3330 sententiam
3102 3274 3399 3343 proferant;
3429 3276 3551 3341 quia
3583 3278 3725 3329 irrita

2209 3366 2328 3427 erit,
2359 3366 2461 3417 imo
2486 3373 2540 3418 et
2565 3379 2773 3417 causam
2800 3364 2852 3415 in
2884 3363 3079 3432 synodo
3106 3362 3341 3430 profecto
3374 3361 3591 3418 dabunt.

2809 3450 2945 3503 xEra
2974 3450 3039 3503 53
3071 3451 3125 3509 lt.

2276 3539 2560 3607 Episcopus
2601 3538 2780 3607 (γαν.)
2808 3538 3117 3591 dissidentes
3159 3536 3410 3598 homines,
3454 3536 3519 3589 ad
3546 3548 3723 3604 pacem

2208 3629 2375 3697 magis
2394 3642 2548 3694 quam
2576 3628 2639 3680 ad
2661 3627 2915 3692 judicium
2942 3628 3261 3680 cohortetur.

2236 3762 2258 3773 ,.
2400 3716 2573 3770 Canon
2601 3716 3040 3777 Chalcedonensis,
3070 3731 3172 3767 rem
3201 3715 3233 3765 4
3260 3713 3408 3783 [Cum
3437 3714 3511 3783 9].

2280 3806 2297 3845 ι
2330 3807 2443 3861 Non
2481 3800 2684 3875 oportet
2722 3806 2942 3859 clericos
2989 3806 3237 3858 habentes
3284 3806 3502 3857 invicem
3547 3804 3726 3856 adver-

2208 3912 2321 3950 sum
2364 3910 2420 3948 se
2458 3896 2661 3963 negotia
2693 3895 2984 3962 relinquere
3025 3894 3288 3960 proprium
3320 3893 3645 3960 episcopum,
3670 3901 3723 3942 et

2207 3983 2271 4036 ad
2300 3980 2564 4034 saecularia
2588 3979 2781 4047 judicia
2813 3979 3126 4032 convolare:
3157 3980 3244 4031 sed
3275 3978 3441 4047 magis
3463 3978 3607 4046 apud
3646 3993 3726 4043 sv-

2208 4068 2399 4135 nodum
2425 4068 2742 4137 judicentur.

2210 4189 2271 4226 DE
2310 4189 2538 4227 CLERICIS
2570 4189 2658 4235 QUI
2694 4190 2758 4226 AD
2802 4187 3077 4227 διεουιλιιε
3113 4189 3350 4226 ιῠυιειυςι
3396 4188 3719 4227 εοκτοιλςτ.

2429 4261 2605 4314 Canon
2633 4263 2951 4329 Agathensis,
2980 4278 3084 4313 mra
3112 4263 3169 4314 51
3207 4260 3357 4331 [Cum
3383 4262 3499 4330 32].

2277 4343 2507 4399 Clericus
2527 4360 2593 4399 ne
2618 4361 2928 4414 quemquam
2959 4356 3241 4414 praesumat
3264 4350 3396 4415 apud
3423 4350 3723 4402 saecularem

2202 4434 2451 4501 judicem,
2483 4434 2724 4501 episeopo
2752 4449 2854 4487 non
2884 4435 3235 4503 permittente,
3260 4435 3503 4502 pulsare:
3536 4436 3583 4489 si
3621 4436 3726 4504 pul-

2208 4528 2350 4573 satus
2374 4518 2545 4580 fuerit,
2576 4520 2913 4586 respondeat,
2931 4534 3038 4573 non
3065 4531 3319 4589 proponat
3352 4540 3363 4573 :
3394 4537 3489 4575 nec
3538 4523 3723 4576 audeat

2210 4607 2478 4659 criminale
2522 4609 2783 4674 negotium
2830 4608 2893 4660 ad
2934 4609 3180 4663 s'eculare
3213 4608 3465 4675 judicium
3494 4610 3727 4675 perferre

2211 4694 2285 4763 [in
2310 4694 2502 4761 judicio
2531 4694 2763 4747 saeculari
2788 4696 3117 4764 preponerc].
3151 4696 3203 4748 Si
3244 4697 3360 4763 quis
3398 4697 3725 4750 smeularium

2212 4795 2302 4847 per
2341 4779 2651 4831 calumniam
2699 4780 2973 4832 ecclesiam
3021 4787 3110 4831 aut
3144 4780 3387 4833 clericum
3433 4778 3726 4850 fatigaverit

2216 4867 2456 4947 [fatigare
2500 4868 2796 4931 tentaverit,
2838 4877 2890 4921 et
2931 4869 3100 4921 victus
3138 4867 3337 4938 fuerit],
3382 4870 3447 4922 ab
3490 4870 3725 4923 ecclesix

2218 4954 2501 5016 liminibus,
2522 4960 2575 5006 et
2600 4967 2627 5004 a
2653 4955 3013 5007 communione
3040 4953 3461 5025 [catholicorum]
3483 4964 3726 5009 arceatur

2288 5085 2311 5121 ὅ
2340 5082 2393 5134 In
2424 5081 2537 5133 cod.
2563 5080 2714 5133 Barb.
2740 5096 2787 5132 c.
2823 5081 2915 5143 l7;
2948 5097 3094 5133 coac.
3124 5098 3175 5134 tv
3195 5081 3373 5134 Carth.
3399 5095 3446 5133 c.
3480 5081 3569 5135 55.

2286 5152 2309 5188 ιι
2343 5150 2395 5201 In
2426 5149 2537 5200 cod.
2563 5148 2715 5199 Barli.
2747 5163 2793 5198 c.
2824 5148 2890 5200 δῦ
2916 5165 2928 5210 ;
2958 5164 3106 5201 conc.
3134 5165 3180 5201 tv
3210 5149 3389 5200 Carth.
3420 5164 3469 5203 ο.
3499 5151 3590 5203 87.

2293 5218 2304 5253 ί
2329 5217 2383 5267 1η
2410 5216 2525 5267 cod.
2559 5215 2709 5265 Barb.
2739 5229 2786 5267 c.
2819 5216 2913 5273 55;
2942 5231 3087 5268 conc.
3118 5232 3167 5269 tv
3196 5215 3453 5269 Carsh.c.
3480 5216 3569 5269 96.

2287 5280 2299 5329 i
2336 5284 2390 5334 In
2415 5283 2528 5333 coli.
2556 5281 2707 5332 Barli.
2733 5297 2777 5333 e.
2808 5283 2902 5343 55;
2934 5298 3078 5335 conc.
3111 5299 3159 5335 iv
3187 5282 3365 5334 Carth.
3389 5298 3436 5335 c.
3466 5284 3557 5335 3|.

2285 5349 2308 5385 ιι
2338 5350 2390 5400 In
2414 5349 2527 5400 cod.
2558 5348 2711 5399 Barli.
2745 5364 2791 5400 e.
2824 5350 2889 5400 54
2915 5366 2928 5410 ;
2957 5350 3114 5401 Cone.
3148 5365 3197 5401 iv
3221 5348 3396 5402 Cartb.
3422 5357 3472 5404 e.
3502 5348 3590 5404 $6.

2292 5416 2303 5451 ι
2332 5417 2518 5482 lnterp.
2550 5431 2642 5467 nec
2668 5416 2874 5483 Dionys.
2903 5430 2996 5468 nec
3023 5416 3139 5469 Isid.
