3926 6216
629 331 760 386 1059

626 438 782 512 rint],
810 436 948 492 nulla
973 452 1152 491 eorum
1195 451 1293 491 vox
1320 435 1509 504 (Deest)
1554 437 1616 488 de
1640 437 1737 487 hac
1776 447 1931 486 causa
1994 437 2133 481 estea
2164 431 2215 485 Α

629 525 878 599 [penitus]
905 526 1159 578 audiatur.

940 610 1114 664 Canon
1143 608 1570 675 Carthaginensis,
1602 622 1705 658 cura
1740 606 1761 655 1
1789 618 1833 655 ι.

697 704 750 757 Si
774 703 893 771 quis
911 703 1272 769 episcoporum
1293 698 1373 750 vel
1400 695 1704 749 clericorum
1728 693 1993 761 (Quadam
2014 690 2136 743 add.

628 803 672 843 et
697 792 844 859 van),
876 790 1055 855 relicto
1083 786 1432 845 ecclesiastico
1454 783 1668 851 judicio,
1697 781 1913 856 publicis
1942 792 1997 832 se
2022 793 2143 846 pur-

629 892 752 944 gare
782 874 1002 927 voluerit
1026 872 1251 940 judiciis,
1280 870 1483 924 etiamsi
1514 882 1608 935 pro
1637 869 1724 921 illo
1748 862 1902 919 fuerit
1942 866 2140 933 prolata

630 965 911 1025 sententia,
954 962 1123 1014 locum
1171 974 1322 1012 suum
1363 957 1596 1018 amittat;
1643 956 1741 1008 hoc
1787 956 1837 1006 in
1884 953 2143 1006 criminati

630 1067 804 1104 causa.
830 1051 882 1102 ln
909 1050 1071 1101 titulis
1092 1061 1215 1099 vero
1240 1045 1423 1113 perdat
1440 1044 1575 1111 quod
1594 1042 1768 1104 evicit,
1800 1051 1854 1093 ut
1876 1040 1979 1110 [cui
2005 1040 2142 1092 enim

631 1140 693 1193 ad
721 1132 981 1206 eligendos
1004 1132 1225 1202 judioes}
1252 1132 1473 1199 undique
1497 1131 1740 1183 Ecclesiae
1772 1127 1947 1195 (Van)
1965 1133 2145 1194 pateat

630 1226 932 1295 auctoritas.
963 1222 1076 1288 Ipse
1100 1234 1154 1271 se
1182 1219 1447 1287 indignum
1472 1215 1705 1268 fraterno
1724 1213 1993 1267 consortio
2010 1210 2148 1277 judi-

632 1296 753 1375 cat,‘
786 1313 873 1380 qui
912 1311 977 1363 de
1002 1306 1280 1361 universali
1325 1305 1555 1359 Ecclesia
1594 1303 1726 1359 male
1770 1301 2060 1361 sentiendo,
2085 1300 2148 1350 de

633 1398 865 1452 szeculari
886 1395 1081 1467 judicio
1108 1393 1276 1463 poscit
1298 1391 1577 1451 auxilium;
1604 1402 1722 1445 cum
1745 1388 2021 1456 Apostolus
2046 1387 2151 1454 pri-

635 1499 870 1541 vatorum
908 1484 1321 1539 Christianorum
1351 1494 1533 1533 causas
1555 1478 1617 1531 ad
1648 1478 1931 1531 Ecclesiam
1959 1474 2151 1528 deferri

635 1573 810 1644 [atque
858 1574 925 1627 ibi
973 1566 1330 1636 determinari]
1373 1567 1655 1635 przecipiat.
1701 1564 1849 1632 (Can.
1881 1561 1987 1630 10.)
2028 1562 2084 1614 Si
2122 1576 2151 1612 a

634 1663 1024 1729 quibuscunque
1043 1657 1306 1726 judicibus
1344 1652 1731 1711 ecclesiasticis,
1760 1652 1849 1703 ubi
1878 1658 1962 1702 est
1988 1648 2179 1715 major-

1436 322 1739 395 CANOSES
1774 320 2045 377 SELECTI
2078 318 2167 371 EX
2208 316 2356 369 VET.
2390 316 2541 372 CAN.
2583 314 2905 369 COLLECT.

3635 310 3749 367 IN.

2854 423 2987 475 tEra
3013 422 3079 475 ιδ
3100 435 3140 474 ο.

2306 511 2401 575 Qui
2436 512 2731 579 frequenter
2756 510 2941 578 litigat,
2970 518 3024 563 et
3051 509 3117 561 ad
3139 513 3493 563 accusandum
3525 506 3759 576 [causam

2238 602 2392 671 dum]
2445 602 2611 655 facilis
2653 611 2763 663 est,
2804 602 2918 668 ejus
2965 599 3317 652 testimonium
3370 612 3528 650 nemo
3572 598 3751 665 absque

2238 692 2421 761 grandi
2447 690 2831 744 examinatione
2854 685 3135 757 [examine]
3162 686 3395 753 recipiat.

2896 774 3029 825 Era
3059 774 3109 827 8.

2314 866 2333 903 ί
2356 863 2453 927 Oui
2478 862 2757 929 majoribus
2781 862 3065 915 sceleribus
3092 862 3323 913 irretitus
3344 868 3443 920 est,
3470 873 3652 911 vocent
3677 858 3753 909 ad-

2242 966 2449 1006 versum
2479 951 2724 1017 majorem
2752 957 2874 1000 natu
2907 964 3008 1000 non
3036 948 3226 1000 habeat
3245 947 3555 1000 accusandi.

2600 1035 2665 1086 In
2693 1035 2903 1101 epistola
2936 1038 2958 1074 δ
2985 1035 3212 1088 Silvestri
3240 1050 3405 1102 papa'.

2312 1124 2559 1178 Silvester
2584 1137 2714 1189 papa
2743 1123 2793 1173 in
2821 1123 3018 1191 gremio
3038 1121 3227 1189 synodi
3254 1120 3576 1173 constitutus
3604 1120 3755 1173 dixit:

2242 1213 2521 1279 Presbyter
2563 1209 2814 1262 adversus
2853 1208 3181 1275 episcopum,
3224 1208 3476 1261 diaconus
3521 1207 3760 1276 adversus

2244 1299 2624 1368 presbyterum,
2653 1296 2732 1349 vel
2763 1296 2848 1348 alii
2880 1294 3153 1349 inferiores
3176 1297 3390 1349 ordines
3412 1297 3666 1350 adversus
3686 1311 3762 1349 su-

2246 1388 2481 1455 periores
2499 1399 2601 1437 non
2632 1385 2755 1437 dent
2779 1385 3184 1437 accusationem.
3218 1380 3522 1451 (Paulatim:
3554 1384 3681 1452 rer.)
3709 1384 3762 1437 Et

2248 1492 2351 1528 non
2376 1475 2647 1525 damnetur
2669 1488 2902 1526 summus
2921 1473 3111 1541 prmsul
3135 1473 3231 1524 nisi
3254 1488 3281 1522 a
3302 1472 3369 1523 72
3396 1471 3648 1535 testibus;
3674 1486 3762 1523 non

2251 1565 2524 1617 damnetur
2550 1564 2822 1632 presbyter
2846 1563 2944 1615 nisi
2968 1562 3087 1615 a.45
3114 1563 3359 1623 testibus;
3389 1564 3641 1615 diaconus
3664 1576 3763 1613 car-

2251 1654 2369 1707 dine
2405 1651 2719 1705 constitutus
2748 1650 2894 1703 urbis
2931 1649 3109 1702 Roma:
3143 1665 3245 1703 non
3272 1651 3557 1703 damnetur
3588 1649 3685 1701 nisi
3718 1648 3761 1698 in

635 1764 810 1811 causa.
851 1747 1006 1804 fuerit
1046 1751 1417 1813 provocatum,
1464 1755 1566 1792 non
1605 1739 1681 1791 eis
1722 1738 1889 1799 οδεὶιν
1930 1750 2151 1804 quorum
2183 1719 2223 1775 B
2252 1742 2318 1796 56
2340 1740 2586 1802 testibus;
2615 1740 2961 1793 subdiaconus
2981 1739 3059 1793 vel
3084 1738 3171 1791 alii
3197 1738 3425 1791 minores
3444 1737 3763 1792 ordinesuon

638 1837 793 1891 fuerit
839 1815 1005 1887 soluta
1049 1832 1335 1894 sententia;
1368 1830 1409 1883 si
1450 1827 1685 1881 convinci
1717 1841 1817 1879 non
1858 1825 2153 1894 potuerint,

639 1926 716 1978 vel
763 1923 973 1978 inimico
1018 1921 1191 1987 animo
1213 1918 1491 1986 judicasse,
1522 1915 1598 1967 vel
1644 1914 1811 1981 aliqua
1856 1910 2157 1979 cupiditatis

639 2013 797 2080 gratia
836 2008 939 2078 [vel
980 2008 1151 2075 aliqua
1192 2006 1476 2073 cupiditate
1516 2003 1595 2053 vel
1642 2000 1831 2069 gratia]
1869 1998 2153 2067 depravati.

640 2100 777 2152 Sane
804 2100 846 2152 si
891 2109 955 2150 ex
984 2109 1236 2149 consensu
1267 2092 1492 2161 partium
1516 2088 1723 2157 judices
1750 2088 1901 2141 electi
1946 2086 2157 2147 fuerint,

641 2185 843 2239 etiamsi
870 2185 955 2236 hic
996 2183 1169 2234 minus
1204 2180 1458 2233 habeatur
1501 2177 1679 2246 [etiam
1716 2192 1749 2245 a
1797 2176 2038 2243 pauciore
2067 2191 2161 2226 nu-

643 2288 802 2335 mero,
828 2286 981 2339 quam
1008 2269 1343 2321 constitutum
1386 2274 1485 2328 est,
1514 2280 1615 2318 non
1654 2264 1807 2317 liceat
1834 2262 2127 2332 provocari]
2146 2302 2159 2324 ,

644 2370 781 2414 recte
808 2359 871 2411 ad
902 2357 1282 2411 accusationem
1314 2370 1415 2408 non
1438 2354 1729 2407 admittitur
1756 2354 1844 2419 qui
1864 2366 2165 2404 excommu-

647 2455 850 2516 nicatus
876 2458 974 2504 est.

1280 2533 1412 2587 Αἶγα
1439 2533 1537 2585 2b.

713 2628 907 2681 Liberti
931 2640 1033 2679 non
1054 2624 1414 2685 admittantur,
1430 2631 1485 2674 ut
1504 2621 1741 2674 dominos
1761 2622 1881 2672 'suos
1902 2624 2165 2677 accusent,

649 2734 742 2773 nec
765 2730 944 2769 omnes
970 2729 1101 2780 quos
1130 2712 1193 2765 ad
1219 2709 1510 2764 accusanda
1534 2707 1750 2760 crimina
1781 2705 2004 2772 publica!
2032 2703 2170 2770 leges

650 2825 748 2863 non
778 2808 1076 2867 admittunt,
1107 2811 1158 2856 et
1179 2815 1364 2853 omnes
1380 2799 1549 2850 etiam
1573 2810 1705 2863 quos
1731 2794 1938 2847 infamis
1968 2792 2170 2844 macula

650 2898 895 2967 aspersit,
926 2894 977 2945 id
1013 2899 1091 2944 est
1135 2884 1477 2958 [histriones]
1509 2882 1918 2951 turpitudinibus
1950 2880 2170 2947 subjecti

650 2987 915 3057 (subjecta:
942 2978 1229 3051 personae];
1272 2991 1369 3030 nec
1394 2974 1645 3035 haeretici,
1675 2974 1784 3025 sive
1825 2970 2049 3039 pagani,
2083 2977 2173 3021 aut

652 3077 829 3131 ladani.
855 3075 957 3128 Sed
1001 3081 1169 3123 tamen
1196 3065 1372 3137 (Van)
1399 3066 1451 3119 in
1478 3064 1649 3117 causis
1673 3061 1899 3129 propriis
1923 3058 2167 3125 omnibus

652 3166 967 3236 permittitur
991 3174 1256 3220 accusare,
1286 3158 1447 3209 etiam
1470 3156 1573 3209 illis
1613 3154 1801 3220 quibus
1844 3152 2052 3205 aliunde
2076 3152 2170 3205 de-

654 3262 868 3323 negatur
895 3247 1167 3305 accusandi
1205 3243 1444 3296 facultas.
1477 3239 1623 3309 (Can.
1650 3238 1723 3304 3.)
1753 3236 2173 3303 Quotiescunque

651 3326 857 3398 Velericis
881 3338 967 3409 [ab
986 3330 1394 3400 accusatoribus]
1415 3329 1572 3382 multa
1594 3325 1909 3392 objiciuntur
1931 3324 2168 3386 crimina,

656 3440 707 3484 et
734 3442 894 3483 unum
923 3424 998 3495 [et
1026 3436 1185 3475 unum
1223 3434 1284 3471 ex
1317 3418 1396 3470 bis
1422 3418 1613 3483 dequo
1636 3414 1783 3483 prius
1805 3411 2012 3481 egerit],
2038 3409 2175 3478 quod

657 3519 877 3585 primum
921 3516 1252 3565 accusatores
1293 3503 1679 3573 proposuerint,
1709 3501 1933 3567 probare
1960 3514 2062 3551 non
2091 3514 2177 3565 po-

660 3605 874 3662 tuerint,
902 3601 967 3653 ad
987 3607 1173 3652 caetera
1201 3594 1494 3664 nullatenus
1520 3588 1645 3656 [jam
1666 3587 1791 3655 non]
1815 3587 2179 3639 admittantur.

659 3695 841 3747 Testes
886 3696 1060 3742 autem
1094 3686 1163 3738 illi
1194 3698 1295 3737 non
1327 3679 1666 3747 recipiantur,
1689 3678 1776 3746 qui
1807 3676 1869 3729 ad
1896 3678 2183 3730 accusatio-

661 3798 779 3836 nem
808 3779 1007 3834 admitti
1035 3774 1379 3846 prohibentur
1406 3768 1525 3838 [nec
1547 3768 1609 3819 ad
1638 3765 2023 3819 accusationem
2052 3779 2185 3832 prae-

662 3872 795 3939 cepti
840 3865 1011 3936 sunt};
1057 3878 1152 3917 nec
1182 3863 1215 3914 ii
1244 3874 1376 3927 quos
1410 3865 1683 3909 accusator
1724 3855 1787 3906 de
1815 3854 1969 3905 domo
1997 3868 2089 3906 sua
2119 3853 2184 3905 ad

666 3959 1015 4013 testimonium
1051 3950 1350 4011 adduxerit,
1388 3960 1555 4014 neque
1593 3941 1766 4011 (Van)
1809 3942 1879 3994 illi
1919 3942 2007 4009 qui
2052 3939 2186 3993 infra

668 4064 830 4103 annos
854 4042 1249 4114 quatuordecim
1276 4046 1417 4092 sunt.

741 4134 744 4141 ’
1299 4126 1558 4180 Ᾰῐταῦε.
1700 4193 1703 4201 Ι
1758 4188 1761 4189 ν

736 4229 1019 4280 Accusatus
1047 4218 1130 4272 vel
1170 4222 1459 4275 accusator,
1487 4212 1531 4265 si
1562 4212 1611 4263 in
1649 4208 1712 4263 eo
1740 4209 1854 4261 loco
1884 4208 1901 4275 (
1918 4206 2059 4274 Var.)
2100 4207 2193 4260 ubi

671 4328 825 4367 causa
854 4309 1097 4380 agitatur,
1127 4303 1312 4364 metuit
1339 4301 1565 4373 alignam
1588 4298 1692 4350 vim
1723 4296 2036 4365 [temerarias
2060 4296 2191 4347 mul-
2221 4313 2265 4372 υ

675 4399 960 4466 titudinis],
992 4398 1162 4448 locum
1188 4391 1287 4446 sibi
1321 4389 1475 4456 eligat
1511 4387 1827 4454 proximum,
1855 4400 1958 4452 quo
1984 4400 2089 4437 non
2125 4388 2192 4435 sit

674 4486 880 4543 difﬁcile
904 4494 1061 4537 testes
1085 4480 1399 4547 producere;
1425 4485 1477 4530 et
1505 4477 1575 4530 ibi
1606 4490 1762 4528 causa
1791 4474 2021 4526 ﬁniatur.

1291 4564 1424 4616 Afra
1452 4562 1587 4617 504.

746 4665 1043 4721 Catholicus
1078 4660 1167 4729 qui
1196 4670 1405 4710 causam
1453 4668 1598 4707 suam
1638 4651 1817 4721 [Add.,
1856 4654 1965 4705 sive
2000 4651 2197 4716 justam

682 4759 790 4810 sive
814 4749 1084 4822 injustam}
1102 4748 1166 4801 ad
1190 4746 1440 4814 judicium
1466 4743 1651 4810 iudicis
1672 4741 1910 4812 [alterius
1930 4740 2070 4793 ﬂdeil
2099 4755 2200 4793 non

684 4839 923 4899 catholici
949 4846 1217 4907 provocat,
1246 4829 1739 4886 excommunicetur.

758 5026 780 5052 ι
818 5014 976 5067 Cone.
1004 5008 1181 5063 Cartb.
1210 5020 1297 5063 ιιι,
1324 5018 1370 5055 c.
1395 5003 1458 5063 2,
1491 5003 1605 5053 cod.
1633 5015 1747 5052 can.
1779 5016 1823 5053 c.
1857 5000 1936 5051 lii.

759 5083 785 5120 ι’
823 5066 980 5134 Cone.
1025 5076 1203 5130 Cartb.
1228 5087 1319 5137 vn,
1350 5087 1394 5125 c.
1416 5072 1477 5133 2;
1509 5083 1654 5122 conc.
1694 5068 1856 5121 Afric.
1889 5083 1936 5120 c.
1962 5066 2058 5130 96;
2090 5067 2204 5120 cod.

692 5149 833 5207 Eccl.
864 5147 1025 5200 Afric.
1054 5159 1101 5197 c.
1130 5143 1248 5195 H9.

765 5230 786 5257 ι
826 5215 951 5268 Cod.
981 5226 1094 5267 can.
1124 5210 1322 5263 Eccles.
1351 5208 1581 5261 African.
1614 5220 1660 5257 c.
1689 5204 1773 5256 50.

762 5286 791 5325 ὃ
823 5282 900 5337 Id.
928 5283 979 5333 in
1003 5280 1115 5333 cod.
1141 5279 1294 5331 Barb.
1324 5276 1482 5329 Cone.
1504 5290 1559 5326 iv
1584 5272 1831 5339 Carthag.
1860 5286 1906 5339 c.
1932 5274 2016 5325 87.

771 5367 793 5392 ο
828 5349 904 5404 Id.
933 5350 985 5401 in
1006 5348 1120 5401 cod.
1143 5345 1296 5399 Barb.
1323 5343 1480 5397 Cone.
1507 5357 1556 5393 iv
1581 5341 1759 5394 Cartb.
1788 5338 1835 5392 e.
1860 5338 1942 5391 58.

774 5420 789 5458 ι
832 5416 947 5471 V'id.
978 5415 1102 5483 Cap.
1128 5412 1339 5465 Adriani
1358 5413 1372 5463 Ι
1394 5409 1716 5478 lngelramno
1745 5408 1863 5460 data
1884 5422 1997 5473 cap.
2018 5408 2078 5458 17
2094 5424 2216 5476 pau-

701 5488 866 5541 lulum
890 5500 1001 5537 var.

2254 1834 2583 1890 damnentur,
2609 1830 2707 1882 nisi
2739 1831 2791 1881 in
2819 1828 2848 1878 7
2875 1827 3192 1881 testimonia.

2291 1974 2295 1979 ,
2568 1917 2743 1970 Conon
2772 1914 3213 1978 Chalcedonensis,
3246 1934 3349 1969 trra
3375 1918 3462 1970 52.

2280 2000 2283 2001 ⁷
2321 2007 2349 2046 ιι
2380 2004 2608 2059 Clericos
2635 2012 2724 2057 aut
2750 2004 2910 2059 laico:
2938 1998 3245 2059 accusantes
3266 2006 3544 2073 episcopos
3574 2007 3653 2059 vel
3680 2007 3770 2057 clr-

2258 2097 2414 2156 ricos,
2441 2095 2633 2162 passim
2658 2101 2711 2145 et
2735 2094 2846 2145 sine
2873 2092 3179 2162 probatione
3199 2095 3264 2146 ad
3290 2096 3676 2147 accusationem
3703 2109 3772 2145 re-

2258 2184 2359 2251 cipi
2388 2172 2489 2235 non
2521 2183 2732 2244 debere,
2758 2180 2855 2233 nisi
2882 2181 3028 2248 prius
3055 2182 3364 2235 discutiatur
3386 2184 3773 2235 existimationis

2259 2272 2452 2338 opinio.
2490 2273 2504 2309 ί
2535 2270 2757 2330 Placuit,
2795 2278 2853 2320 ut
2878 2284 3088 2337 semper
3126 2271 3178 2324 in
3212 2273 3548 2326 accusatione
3577 2273 3775 2325 clerico-

2262 2376 2375 2413 rum
2402 2359 2529 2411 ﬁdes
2551 2365 2604 2409 et
2631 2357 2736 2409 vita
2765 2356 3229 2425 blasphemantium
3256 2368 3632 2428 perscrutetur.
3658 2357 3774 2412 Nam

2263 2445 2440 2498 ﬁdeles
2468 2458 2649 2497 onmes
2689 2453 2838 2497 actus
2882 2444 3110 2498 hominis
3134 2446 3286 2499 debet
3321 2446 3642 2515 praecedere,
3669 2449 3776 2515 quia

2264 2533 2450 2585 dubius
2476 2532 2529 2584 in
2567 2532 2665 2586 ﬁde
2698 2531 2936 2586 inﬁdelis.
2968 2531 3075 2585 Nec
3114 2534 3192 2587 eis
3232 2535 3447 2587 omnino
3472 2542 3556 2587 est
3581 2534 3777 2587 creden-

2265 2622 2388 2672 dum
2414 2621 2500 2685 qui
2536 2627 2625 2671 aut
2651 2620 2889 2673 veritatis
2913 2619 3069 2673 ﬁdem
3095 2622 3356 2689 ignorant,
3384 2630 3475 2673 aut
3508 2636 3611 2674 non
3653 2630 3779 2674 recte

2267 2706 2679 2760 conversationis
2702 2706 2917 2771 ducunt,
2946 2708 3189 2774 quoniam
3220 2707 3348 2761 tales
3373 2706 3529 2761 facile
3556 2718 3610 2761 et
3638 2708 3777 2762 indif-

2269 2796 2497 2849 ferenter
2542 2795 2776 2848 lacerant
2819 2803 2873 2849 et
2908 2797 3255 2855 criminantur
3299 2808 3443 2853 recte
3485 2800 3672 2867 pieque
3708 2799 3776 2850 vi-

2270 2901 2367 2939 ven
2375 2895 2469 2939 tes.

2896 2974 3029 3028 1.6m
3072 2976 3156 3027 35.

2340 3088 2352 3132 ι
2402 3084 2468 3138 Ut
2496 3084 2841 3153 nullusjudex
2874 3098 3040 3153 neque
3081 3088 3459 3155 presbyterum,
3496 3103 3667 3156 neque
3683 3089 3777 3143 dia-

2271 3189 2457 3228 conum
2484 3173 2565 3226 vel
2592 3173 2857 3236 clericum,
2890 3188 2952 3228 ac
2976 3172 3222 3239 “iuniores
3267 3172 3505 3229 ecclesia:
3530 3176 3645 3230 sine
3672 3189 3779 3229 can-

2272 3265 2489 3325 scientia
2523 3262 2783 3330 pontificis
2824 3276 2920 3330 per
2962 3276 3017 3315 se
3060 3263 3357 3332 distringat,
3412 3271 3502 3343 aut
3559 3264 3784 3321 ὼιιωη
3878 3270 3879 3343 γ

2274 3361 2573 3433 praesumat.
2646 3352 2790 3417 Quod
2839 3352 2883 3404 si
2924 3350 3143 3413 fecerit,
3192 3354 3261 3405 ab
3300 3352 3525 3407 ecclesia
3551 3353 3633 3407 cui
3668 3354 3782 3406 irru-

2277 3457 2400 3511 gare
2449 3440 2690 3507 injuriam
2740 3439 3103 3509 dignoscitur,
3154 3441 3333 3493 tandiu
3382 3442 3452 3495 sit
3511 3451 3786 3511 sequestra-

2280 3542 2362 3586 tus
2387 3571 2400 3594 ,
2454 3530 2682 3597 quandiu
2749 3536 2922 3581 reatus
2970 3527 3050 3580 sui
3099 3529 3451 3582 temeritatem
3490 3531 3712 3598 corrigat
3745 3538 3786 3579 et

2280 3618 2540 3673 emendet.

2856 3700 3073 3756 CAPUT
3101 3702 3230 3754 XLI.

2284 3836 2346 3872 nr:
2384 3831 2616 3869 CLERICIS
2648 3828 2939 3875 rusus/mus,
2977 3829 3043 3865 er
3077 3808 3341 3873 EBMOSIS,
3365 3829 3431 3865 ετ
3473 3828 3790 3867 ι-ιοωυεσοιιι-

2355 3901 2472 3938 BUS:
2529 3898 2731 3936 CONTRA
2768 3892 3041 3941 (ὶοΝνινιΑ,
3102 3895 3197 3933 νει.
3236 3892 3458 3935 (ΣᾹΝΤΓΩΔ
3498 3897 3703 3941 τιιιιιιιι,
3735 3898 3789 3931 [τ

2316 4014 2321 4023 ι
2356 3968 2472 4006 ΑωΑ
2512 3965 2675 4004 ιιιυιιΑ
2708 3964 2789 4001 IIIS
2822 3959 3036 4002 εικιιιιι.

2685 4056 2861 4109 Canon
2888 4055 3156 4116 Nicwnus,
3205 4070 3310 4107 trra
3334 4055 3415 4108 19.

2358 4172 2381 4208 li
2421 4169 2485 4222 Et
2510 4183 2574 4221 ne
2601 4168 2719 4235 quis
2739 4165 2961 4218 clericus
2981 4180 3166 4217 usuras
3192 4165 3429 4232 accipiat,
3459 4177 3550 4217 aut
3575 4164 3796 4217 frumenti
3878 4170 3879 4225 ξ

2291 4256 2370 4307 vel
2398 4256 2503 4310 vini
2535 4252 2939 4320 ampliationem,
2978 4251 3138 4321 [quod
3166 4251 3318 4322 solet]
3360 4253 3413 4303 in
3460 4267 3597 4305 novo
3642 4251 3797 4304 datum

2294 4342 2594 4410 sescuplum
2624 4342 2702 4394 vel
2728 4339 2939 4409 duplum
2968 4340 3146 4407 recipi.
3190 4338 3347 4407 Quod
3386 4342 3429 4392 si
3476 4341 3677 4405 fecerit,
3702 4350 3798 4392 tan-
3878 4336 3879 4383 ἰ

2243 4503 2246 4505 Α
2292 4447 2449 4503 quam
2471 4431 2637 4497 turpis
2654 4428 2785 4482 lucri
2810 4442 2955 4481 reum
2977 4427 3341 4493 abjiciendum.

2640 4540 2815 4593 Conon
2838 4538 3169 4603 Arelatensis,
3208 4555 3312 4591 trra
3344 4540 3408 4593 19
3436 4539 3482 4604 ιν,

2356 4654 2633 4706 .Ministros
2676 4636 2783 4721 [De
2823 4648 3111 4718 ministris]
3164 4650 3253 4717 qui
3298 4622 3582 4712 fenerant,
3634 4649 3801 4717 placuit

2295 4747 2446 4814 juxta
2493 4743 2712 4798 formam
2757 4741 3005 4797 divinitus
3044 4740 3219 4794 datam
3248 4755 3277 4793 a
3307 4742 3675 4796 communitate
3706 4740 3802 4793 abs-

2303 4834 2493 4887 tineri..

2307 5001 2548 5070 archain
2576 5008 2804 5070 erctum.
2854 5000 3286 5070 {$2,_etincod.
3336 5016 3447 5070 ms.
3484 5003 3800 5070 capitulorum

2309 5067 2584 5122 Theodori.
2611 5054 2928 5137 Vidfsupra.
2958 5054 3179 5137 Capitol.
3210 5067 3325 5137 l._v,
3350 5082 3400 5137 ρ.
3424 5054 3798 5137 issiéiii’ei

2309 5137 2520 5190 Adriani
2540 5137 2579 5199 l,
2603 5134 2926 5204 lngelranino
2946 5136 3099 5204 datis,
3114 5148 3225 5201 cap.
3243 5134 3459 5204 72.~Vrid.
3475 5135 3801 5194 macularum.

2378 5208 2404 5243 ιι
2444 5202 2715 5273 Paululum
2742 5203 2913 5256 differt
2937 5203 3003 5255 ab
3027 5203 3293 5268 interpret.
3324 5202 3537 5273 Dionysi.

2386 5275 2399 5311 ί
2443 5272 2641 5324 Caetera
2672 5273 2875 5323 desunt.
3161 5265 3177 5268 ⁷
3328 5322 3331 5323 ν
3404 5265 3437 5273 “’

2385 5340 2397 5387 i
2447 5341 2576 5392 Vide
2611 5354 2758 5391 conc.
2795 5338 2941 5391 Arcl.’
2965 5354 3016 5401 v,
3046 5353 3091 5390 c.
3119 5339 3200 5390 M.

2386 5410 2406 5445 ι
2444 5407 2718 5474 lnterpret.
2753 5406 2873 5459 Ruf.

2392 5476 2407 5513 ι
2448 5476 2606 5528 Cone.
2636 5474 2780 5528 Arei.
2814 5490 2850 5539 ι,
2875 5488 2921 5527 c.
2948 5474 3029 5527 12.

775 5558 798 5595 ε
832 5552 924 5607 Hic
950 5553 1089 5606 locus
1117 5552 1307 5604 citatur
1329 5561 1535 5616 quooue
1560 5546 1622 5599 ab
1652 5544 1876 5613 Egberto
1900 5543 2215 5599 Eboracensi
2314 5613 2319 5618 ι
