3926 6216
657 311 788 367 1045

1042 419 1214 472 Canon
1234 420 1548 489 Agathensis,
1582 441 1685 477 trra
1709 426 1758 478 8.

719 504 865 574 [Item
891 503 1085 572 placuit
1104 506 1182 577 ut]
1203 506 1454 572 Clericus,
1469 512 1511 564 si
1541 511 1723 566 relicto
1735 511 1903 567 ollicio
1926 527 2020 566 suo
2039 530 2160 582 pro-

1471 317 1780 374 CANONES
1819 320 2095 376 SELECTl
2130 324 2220 377 EX
2258 326 2409 380 VET.
2442 327 2590 384 CAN.
2631 329 2950 387 COLLECT.

3643 342 3764 391 f0“

2180 433 2232 487 Δ
2323 429 2350 468 ιι
2389 431 2442 485 1η
2493 438 2679 501 quibus
2729 439 3215 492 commonitiouibus
3262 444 3694 510 metropolitanus
3738 466 3765 500 a

2257 522 2792 590 comprovincialibus,
2819 515 3281 594 comprovinciales
3315 546 3344 583 a
3374 534 3767 603 metropolitano

646 605 762 687 pter
787 591 1184 687 districtionem,
1210 596 1274 648 ad
1295 596 1601 687 secularem
1628 597 1896 687 [iudicem]
1917 599 2160 687 confuge.
2254 618 2372 657 cum
2399 607 2610 674 reliquis
2632 591 3155 680 comprovincialibus
3176 591 3575 687 distringantur.

629 679 733 741 .rit,
753 687 804 732 et
831 678 899 749 [is
919 681 982 734 ad
1008 696 1160 748 quem
1189 680 1496 754 confugerit]
1524 685 1608 738 ille
1646 686 1886 738 solatium
1911 685 1958 738 ei
1982 685 2159 738 defen-

642 765 801 819 sionis
855 767 1185 836 impenderit,
1237 786 1354 825 cum
1379 773 1560 825 eodem
1600 787 1629 824 a
1658 773 2020 839 communione
2064 773 2153 825 Ec-

558 919 561 921 _
641 855 811 910 clesia:
827 858 1065 924 pellatur.

987 959 1012 986 ⁸
1041 946 1215 1008 Conon
1237 947 1548 1012 Maticensis,
1577 965 1680 1000 αντα
1706 949 1788 1001 10.

2605 695 2781 752 Conon
2808 701 3145 768 Epaunensis,
3177 721 3280 758 trra
3313 706 3397 758 32.

2319 777 2569 833 Relictam
2603 787 2894 853 presbyteri
2928 789 3036 841 sive
3069 792 3274 844 diaconi
3309 795 3613 862 quicunque
3638 793 3761 865 [Re-

2248 861 2390 928 licta,
2421 875 2546 930 etc.,
2585 870 2626 921 si
2653 873 2962 944 cuicunque]
2991 880 3310 943 renupset'it,
3345 861 3616 951 [eatenus]
3640 861 3760 936 cum

2247 953 2429 1006 eadem
2464 957 2530 1009 ab
2567 957 2794 1012 Ecclesia
2838 962 3060 1028 pellatur
3091 981 3103 1016 :
3135 964 3298 1020 donec
3335 981 3366 1018 a
3401 967 3761 1034 conjunctione

709 1029 1001 1087 Utordines
1045 1036 1384 1089 ecclesiastici
1413 1035 1723 1106 [presbyteri
1745 1077 1758 1100 ,
1789 1014 2016 1100 diaconi,
2071 1037 2151 1092 vel
2248 1040 2426 1096 illicita
2452 1057 2778 1112 separentur.

612 1118 866 1185 quolibet
890 1122 1071 1175 ordine
1106 1123 1304 1193 clerici]
1335 1125 1363 1163 δ
1389 1126 1459 1177 ita
1492 1126 1737 1193 episeopo
1761 1140 1856 1178 suo
1879 1125 2150 1178 devotione

632 1207 937 1262 obedientiae
955 1211 1269 1279 subjaceant,
1296 1221 1352 1265 ut
1377 1227 1480 1266 non
1501 1213 1622 1267 alibi
1647 1214 1757 1267 dies
1785 1213 2018 1276 feriatos,
2047 1215 2148 1267 nisi

632 1293 686 1346 in
705 1294 818 1363 ejus
843 1293 1111 1368 obsequio,
1135 1298 1288 1351 liceat
1313 1307 1508 1352 tenere.
1559 1300 1626 1353 Et
1649 1301 1737 1367 qui
1761 1301 1858 1355 hoc
1882 1300 2055 1354 lacere
2075 1300 2153 1352 (Ιί-

630 1382 832 1438 stulerit
851 1387 1182 1454 degradetur.
1252 1404 1254 1407 ·

1259 1478 1394 1532 .Era
1423 1479 1504 1532 11.

693 1563 882 1644 Omnes
921 1566 1094 1620 clerici
1144 1566 1408 1638 [Epise0pi
1456 1566 1770 1636 presbyteri,
1808 1565 1887 1619 vel
1915 1567 2144 1620 universi

2572 1132 2748 1188 Canou
2774 1136 3178 1200 Aurelianensis,
3200 1155 3304 1192 cura
3330 1140 3364 1193 9
3397 1142 3437 1191 ἱ.
3484 1208 3486 1210 ν

2316 1215 2329 1263 i
2376 1216 2670 1287 Presbyteri
2707 1222 2787 1275 vel
2817 1224 3016 1277 diaconi
3057 1224 3254 1288 relicta,
3293 1226 3338 1278 si
3377 1242 3434 1280 se
3471 1227 3758 1295 cuicunque

2244 1305 2584 1370 coniunxerit,
2608 1311 2721 1376 pari
2747 1315 3280 1369 excommunicatione
3307 1314 3589 1382 plectatur.

2610 1395 2788 1450 Conon
2818 1400 3192 1467 Apostolorum,
3217 1419 3321 1454 rem
3346 1402 3395 1454 6.
3567 1407 3581 1418 ‘

2376 1482 2442 1538 Ut
2470 1487 2766 1555 episcopus,
2799 1492 3101 1565 presbyter,
3127 1493 3212 1546 vel
3241 1492 3522 1556 diaconus,
3547 1507 3760 1547 uxorem

2241 1573 2503 1639 propriam
2525 1590 2851 1644 nequaquam
2871 1581 2967 1632 sub
2987 1581 3203 1634 obtentu
3223 1582 3485 1651 religionis
3508 1575 3716 1650 abjiciat
3738 1598 3758 1633 ε.

625 1653 984 1710 honoratiores
1034 1654 1242 1725 clerici]
1293 1656 1382 1724 qui
1431 1655 1640 1707 sublimi
1668 1654 1931 1723 sapientia:
1978 1653 2145 1722 digni-
2172 1726 2214 1738 _
2241 1661 2365 1713 etsi
2393 1661 2662 1728 reiecerit,
2689 1668 3197 1733 excommunicetur;
3241 1670 3284 1724 si
3328 1671 3758 1738 perseveraverit,

624 1748 730 1794 tate
755 1741 1129 1807 sublimantur,
1150 1741 1352 1794 actibus
1378 1740 1592 1793 omnino
1620 1739 1917 1792 renuntient
1944 1739 2137 1801 saeculi,
2172 1726 2216 1785 Β
2240 1726 2530 1816 deﬁciatur.

621 1838 673 1892 et
704 1838 724 1865 ο
748 1843 900 1882 sacro
931 1828 1080 1882 electi
1118 1829 1406 1882 ministerio
1451 1827 1721 1896 repudient
1767 1826 1976 1882 carnale
2011 1842 2140 1882 con-

619 1918 856 1972 sortium.

1164 1985 1382 2041 CAPUT
1419 1985 1594 2038 XLIII.

615 2091 684 2131 UT
712 2091 810 2131 NON
835 2089 1060 2130 ΗΔΒῘΤΕΤ
1081 2091 1327 2130 CLEBICUS
1350 2090 1450 2128 εωι
1479 2087 1768 2127 EX'I'RANEIS
1791 2089 2138 2128 IULIERIBUS}

982 2161 1048 2198 ΕΤ
1083 2160 1146 2198 DE
1185 2159 1403 2198 BELICTA
1441 2157 1772 2198 SACERDO'I’IS.

1042 2231 1217 2291 Conon
1241 2232 1502 2295 Nicwnus,
1529 2247 1634 2284 aera
1654 2231 1687 2285 3

681 2321 708 2361 ά
739 2322 815 2378 Μ
839 2338 958 2393 quis
974 2324 1358 2394 episcoporum,
1374 2323 1456 2374 vel
1478 2328 1789 2374 cmterorum
1805 2319 2131 2380 clericorum.

611 2423 732 2464 eum
766 2410 1072 2465 mulieribus
1116 2411 1313 2464 habitet
1348 2409 1514 2478 (Edd.
1548 2425 1656 2462 var.
1692 2417 1738 2462 et
1764 2405 1918 2478 add.)
1947 2415 2139 2476 praeter

610 2510 850 2557 matrem.
880 2503 961 2556 vel
987 2503 1029 2556 si
1058 2517 1174 2570 qua:
1200 2509 1319 2556 sunt
1343 2499 1696 2569 hujuscemodi
1717 2513 1970 2568 personat.

927 2590 1103 2646 Conon
1137 2586 1519 2660 Africanorum,
1547 2607 1652 2644 (era
1679 2589 1746 2642 27
1777 2600 1821 2642 ε.

673 2685 908 2740 Clericus
931 2700 1048 2738 cum
1079 2684 1344 2739 extraneis
1364 2682 1670 2737 mulieribus
1702 2697 1802 2734 non
1826 2680 2042 2734 habitet.

996 2771 1177 2826 Canon
1202 2771 1531 2833 Arelatensis,
1562 2786 1665 2823 (rm
1692 2769 1742 2821 1.

674 2861 855 2916 Nullus
890 2863 1192 2928 episcopus,
1219 2859 1300 2911 vel
1325 2859 1622 2927 presbyter,
1653 2865 1742 2910 aut
1769 2857 2036 2919 diaconus,
2066 2856 2129 2909 ad

604 2951 804 3006 cellarii
833 2959 1092 3004 secretum
1123 2948 1436 3001 intromittat
1474 2946 1717 3001 feminam
1750 2944 2013 3016 [puellam,
2050 2943 2130 2998 vel

608 3044 882 3113 ingenuam
909 3042 990 3096 vel
1017 3040 1303 3112 ancillam].
1609 3113 1611 3116 ι

980 3130 1158 3185 Conon
1183 3131 1503 3200 Agathensis,
1530 3127 1636 3182 trra
1665 3129 1746 3182 11.
2101 3199 2110 3204 _

669 3219 914 3275 Feminas
939 3217 1177 3290 [ancillas
1203 3219 1282 3272 vel
1313 3218 1552 3287 libertas]
1588 3233 1617 3272 a
1659 3217 1893 3281 cellario,
1932 3217 2011 3271 vel
2049 3231 2128 3269 se-

603 3316 748 3364 creto
771 3309 1082 3372 ministerio,
1111 3306 1193 3362 vel
1226 3307 1292 3362 ab
1316 3322 1379 3361 ea
1399 3307 1669 3361 mansione
1697 3306 1750 3359 in
1778 3321 1878 3373 qua
1907 3304 2128 3359 clericus

604 3405 800 3462 manet,
829 3397 1030 3466 placuit
1055 3395 1334 3451 removeri.

961 3483 1138 3538 Canon
1165 3483 1480 3548 Maticensis,
1510 3499 1613 3536 trra
1638 3481 1670 3534 4
1702 3481 1743 3532 ἲ.
1833 3484 1845 3493 '

669 3574 738 3631 Ut
766 3573 907 3629 nulla
932 3573 1119 3626 mulier
1139 3574 1191 3627 in
1212 3572 1508 3628 cubiculum
1530 3570 1756 3640 episcopi
1779 3570 1978 3637 absque
2000 3567 2128 3620 duo‘

600 3668 698 3721 bus
723 3664 1062 3734 presbyteris,
1100 3673 1190 3716 aut
1219 3670 1362 3717 certe
1394 3662 1698 3715 diaconibus
1724 3657 2023 3730 [diaconis],
2050 3657 2126 3709 in-

601 3754 744 3822 gredi
768 3755 1118 3823 permittatur.

925 3839 1099 3894 Conon
1126 3838 1526 3898 Aurelianensis,
1557 3853 1660 3890 trra
1684 3836 1716 3888 4
1751 3839 1772 3873 ⁸

667 3934 960 3989 Statuimus
999 3940 1057 3986 ut
1098 3947 1161 3985 ne
1208 3932 1325 3999 quis
1369 3930 1663 3984 antistitum
1707 3927 2124 3993 clericorumque

599 4025 829 4077 omnium
866 4021 1128 4076 licentiam
1160 4019 1349 4074 habeat
1373 4019 1509 4072 intra
1535 4018 1743 4072 domum
1777 4031 1926 4070 suam
1963 4015 2122 4068 ullam

600 4113 869 4168 mulierem
896 4112 1108 4171 habere,
1132 4117 1323 4179 prater
1360 4123 1453 4163 eas
1479 4120 1608 4174 quas
1643 4105 1937 4174 superiores
1963 4118 2122 4158 cauo-

597 4219 692 4260 nes
738 4197 1070 4272 eloquuntur.
1117 4200 1172 4254 Si
1218 4200 1336 4268 quis
1377 4197 1688 4253 clericorum
1735 4195 2120 4263 suspectionem

599 4288 988 4365 [suspicionem]
1015 4290 1284 4343 adversam
1304 4326 1320 4352 ,
1348 4286 1778 4340 obtrectationem
1806 4284 1872 4339 de
1907 4285 2122 4340 muliere

2779 1842 2998 1898 CAPUT
3029 1845 3202 1900 XLIV.

2235 1969 2299 2008 νε
2335 1969 2606 2021 εριεοοριε,
2643 1972 2738 2010 νει.
2775 1971 2990 2010 κεσυιιε
3025 1971 3370 2021 οιεκιςοιιυκ,
3408 1972 3475 2009 ΕΤ
3515 1969 3763 2010 γεετιιυε,

2819 2039 3014 2089 conon,
3038 2041 3170 2079 ιτα.

2612 2132 2787 2187 canon
2817 2133 3112 2201 Africanus,
3142 2149 3248 2186 tera
3277 2133 3298 2186 1
3367 2171 3380 2184 .

2303 2241 2371 2296 Ut
2395 2240 2668 2308 episcopus
2701 2257 2806 2295 non
2850 2241 3002 2311 longe
3045 2242 3109 2295 ab
3145 2242 3365 2297 ecclesia
3421 2242 3756 2310 hospitiolum

2233 2333 2442 2387 habeat.

2847 2420 3124 2475 ὧναεω.

2303 2530 2370 2584 Ut
2393 2531 2668 2599 episcopus
2712 2548 2765 2585 in
2792 2532 3012 2586 ecclesia
3031 2572 3044 2594 ,
3074 2532 3126 2585 in
3154 2546 3402 2586 consessu
3425 2531 3754 2600 presbytero-

2230 2635 2347 2673 rum
2377 2621 2650 2674 sublimior
2678 2621 2859 2674 sedeat
2886 2638 2897 2672 :
2930 2622 3066 2674 intra
3099 2623 3316 2674 domum.
3340 2635 3487 2682 vero,
3507 2621 3757 2688 collegam

2229 2723 2286 2762 se
2311 2711 2733 2778 presbyterorum
2759 2725 2877 2765 esse
2896 2726 3154 2781 cognosce

2855 2821 3047 2876 Era?)
3077 2832 3125 2874 τ’.

2298 2932 2368 2988 Ut
2401 2933 2675 3000 episcopus
2709 2931 2904 2984 nullam
2937 2931 3029 2984 rei
3074 2929 3343 2982 familiaris
3375 2944 3554 2982 curam
3599 2927 3660 2981 ad
3693 2943 3750 2982 se-

2153 3035 2199 3096 c
2230 3033 2438 3076 revocet
2469 3038 2482 3073 :
2518 3022 2607 3075 sed
2633 3029 2692 3074 ut
2718 3020 2923 3074 lectioni
2951 3027 3005 3071 et
3028 3019 3272 3081 orationi,
3295 3020 3458 3072 verbo
3479 3016 3570 3071 Dei
3595 3016 3742 3086 (Var.

2229 3108 2369 3179 edd.)
2400 3117 2453 3162 et
2472 3106 2832 3175 prtedicationi
2859 3106 3216 3160 tantummodo
3245 3115 3410 3159 vacet.

2859 3215 2994 3269 Αἶγα
3024 3216 3055 3266 4
3090 3222 3134 3266 ο.

2296 3305 2364 3361 Ut
2383 3307 2656 3375 episcopus
2690 3305 2844 3359 vilem
2868 3304 3241 3372 supellectilem
3270 3311 3323 3357 et
3349 3317 3581 3356 mensam
3605 3299 3743 3369 (Var.

2224 3396 2365 3464 edd.)
2389 3396 2596 3457 habeat,
2626 3403 2679 3448 et
2703 3394 2897 3447 victum
2923 3407 3203 3462 pauperem
3234 3410 3246 3444 :
3276 3397 3330 3444 et
3354 3390 3626 3458 dignitatis
3649 3405 3752 3444 suze

2224 3487 2591 3543 auctoritatem
2635 3485 2754 3540 ﬁdei
2797 3481 2956 3538 ilidel
3003 3491 3056 3537 ct
3106 3482 3227 3536 vita:
3273 3481 3476 3534 meritis
3521 3481 3752 3547 acquirat

2226 3575 2492 3648 [quaerat].

2854 3663 2986 3716 Αἶγα
3016 3663 3118 3715 5P.

2295 3758 2360 3812 Ut
2385 3757 2661 3825 episcopus
2685 3754 2955 3824 gentilium
2980 3751 3144 3805 libros
3167 3764 3271 3804 non
3290 3749 3451 3816 legat,
3482 3749 3744 3802 bteretico-

2223 3864 2337 3900 rum
2365 3855 2538 3899 autem
2568 3859 2663 3912 pro
2691 3843 3006 3898 necessitate
3049 3848 3101 3894 et
3133 3847 3367 3907 tempore
3396 3835 3539 3908 [Αι.,,
3561 3846 3745 3904 tempo-

2222 3937 2295 3988 ris
2317 3951 2418 3986 om.
2450 3932 2542 4002 ct].
2920 3984 2924 3986 _
3219 3913 3231 3939 ’

2854 4019 2986 4071 ,λεῖα
3015 4017 3047 4072 6
3074 4028 3118 4069 α.

2293 4112 2357 4167 Ut
2380 4113 2654 4182 cpiscopus
2679 4109 2952 4165 tuitionem
2977 4111 3409 4162 testamentorum
3448 4119 3553 4157 non
3597 4104 3738 4158 διιεςὶ
3772 4120 3775 4123 ·

2222 4205 2348 4272 piat.
2864 4221 2873 4228 ·

2846 4288 2979 4342 Era
3009 4289 3038 4340 7

596 4350 904 4449 quacunque
929 4350 1232 4450 [fortassis]
1261 4350 1539 4430 incurrerit
1565 4389 1579 4426 :
1610 4375 1785 4428 statim
1817 4374 1834 4442 (
1851 4373 2031 4438 Quoad.
2065 4375 2118 4428 in
2150 4369 2200 4428 D
2231 4350 2236 4354 ³
2292 4379 2358 4433 Ut
2389 4380 2665 4447 episcopus
2708 4378 3136 4448 gubernationem
3175 4373 3472 4435 viduarum,
3503 4382 3558 4428 et
3585 4373 3738 4446 pupil-

595 4471 711 4524 edd.
737 4470 882 4538 add.)
910 4484 1026 4522 eam
1054 4468 1265 4536 abjiciat
1289 4466 1355 4538 [si
1377 4474 1520 4521 certe
1544 4473 1788 4520 extranea
1818 4471 1870 4518 et
1889 4465 2117 4534 suijuris
2216 4471 2404 4532 lorum,
2436 4484 2497 4522 ac
2523 4469 2940 4537 peregrinorum,
2979 4483 3080 4519 non
3107 4482 3200 4535 per
3224 4480 3297 4525 se,
3335 4462 3423 4517 sed
3453 4479 3551 4532 per
3577 4465 3738 4519 archi-

595 4560 694 4632 est]
729 4579 739 4613 :
769 4569 821 4615 et
845 4562 934 4636 ita]
953 4575 1068 4614 eam
1098 4557 1338 4613 omnibus
1365 4557 1753 4611 conditionibus
1781 4556 1984 4609 studeat
2004 4556 2112 4608 cvi-

597 4661 724 4714 tare,
755 4659 810 4703 ut
837 4650 1048 4704 infamia
1065 4664 1179 4717 qua:
1199 4647 1425 4702 excitata
1446 4655 1525 4700 est
1549 4647 1846 4713 abrogetur.
1873 4645 1971 4711 Qui
1994 4660 2116 4699 vero

595 4743 705 4796 lucc
731 4757 834 4794 non
864 4739 1123 4802 vitaverit,
1149 4753 1245 4805 pro
1281 4735 1632 4791 iuobedientia
1666 4734 1993 4789 suatriennii
2022 4749 2114 4788 ex-

594 4831 1062 4886 a-ommunicatione
1089 4827 1388 4882 mulctetur.

664 4993 686 5018 δ
727 4979 885 5034 Conc.
924 4977 1285 5031 Matiscuncns.
1313 4956 1413 5039 I,c.
1445 4977 1528 5028 10.

667 5051 683 5085 ⁸
725 5051 850 5103 V'ar.
882 5044 998 5102 edd.
1035 5047 1162 5099 Vide
1190 5054 1338 5097 notas
1367 5047 1543 5098 viricl.
1576 5043 1622 5096 J.
1658 5044 1942 5098 Sirmondi.

666 5130 688 5155 α
728 5119 849 5172 Var.
883 5117 998 5176 edd.
1049 5116 1178 5170 Vide
1201 5120 1351 5167 notas
1368 5113 1618 5178 ejusdem.

664 5187 687 5292 ἓ
1257 5266 1400 5305 conc.
1439 5268 1489 5304 tv
1515 5251 1689 5305 Carth.
1719 5267 1764 5306 C.
1796 5251 1880 5304 46.

669 5331 678 5362 ι
728 5322 924 5376 Coneil.
952 5321 1215 5375 Matiscon.
1247 5336 1286 5382 ι,
1315 5336 1363 5374 c.
1392 5322 1442 5374 3.

667 5400 684 5428 δ’·
726 5392 884 5444 Cone.
921 5389 1092 5442 Aurel.
1124 5405 1203 5453 tu.
1233 5405 1280 5444 c.
1310 5389 1361 5442 ι.

639 5464 687 5495 ·ε·
733 5461 852 5512 Var.
883 5456 997 5512 cdd.
1027 5456 1156 5511 Vide
1179 5467 1285 5513 not.
1317 5458 1382 5512 cl.
1406 5456 1689 5511 Sirmundi.

675 5542 686 5566 ι
732 5529 887 5580 Cone.
917 5525 1093 5579 Aurel.
1121 5543 1158 5591 ι,
1184 5543 1229 5580 e.
1263 5528 1344 5582 15.

670 5608 685 5644 ι
732 5595 974 5660 Quaedam
1003 5595 1119 5649 Var.
1153 5606 1201 5650 ct
1231 5597 1345 5650 add.
1365 5595 1431 5648 ‘ht
1460 5595 1574 5648 edd.
1647 5591 1653 5596 ’

2214 4560 2577 4628 presbyterum
2604 4557 2683 4611 vel
2706 4557 3132 4611 archidiaconum
3159 4563 3296 4622 agat.

2841 4644 3109 4698 xEraSS.

2285 4738 2352 4792 Ut
2381 4750 2654 4804 episcopus
2683 4733 2834 4802 (Var.
2856 4733 2996 4787 edd.)
3019 4748 3114 4787 nec
3137 4741 3452 4800 provocatus
3473 4747 3573 4801 pro
3593 4733 3736 4786 rebus

2216 4827 2529 4880 transitoriis
2555 4825 2739 4894 litiget.

2283 4983 2306 5021 ’ί
2347 4981 2613 5034 Paululum
2641 4978 2812 5048 dill'ert
2835 4978 2904 5048 ab
2930 4979 3118 5047 interp.
3146 4978 3356 5048 Dionys.

2283 5051 2295 5088 ¹
2339 5051 2555 5104 ldcmin
2581 5050 2695 5102 cozl.
2725 5047 2913 5111 Barb.;
2939 5063 3088 5101 conc.
3115 5064 3167 5100 tv
3193 5047 3372 5101 Carth.
3401 5061 3449 5100 c.
3485 5048 3572 5100 M.

2279 5132 2316 5158 ιιι
2346 5120 2419 5173 ld.
2449 5120 2500 5170 in
2528 5119 2640 5171 cod.
2676 5117 2855 5178 Bari».
2880 5133 3028 5171 conc.
3055 5133 3106 5170 tv
3129 5117 3308 5171 Carth.
3333 5131 3379 5170 c.
3407 5115 3498 5170 '54.

2281 5200 2305 5225 ιι
2343 5189 2417 5242 ιιι.
2450 5188 2501 5239 in
2528 5187 2640 5240 cod.
2669 5185 2854 5250 Burin;
2885 5200 3031 5239 conc.
3066 5201 3115 5238 tv
3140 5185 3316 5239 Carth.
3346 5201 3395 5240 c.
3427 5185 3519 5241 ΩΟ.

2279 5266 2302 5292 °
2341 5258 2412 5310 Id.
2443 5257 2495 5308 in
2524 5270 2568 5308 c.
2605 5255 2693 5316 B.;
2725 5269 2870 5308 conc.
2901 5269 2951 5306 tv
2976 5253 3219 5310 Carth.c.
3246 5255 3329 5307 l5.

2283 5337 2306 5374 r
2344 5326 2413 5379 Id.
2448 5325 2499 5376 in
2529 5339 2575 5376 c.
2606 5323 2694 5386 8.;
2729 5337 2874 5376 conc.
2904 5339 2953 5375 tv
2987 5323 3166 5377 Carth.
3194 5339 3241 5376 c.
3269 5323 3350 5377 16.

2279 5407 2303 5442 (ι
2340 5395 2394 5448 ld
2421 5393 2602 5447 incod.
2630 5392 2814 5456 Barb.;
2841 5406 2987 5446 conc.
3017 5407 3070 5446 tv
3096 5391 3274 5445 Carth.
3298 5407 3346 5446 c.
3380 5393 3465 5448 18.

2286 5474 2304 5500 τ
2344 5463 2416 5516 Id.
2439 5463 2493 5515 in
2521 5463 2634 5516 cod.
2671 5462 2860 5522 Barb.;
2892 5475 3040 5515 conc.
3075 5475 3126 5515 tv.
3151 5459 3330 5514 Carth.
3359 5477 3408 5516 c.
3438 5461 3530 5514 l7;

2283 5543 2302 5569 ⁸
2345 5533 2396 5587 ld
2427 5532 2476 5583 in
2503 5531 2616 5584 cod.
2648 5531 2735 5583 B.‘
2771 5545 2916 5583 conc.
2945 5545 2992 5583 Iv
3019 5528 3199 5583 Carth.
3226 5544 3273 5583 ε.
3305 5529 3387 5585 19.
