  <div class='ocr_page' id='page_1' title='image "/cluster/home/n/w/nwhite01/storage/ocr_20150623/99/uva.x000827057/528.png"; bbox 0 0 3926 6216; ppageno 0'>
   <div class='ocr_carea' id='block_1_1' title="bbox 224 427 354 482">
    <p class='ocr_par' dir='ltr' id='par_1_1' title="bbox 224 427 354 482">
     <span class='ocr_line' id='line_1_1' title="bbox 224 427 354 482; baseline -0.023 0"><span class='ocrx_word' id='word_1_1' title='bbox 224 427 354 482; x_wconf 69' lang='grc'><strong>1045</strong></span> 
     </span>
    </p>
   </div>
   <div class='ocr_carea' id='block_1_2' title="bbox 830 531 1132 584">
    <p class='ocr_par' dir='ltr' id='par_1_2' title="bbox 830 531 1132 584">
     <span class='ocr_line' id='line_1_2' title="bbox 830 531 1132 584; baseline 0.007 -2"><span class='ocrx_word' id='word_1_2' title='bbox 830 531 959 584; x_wconf 66' lang='grc' dir='ltr'><strong>Αἶγα</strong></span> <span class='ocrx_word' id='word_1_3' title='bbox 994 533 1059 584; x_wconf 74' lang='grc'><strong>12</strong></span> <span class='ocrx_word' id='word_1_4' title='bbox 1087 547 1132 584; x_wconf 72' lang='grc' dir='ltr'><strong>δ.</strong></span> 
     </span>
    </p>
   </div>
   <div class='ocr_carea' id='block_1_3' title="bbox 285 617 1731 692">
    <p class='ocr_par' dir='ltr' id='par_1_3' title="bbox 285 617 1731 692">
     <span class='ocr_line' id='line_1_3' title="bbox 285 617 1731 692; baseline 0.003 -20"><span class='ocrx_word' id='word_1_5' title='bbox 285 617 353 672; x_wconf 78' lang='lat' dir='ltr'><strong>Ut</strong></span> <span class='ocrx_word' id='word_1_6' title='bbox 385 618 667 685; x_wconf 84' lang='lat' dir='ltr'><strong>episcopus</strong></span> <span class='ocrx_word' id='word_1_7' title='bbox 689 619 916 685; x_wconf 85' lang='lat' dir='ltr'><strong>quolibet</strong></span> <span class='ocrx_word' id='word_1_8' title='bbox 942 620 1056 673; x_wconf 90' lang='lat' dir='ltr'><strong>loco</strong></span> <span class='ocrx_word' id='word_1_9' title='bbox 1079 622 1281 683; x_wconf 85' lang='lat' dir='ltr'><strong>sedens,</strong></span> <span class='ocrx_word' id='word_1_10' title='bbox 1306 631 1444 676; x_wconf 87' lang='lat' dir='ltr'><strong>stare</strong></span> <span class='ocrx_word' id='word_1_11' title='bbox 1469 624 1731 692; x_wconf 81' lang='lat' dir='ltr'><strong>presbyte-</strong></span> 
     </span>
    </p>
   </div>
   <div class='ocr_carea' id='block_1_4' title="bbox 220 707 722 773">
    <p class='ocr_par' dir='ltr' id='par_1_4' title="bbox 220 707 722 773">
     <span class='ocr_line' id='line_1_4' title="bbox 220 707 722 773; baseline 0.002 -18"><span class='ocrx_word' id='word_1_12' title='bbox 220 718 303 758; x_wconf 84' lang='lat' dir='ltr'><strong>ros</strong></span> <span class='ocrx_word' id='word_1_13' title='bbox 328 720 434 758; x_wconf 88' lang='lat' dir='ltr'><strong>non</strong></span> <span class='ocrx_word' id='word_1_14' title='bbox 471 707 722 773; x_wconf 77' lang='lat' dir='ltr'><strong>patiatur.</strong></span> 
     </span>
    </p>
   </div>
   <div class='ocr_carea' id='block_1_5' title="bbox 602 791 1360 854">
    <p class='ocr_par' dir='ltr' id='par_1_5' title="bbox 602 791 1360 854">
     <span class='ocr_line' id='line_1_5' title="bbox 602 791 1360 854; baseline 0.003 -10"><span class='ocrx_word' id='word_1_15' title='bbox 602 791 776 844; x_wconf 86' lang='lat' dir='ltr'><strong>Canon</strong></span> <span class='ocrx_word' id='word_1_16' title='bbox 809 791 857 844; x_wconf 86' lang='grc' dir='ltr'><em>Ν</em></span> <span class='ocrx_word' id='word_1_17' title='bbox 864 794 1069 854; x_wconf 72' lang='grc' dir='ltr'><strong>ὶεαήιιε,</strong></span> <span class='ocrx_word' id='word_1_18' title='bbox 1100 809 1206 844; x_wconf 68' lang='lat' dir='ltr'><strong>trra</strong></span> <span class='ocrx_word' id='word_1_19' title='bbox 1228 793 1293 846; x_wconf 76' lang='grc'>56</span> <span class='ocrx_word' id='word_1_20' title='bbox 1315 795 1360 846; x_wconf 73' lang='grc' dir='ltr'><strong>δ.</strong></span> 
     </span>
    </p>
   </div>
   <div class='ocr_carea' id='block_1_6' title="bbox 288 879 1736 946">
    <p class='ocr_par' dir='ltr' id='par_1_6' title="bbox 288 879 1736 946">
     <span class='ocr_line' id='line_1_6' title="bbox 288 879 1736 946; baseline 0 -16"><span class='ocrx_word' id='word_1_21' title='bbox 288 891 307 915; x_wconf 80' lang='grc' dir='ltr'>ε</span> <span class='ocrx_word' id='word_1_22' title='bbox 349 880 403 930; x_wconf 89' lang='lat' dir='ltr'><strong>Si</strong></span> <span class='ocrx_word' id='word_1_23' title='bbox 431 880 740 946; x_wconf 89' lang='lat' dir='ltr'><strong>episc0pus,</strong></span> <span class='ocrx_word' id='word_1_24' title='bbox 770 879 905 946; x_wconf 88' lang='lat' dir='ltr'><strong>quod</strong></span> <span class='ocrx_word' id='word_1_25' title='bbox 945 895 1058 932; x_wconf 90' lang='lat' dir='ltr'><strong>esse</strong></span> <span class='ocrx_word' id='word_1_26' title='bbox 1097 895 1198 932; x_wconf 92' lang='lat' dir='ltr'><strong>non</strong></span> <span class='ocrx_word' id='word_1_27' title='bbox 1232 882 1407 944; x_wconf 87' lang='lat' dir='ltr'><strong>debet,</strong></span> <span class='ocrx_word' id='word_1_28' title='bbox 1446 880 1600 933; x_wconf 85' lang='lat' dir='ltr'><strong>fuerit</strong></span> <span class='ocrx_word' id='word_1_29' title='bbox 1635 881 1736 932; x_wconf 78' lang='lat' dir='ltr'><strong>ira-</strong></span> 
     </span>
    </p>
   </div>
   <div class='ocr_carea' id='block_1_7' title="bbox 216 965 1736 1027">
    <p class='ocr_par' dir='ltr' id='par_1_7' title="bbox 216 965 1736 1027">
     <span class='ocr_line' id='line_1_7' title="bbox 216 965 1736 1027; baseline 0.001 -9"><span class='ocrx_word' id='word_1_30' title='bbox 216 965 436 1025; x_wconf 81' lang='lat' dir='ltr'><strong>cundus,</strong></span> <span class='ocrx_word' id='word_1_31' title='bbox 467 973 522 1015; x_wconf 89' lang='lat' dir='ltr'><strong>et</strong></span> <span class='ocrx_word' id='word_1_32' title='bbox 565 973 854 1020; x_wconf 89' lang='lat' dir='ltr'><strong>commotus</strong></span> <span class='ocrx_word' id='word_1_33' title='bbox 888 966 1136 1018; x_wconf 86' lang='lat' dir='ltr'><strong>adversus</strong></span> <span class='ocrx_word' id='word_1_34' title='bbox 1167 967 1410 1019; x_wconf 84' lang='lat' dir='ltr'><strong>clericum</strong></span> <span class='ocrx_word' id='word_1_35' title='bbox 1439 982 1605 1027; x_wconf 90' lang='lat' dir='ltr'><strong>suum,</strong></span> <span class='ocrx_word' id='word_1_36' title='bbox 1633 968 1736 1020; x_wconf 91' lang='lat' dir='ltr'><strong>cito</strong></span> 
     </span>
    </p>
   </div>
   <div class='ocr_carea' id='block_1_8' title="bbox 217 1050 1733 1116">
    <p class='ocr_par' dir='ltr' id='par_1_8' title="bbox 217 1050 1733 1116">
     <span class='ocr_line' id='line_1_8' title="bbox 217 1050 1733 1116; baseline 0.003 -15"><span class='ocrx_word' id='word_1_37' title='bbox 217 1058 306 1102; x_wconf 85' lang='lat' dir='ltr'><strong>aut</strong></span> <span class='ocrx_word' id='word_1_38' title='bbox 342 1064 532 1116; x_wconf 83' lang='lat' dir='ltr'><strong>aspere</strong></span> <span class='ocrx_word' id='word_1_39' title='bbox 580 1064 696 1102; x_wconf 91' lang='lat' dir='ltr'><strong>eum</strong></span> <span class='ocrx_word' id='word_1_40' title='bbox 730 1051 793 1104; x_wconf 87' lang='lat' dir='ltr'><strong>de</strong></span> <span class='ocrx_word' id='word_1_41' title='bbox 834 1050 1061 1104; x_wconf 79' lang='lat' dir='ltr'><strong>Ecclesia</strong></span> <span class='ocrx_word' id='word_1_42' title='bbox 1101 1056 1442 1106; x_wconf 77' lang='lat' dir='ltr'><strong>exterminare</strong></span> <span class='ocrx_word' id='word_1_43' title='bbox 1482 1055 1733 1116; x_wconf 84' lang='lat' dir='ltr'><strong>voluerit;</strong></span> 
     </span>
    </p>
   </div>
   <div class='ocr_carea' id='block_1_9' title="bbox 208 1137 1738 1206">
    <p class='ocr_par' dir='ltr' id='par_1_9' title="bbox 208 1137 1738 1206">
     <span class='ocr_line' id='line_1_9' title="bbox 208 1137 1738 1206; baseline 0.004 -18"><span class='ocrx_word' id='word_1_44' title='bbox 208 1137 407 1189; x_wconf 83' lang='lat' dir='ltr'><strong>.babeat</strong></span> <span class='ocrx_word' id='word_1_45' title='bbox 434 1145 749 1202; x_wconf 86' lang='lat' dir='ltr'><strong>potestatem</strong></span> <span class='ocrx_word' id='word_1_46' title='bbox 787 1137 872 1190; x_wconf 92' lang='lat' dir='ltr'><strong>ille</strong></span> <span class='ocrx_word' id='word_1_47' title='bbox 911 1137 1145 1198; x_wconf 83' lang='lat' dir='ltr'><strong>clericus,</strong></span> <span class='ocrx_word' id='word_1_48' title='bbox 1188 1148 1243 1190; x_wconf 88' lang='lat' dir='ltr'><strong>ut</strong></span> <span class='ocrx_word' id='word_1_49' title='bbox 1272 1139 1515 1192; x_wconf 81' lang='lat' dir='ltr'><strong>ﬁnitimos</strong></span> <span class='ocrx_word' id='word_1_50' title='bbox 1543 1141 1738 1206; x_wconf 87' lang='lat' dir='ltr'><strong>episco-</strong></span> 
     </span>
    </p>
   </div>
   <div class='ocr_carea' id='block_1_10' title="bbox 218 1223 1738 1294">
    <p class='ocr_par' dir='ltr' id='par_1_10' title="bbox 218 1223 1738 1294">
     <span class='ocr_line' id='line_1_10' title="bbox 218 1223 1738 1294; baseline 0.001 -18"><span class='ocrx_word' id='word_1_51' title='bbox 218 1239 310 1290; x_wconf 90' lang='lat' dir='ltr'><strong>pos</strong></span> <span class='ocrx_word' id='word_1_52' title='bbox 336 1223 637 1291; x_wconf 69' lang='lat' dir='ltr'><strong>interpellet</strong></span> <span class='ocrx_word' id='word_1_53' title='bbox 667 1242 679 1274; x_wconf 86' lang='lat'><strong>:</strong></span> <span class='ocrx_word' id='word_1_54' title='bbox 710 1231 767 1277; x_wconf 90' lang='lat' dir='ltr'><strong>ut</strong></span> <span class='ocrx_word' id='word_1_55' title='bbox 791 1239 948 1278; x_wconf 88' lang='lat' dir='ltr'><strong>causa</strong></span> <span class='ocrx_word' id='word_1_56' title='bbox 973 1224 1086 1291; x_wconf 84' lang='lat' dir='ltr'><strong>ejus</strong></span> <span class='ocrx_word' id='word_1_57' title='bbox 1112 1225 1382 1294; x_wconf 77' lang='lat' dir='ltr'><strong>diligenter</strong></span> <span class='ocrx_word' id='word_1_58' title='bbox 1410 1234 1661 1278; x_wconf 87' lang='lat' dir='ltr'><strong>tractetur</strong></span> <span class='ocrx_word' id='word_1_59' title='bbox 1687 1234 1738 1278; x_wconf 92' lang='lat' dir='ltr'><strong>et</strong></span> 
     </span>
    </p>
   </div>
   <div class='ocr_carea' id='block_1_11' title="bbox 220 1313 1736 1383">
    <p class='ocr_par' dir='ltr' id='par_1_11' title="bbox 220 1313 1736 1383">
     <span class='ocr_line' id='line_1_11' title="bbox 220 1313 1736 1383; baseline 0.002 -18"><span class='ocrx_word' id='word_1_60' title='bbox 220 1314 486 1381; x_wconf 79' lang='lat' dir='ltr'><strong>negotium</strong></span> <span class='ocrx_word' id='word_1_61' title='bbox 525 1313 833 1366; x_wconf 78' lang='lat' dir='ltr'><strong>discutiatur</strong></span> <span class='ocrx_word' id='word_1_62' title='bbox 862 1330 874 1365; x_wconf 91' lang='lat'>:</span> <span class='ocrx_word' id='word_1_63' title='bbox 901 1321 960 1366; x_wconf 90' lang='lat' dir='ltr'><strong>ut</strong></span> <span class='ocrx_word' id='word_1_64' title='bbox 984 1322 1073 1366; x_wconf 88' lang='lat' dir='ltr'><strong>aut</strong></span> <span class='ocrx_word' id='word_1_65' title='bbox 1097 1315 1359 1383; x_wconf 87' lang='lat' dir='ltr'><strong>probetur,</strong></span> <span class='ocrx_word' id='word_1_66' title='bbox 1390 1322 1479 1366; x_wconf 92' lang='lat' dir='ltr'><strong>aut</strong></span> <span class='ocrx_word' id='word_1_67' title='bbox 1499 1314 1736 1368; x_wconf 83' lang='lat' dir='ltr'><strong>emende-</strong></span> 
     </span>
    </p>
   </div>
   <div class='ocr_carea' id='block_1_12' title="bbox 219 1401 740 1455">
    <p class='ocr_par' dir='ltr' id='par_1_12' title="bbox 219 1401 740 1455">
     <span class='ocr_line' id='line_1_12' title="bbox 219 1401 740 1455; baseline 0 -3"><span class='ocrx_word' id='word_1_68' title='bbox 219 1411 302 1452; x_wconf 84' lang='lat' dir='ltr'><strong>tur</strong></span> <span class='ocrx_word' id='word_1_69' title='bbox 321 1401 435 1455; x_wconf 74' lang='lat' dir='ltr'><strong>eius</strong></span> <span class='ocrx_word' id='word_1_70' title='bbox 463 1402 740 1455; x_wconf 83' lang='lat' dir='ltr'><strong>sententia.</strong></span> 
     </span>
    </p>
   </div>
   <div class='ocr_carea' id='block_1_13' title="bbox 725 1487 1237 1545">
    <p class='ocr_par' dir='ltr' id='par_1_13' title="bbox 725 1487 1237 1545">
     <span class='ocr_line' id='line_1_13' title="bbox 725 1487 1237 1545; baseline -0.004 -3"><span class='ocrx_word' id='word_1_71' title='bbox 725 1487 901 1542; x_wconf 83' lang='lat' dir='ltr'><strong>Canon</strong></span> <span class='ocrx_word' id='word_1_72' title='bbox 933 1489 1169 1545; x_wconf 79' lang='lat' dir='ltr'><strong>Vasensis</strong></span> <span class='ocrx_word' id='word_1_73' title='bbox 1189 1489 1237 1540; x_wconf 74' lang='grc' dir='ltr'><strong>ἀ.</strong></span> 
     </span>
    </p>
   </div>
   <div class='ocr_carea' id='block_1_14' title="bbox 287 1663 1737 1733">
    <p class='ocr_par' dir='ltr' id='par_1_14' title="bbox 287 1663 1737 1733">
     <span class='ocr_line' id='line_1_14' title="bbox 287 1663 1737 1733; baseline -0.001 -16"><span class='ocrx_word' id='word_1_74' title='bbox 287 1665 340 1717; x_wconf 92' lang='lat' dir='ltr'><strong>Si</strong></span> <span class='ocrx_word' id='word_1_75' title='bbox 371 1666 650 1732; x_wconf 88' lang='lat' dir='ltr'><strong>episcopus</strong></span> <span class='ocrx_word' id='word_1_76' title='bbox 687 1674 886 1729; x_wconf 80' lang='lat' dir='ltr'><strong>tantum</strong></span> <span class='ocrx_word' id='word_1_77' title='bbox 914 1665 1128 1731; x_wconf 85' lang='lat' dir='ltr'><strong>alicujus</strong></span> <span class='ocrx_word' id='word_1_78' title='bbox 1163 1667 1355 1718; x_wconf 90' lang='lat' dir='ltr'><strong>scelera</strong></span> <span class='ocrx_word' id='word_1_79' title='bbox 1383 1665 1524 1717; x_wconf 84' lang='lat' dir='ltr'><strong>novit</strong></span> <span class='ocrx_word' id='word_1_80' title='bbox 1552 1663 1737 1733; x_wconf 89' lang='lat' dir='ltr'><strong>[alieni</strong></span> 
     </span>
    </p>
   </div>
   <div class='ocr_carea' id='block_1_15' title="bbox 219 1750 1738 1822">
    <p class='ocr_par' dir='ltr' id='par_1_15' title="bbox 219 1750 1738 1822">
     <span class='ocr_line' id='line_1_15' title="bbox 219 1750 1738 1822; baseline 0.003 -21"><span class='ocrx_word' id='word_1_81' title='bbox 219 1750 432 1802; x_wconf 78' lang='lat' dir='ltr'><strong>sceleris</strong></span> <span class='ocrx_word' id='word_1_82' title='bbox 454 1752 735 1822; x_wconf 90' lang='lat' dir='ltr'><strong>conscius],</strong></span> <span class='ocrx_word' id='word_1_83' title='bbox 771 1753 921 1820; x_wconf 83' lang='lat' dir='ltr'><strong>(Add.</strong></span> <span class='ocrx_word' id='word_1_84' title='bbox 953 1763 996 1804; x_wconf 90' lang='lat' dir='ltr'><strong>et</strong></span> <span class='ocrx_word' id='word_1_85' title='bbox 1018 1769 1122 1805; x_wconf 84' lang='lat' dir='ltr'><strong>var.</strong></span> <span class='ocrx_word' id='word_1_86' title='bbox 1149 1755 1201 1804; x_wconf 78' lang='lat' dir='ltr'><strong>in</strong></span> <span class='ocrx_word' id='word_1_87' title='bbox 1223 1753 1359 1820; x_wconf 82' lang='lat' dir='ltr'><strong>cdd.)</strong></span> <span class='ocrx_word' id='word_1_88' title='bbox 1388 1754 1602 1807; x_wconf 85' lang='lat' dir='ltr'><strong>secretis</strong></span> <span class='ocrx_word' id='word_1_89' title='bbox 1626 1768 1738 1806; x_wconf 90' lang='lat' dir='ltr'><strong>cor-</strong></span> 
     </span>
    </p>
   </div>
   <div class='ocr_carea' id='block_1_16' title="bbox 1033 424 2542 484">
    <p class='ocr_par' dir='ltr' id='par_1_16' title="bbox 1033 424 2542 484">
     <span class='ocr_line' id='line_1_16' title="bbox 1033 424 2542 484; baseline -0.001 -3"><span class='ocrx_word' id='word_1_90' title='bbox 1033 427 1338 482; x_wconf 63' lang='lat' dir='ltr'><strong>CANONES</strong></span> <span class='ocrx_word' id='word_1_91' title='bbox 1376 427 1650 483; x_wconf 81' lang='lat' dir='ltr'><strong>SELECTI</strong></span> <span class='ocrx_word' id='word_1_92' title='bbox 1687 427 1774 480; x_wconf 76' lang='lat' dir='ltr'><strong>EX</strong></span> <span class='ocrx_word' id='word_1_93' title='bbox 1815 425 1964 481; x_wconf 85' lang='lat' dir='ltr'><strong>VET.</strong></span> <span class='ocrx_word' id='word_1_94' title='bbox 2004 427 2154 482; x_wconf 76' lang='lat' dir='ltr'><strong>CAN.</strong></span> <span class='ocrx_word' id='word_1_95' title='bbox 2194 424 2542 484; x_wconf 80' lang='lat' dir='ltr'><strong>COLLECT.-</strong></span> 
     </span>
    </p>
   </div>
   <div class='ocr_carea' id='block_1_17' title="bbox 1753 535 1804 591">
    <p class='ocr_par' dir='ltr' id='par_1_17' title="bbox 1753 535 1804 591">
     <span class='ocr_line' id='line_1_17' title="bbox 1753 535 1804 591; baseline 0 0"><span class='ocrx_word' id='word_1_96' title='bbox 1753 535 1804 591; x_wconf 78' lang='grc' dir='ltr'><strong>Δ</strong></span> 
     </span>
    </p>
   </div>
   <div class='ocr_carea' id='block_1_18' title="bbox 3198 420 3328 476">
    <p class='ocr_par' dir='ltr' id='par_1_18' title="bbox 3198 420 3328 476">
     <span class='ocr_line' id='line_1_18' title="bbox 3198 420 3328 476; baseline 0.023 -3"><span class='ocrx_word' id='word_1_97' title='bbox 3198 420 3328 476; x_wconf 71' lang='grc'>1046</span> 
     </span>
    </p>
   </div>
   <div class='ocr_carea' id='block_1_19' title="bbox 2054 532 3094 603">
    <p class='ocr_par' dir='ltr' id='par_1_19' title="bbox 2054 532 3094 603">
     <span class='ocr_line' id='line_1_19' title="bbox 2054 532 3094 603; baseline -0.002 -15"><span class='ocrx_word' id='word_1_98' title='bbox 2054 535 2119 587; x_wconf 78' lang='lat' dir='ltr'><strong>In</strong></span> <span class='ocrx_word' id='word_1_99' title='bbox 2145 535 2353 603; x_wconf 84' lang='lat' dir='ltr'><strong>epistola</strong></span> <span class='ocrx_word' id='word_1_100' title='bbox 2381 532 2628 586; x_wconf 66' lang='lat' dir='ltr'><strong>Catlestini</strong></span> <span class='ocrx_word' id='word_1_101' title='bbox 2655 549 2826 601; x_wconf 72' lang='lat' dir='ltr'><strong>papa,</strong></span> <span class='ocrx_word' id='word_1_102' title='bbox 2854 533 2880 572; x_wconf 76' lang='grc' dir='ltr'><strong>ιι</strong></span> <span class='ocrx_word' id='word_1_103' title='bbox 2911 548 3012 586; x_wconf 76' lang='lat' dir='ltr'><strong>(era</strong></span> <span class='ocrx_word' id='word_1_104' title='bbox 3046 547 3094 586; x_wconf 74' lang='grc' dir='ltr'>ι.</span> 
     </span>
    </p>
   </div>
   <div class='ocr_carea' id='block_1_20' title="bbox 1891 617 3329 684">
    <p class='ocr_par' dir='ltr' id='par_1_20' title="bbox 1891 617 3329 684">
     <span class='ocr_line' id='line_1_20' title="bbox 1891 617 3329 684; baseline -0.002 -14"><span class='ocrx_word' id='word_1_105' title='bbox 1891 619 2022 672; x_wconf 89' lang='lat' dir='ltr'><strong>Nulli</strong></span> <span class='ocrx_word' id='word_1_106' title='bbox 2057 621 2380 673; x_wconf 86' lang='lat' dir='ltr'><strong>sacerdotum</strong></span> <span class='ocrx_word' id='word_1_107' title='bbox 2431 634 2552 673; x_wconf 88' lang='lat' dir='ltr'><strong>suos</strong></span> <span class='ocrx_word' id='word_1_108' title='bbox 2604 619 2755 672; x_wconf 87' lang='lat' dir='ltr'><strong>liceat</strong></span> <span class='ocrx_word' id='word_1_109' title='bbox 2798 632 3021 671; x_wconf 82' lang='lat' dir='ltr'><strong>canones</strong></span> <span class='ocrx_word' id='word_1_110' title='bbox 3061 617 3329 684; x_wconf 77' lang='lat' dir='ltr'><strong>ignorare,</strong></span> 
     </span>
    </p>
   </div>
   <div class='ocr_carea' id='block_1_21' title="bbox 1827 701 3332 774">
    <p class='ocr_par' dir='ltr' id='par_1_21' title="bbox 1827 701 3332 774">
     <span class='ocr_line' id='line_1_21' title="bbox 1827 701 3332 774; baseline -0.003 -16"><span class='ocrx_word' id='word_1_111' title='bbox 1827 721 1922 758; x_wconf 84' lang='lat' dir='ltr'><strong>nec</strong></span> <span class='ocrx_word' id='word_1_112' title='bbox 1964 708 2242 773; x_wconf 87' lang='lat' dir='ltr'><strong>quidquam</strong></span> <span class='ocrx_word' id='word_1_113' title='bbox 2281 707 2449 760; x_wconf 87' lang='lat' dir='ltr'><strong>lacere</strong></span> <span class='ocrx_word' id='word_1_114' title='bbox 2495 707 2634 774; x_wconf 91' lang='lat' dir='ltr'><strong>quod</strong></span> <span class='ocrx_word' id='word_1_115' title='bbox 2676 703 2885 758; x_wconf 82' lang='lat' dir='ltr'><strong>Patrum</strong></span> <span class='ocrx_word' id='word_1_116' title='bbox 2935 703 3097 770; x_wconf 84' lang='lat' dir='ltr'><strong>possit</strong></span> <span class='ocrx_word' id='word_1_117' title='bbox 3141 701 3332 770; x_wconf 81' lang='lat' dir='ltr'><strong>regulis</strong></span> 
     </span>
    </p>
   </div>
   <div class='ocr_carea' id='block_1_22' title="bbox 1828 788 2493 862">
    <p class='ocr_par' dir='ltr' id='par_1_22' title="bbox 1828 788 2493 862">
     <span class='ocr_line' id='line_1_22' title="bbox 1828 788 2493 862; baseline -0.003 -16"><span class='ocrx_word' id='word_1_118' title='bbox 1828 788 2055 846; x_wconf 83' lang='lat' dir='ltr'><strong>obviare.</strong></span> <span class='ocrx_word' id='word_1_119' title='bbox 2093 793 2247 862; x_wconf 82' lang='lat' dir='ltr'><strong>(Add.</strong></span> <span class='ocrx_word' id='word_1_120' title='bbox 2277 794 2329 845; x_wconf 82' lang='lat' dir='ltr'><strong>in</strong></span> <span class='ocrx_word' id='word_1_121' title='bbox 2353 791 2493 862; x_wconf 82' lang='lat' dir='ltr'><strong>edd.)</strong></span> 
     </span>
    </p>
   </div>
   <div class='ocr_carea' id='block_1_23' title="bbox 2157 876 2960 949">
    <p class='ocr_par' dir='ltr' id='par_1_23' title="bbox 2157 876 2960 949">
     <span class='ocr_line' id='line_1_23' title="bbox 2157 876 2960 949; baseline -0.002 -20"><span class='ocrx_word' id='word_1_122' title='bbox 2157 921 2164 928; x_wconf 92' lang='lat'><strong>.</strong></span> <span class='ocrx_word' id='word_1_123' title='bbox 2197 877 2371 931; x_wconf 78' lang='lat' dir='ltr'><strong>Conon</strong></span> <span class='ocrx_word' id='word_1_124' title='bbox 2397 877 2708 949; x_wconf 76' lang='lat' dir='ltr'><strong>Agathenu&#39;s,</strong></span> <span class='ocrx_word' id='word_1_125' title='bbox 2739 893 2849 944; x_wconf 87' lang='lat' dir='ltr'><strong>cap.</strong></span> <span class='ocrx_word' id='word_1_126' title='bbox 2880 876 2960 928; x_wconf 75' lang='grc'><strong>10.</strong></span> 
     </span>
    </p>
   </div>
   <div class='ocr_carea' id='block_1_24' title="bbox 1896 960 3333 1031">
    <p class='ocr_par' dir='ltr' id='par_1_24' title="bbox 1896 960 3333 1031">
     <span class='ocr_line' id='line_1_24' title="bbox 1896 960 3333 1031; baseline -0.002 -15"><span class='ocrx_word' id='word_1_127' title='bbox 1896 964 2076 1017; x_wconf 84' lang='lat' dir='ltr'><strong>Nullus</strong></span> <span class='ocrx_word' id='word_1_128' title='bbox 2097 965 2420 1027; x_wconf 86' lang='lat' dir='ltr'><strong>clericorum,</strong></span> <span class='ocrx_word' id='word_1_129' title='bbox 2451 960 2811 1016; x_wconf 81' lang='lat' dir='ltr'><strong>extranearum</strong></span> <span class='ocrx_word' id='word_1_130' title='bbox 2839 965 3110 1018; x_wconf 88' lang='lat' dir='ltr'><strong>mulierum</strong></span> <span class='ocrx_word' id='word_1_131' title='bbox 3136 962 3333 1031; x_wconf 72' lang='lat' dir='ltr'><strong>[extra-</strong></span> 
     </span>
    </p>
   </div>
   <div class='ocr_carea' id='block_1_25' title="bbox 1831 1046 3338 1118">
    <p class='ocr_par' dir='ltr' id='par_1_25' title="bbox 1831 1046 3338 1118">
     <span class='ocr_line' id='line_1_25' title="bbox 1831 1046 3338 1118; baseline -0.002 -17"><span class='ocrx_word' id='word_1_132' title='bbox 1831 1064 1942 1102; x_wconf 69' lang='lat' dir='ltr'><strong>nea:</strong></span> <span class='ocrx_word' id='word_1_133' title='bbox 1981 1049 2204 1118; x_wconf 83' lang='lat' dir='ltr'><strong>mulieri]</strong></span> <span class='ocrx_word' id='word_1_134' title='bbox 2254 1048 2606 1101; x_wconf 77' lang='lat' dir='ltr'><strong>familiaritate</strong></span> <span class='ocrx_word' id='word_1_135' title='bbox 2642 1047 2889 1116; x_wconf 76' lang='lat' dir='ltr'><strong>jungatur</strong></span> <span class='ocrx_word' id='word_1_136' title='bbox 2939 1065 3033 1116; x_wconf 89' lang='lat' dir='ltr'><strong>pro</strong></span> <span class='ocrx_word' id='word_1_137' title='bbox 3080 1046 3338 1116; x_wconf 81' lang='lat' dir='ltr'><strong>[qualibet</strong></span> 
     </span>
    </p>
   </div>
   <div class='ocr_carea' id='block_1_26' title="bbox 1833 1136 2811 1206">
    <p class='ocr_par' dir='ltr' id='par_1_26' title="bbox 1833 1136 2811 1206">
     <span class='ocr_line' id='line_1_26' title="bbox 1833 1136 2811 1206; baseline -0.001 -16"><span class='ocrx_word' id='word_1_138' title='bbox 1833 1137 2178 1190; x_wconf 88' lang='lat' dir='ltr'><strong>consolatione</strong></span> <span class='ocrx_word' id='word_1_139' title='bbox 2199 1136 2271 1206; x_wconf 91' lang='lat' dir='ltr'><strong>et]</strong></span> <span class='ocrx_word' id='word_1_140' title='bbox 2301 1151 2606 1203; x_wconf 84' lang='lat' dir='ltr'><strong>quacunque</strong></span> <span class='ocrx_word' id='word_1_141' title='bbox 2637 1152 2811 1190; x_wconf 87' lang='lat' dir='ltr'><strong>causa.</strong></span> 
     </span>
    </p>
   </div>
   <div class='ocr_carea' id='block_1_27' title="bbox 2133 1224 3038 1291">
    <p class='ocr_par' dir='ltr' id='par_1_27' title="bbox 2133 1224 3038 1291">
     <span class='ocr_line' id='line_1_27' title="bbox 2133 1224 3038 1291; baseline -0.002 -14"><span class='ocrx_word' id='word_1_142' title='bbox 2133 1224 2307 1277; x_wconf 84' lang='lat' dir='ltr'><strong>Canon</strong></span> <span class='ocrx_word' id='word_1_143' title='bbox 2336 1224 2730 1287; x_wconf 77' lang='lat' dir='ltr'><strong>Aurelianensis,</strong></span> <span class='ocrx_word' id='word_1_144' title='bbox 2758 1241 2866 1291; x_wconf 86' lang='lat' dir='ltr'><strong>cap.</strong></span> <span class='ocrx_word' id='word_1_145' title='bbox 2901 1227 2964 1280; x_wconf 76' lang='grc'><strong>15</strong></span> <span class='ocrx_word' id='word_1_146' title='bbox 2997 1227 3038 1275; x_wconf 71' lang='grc' dir='ltr'><strong>ί.</strong></span> 
     </span>
    </p>
   </div>
   <div class='ocr_carea' id='block_1_28' title="bbox 1900 1307 3341 1378">
    <p class='ocr_par' dir='ltr' id='par_1_28' title="bbox 1900 1307 3341 1378">
     <span class='ocr_line' id='line_1_28' title="bbox 1900 1307 3341 1378; baseline -0.004 -13"><span class='ocrx_word' id='word_1_147' title='bbox 1900 1311 2074 1365; x_wconf 74' lang='lat' dir='ltr'><strong>Servis</strong></span> <span class='ocrx_word' id='word_1_148' title='bbox 2099 1313 2332 1365; x_wconf 70' lang='lat' dir='ltr'><strong>ecclesia:</strong></span> <span class='ocrx_word' id='word_1_149' title='bbox 2360 1319 2414 1365; x_wconf 90' lang='lat' dir='ltr'><strong>et</strong></span> <span class='ocrx_word' id='word_1_150' title='bbox 2454 1313 2775 1366; x_wconf 77' lang='lat' dir='ltr'><strong>sacerdotum</strong></span> <span class='ocrx_word' id='word_1_151' title='bbox 2804 1310 3004 1378; x_wconf 69' lang='lat' dir='ltr'><strong>praedas</strong></span> <span class='ocrx_word' id='word_1_152' title='bbox 3045 1317 3097 1361; x_wconf 86' lang='lat' dir='ltr'><strong>et</strong></span> <span class='ocrx_word' id='word_1_153' title='bbox 3125 1307 3341 1375; x_wconf 76' lang='lat' dir='ltr'><strong>captivi-</strong></span> 
     </span>
    </p>
   </div>
   <div class='ocr_carea' id='block_1_29' title="bbox 1832 1391 3341 1468">
    <p class='ocr_par' dir='ltr' id='par_1_29' title="bbox 1832 1391 3341 1468">
     <span class='ocr_line' id='line_1_29' title="bbox 1832 1391 3341 1468; baseline -0.004 -18"><span class='ocrx_word' id='word_1_154' title='bbox 1832 1405 1966 1451; x_wconf 89' lang='lat' dir='ltr'><strong>tates</strong></span> <span class='ocrx_word' id='word_1_155' title='bbox 1991 1412 2237 1451; x_wconf 79' lang='lat' dir='ltr'><strong>exercere</strong></span> <span class='ocrx_word' id='word_1_156' title='bbox 2275 1413 2376 1451; x_wconf 92' lang='lat' dir='ltr'><strong>non</strong></span> <span class='ocrx_word' id='word_1_157' title='bbox 2406 1399 2576 1450; x_wconf 89' lang='lat' dir='ltr'><strong>liceat.</strong></span> <span class='ocrx_word' id='word_1_158' title='bbox 2612 1398 2764 1468; x_wconf 81' lang='lat' dir='ltr'><strong>(Add.</strong></span> <span class='ocrx_word' id='word_1_159' title='bbox 2789 1407 2834 1450; x_wconf 87' lang='lat' dir='ltr'><strong>et</strong></span> <span class='ocrx_word' id='word_1_160' title='bbox 2866 1413 2970 1450; x_wconf 83' lang='lat' dir='ltr'><strong>var.</strong></span> <span class='ocrx_word' id='word_1_161' title='bbox 3001 1397 3053 1447; x_wconf 70' lang='lat' dir='ltr'><strong>in</strong></span> <span class='ocrx_word' id='word_1_162' title='bbox 3073 1395 3212 1464; x_wconf 88' lang='lat' dir='ltr'><strong>edd.)</strong></span> <span class='ocrx_word' id='word_1_163' title='bbox 3239 1391 3341 1447; x_wconf 85' lang='lat' dir='ltr'><strong>Sed</strong></span> 
     </span>
    </p>
   </div>
   <div class='ocr_carea' id='block_1_30' title="bbox 1827 1482 3343 1551">
    <p class='ocr_par' dir='ltr' id='par_1_30' title="bbox 1827 1482 3343 1551">
     <span class='ocr_line' id='line_1_30' title="bbox 1827 1482 3343 1551; baseline -0.004 -16"><span class='ocrx_word' id='word_1_164' title='bbox 1827 1482 2024 1548; x_wconf 89' lang='lat' dir='ltr'><strong>justum</strong></span> <span class='ocrx_word' id='word_1_165' title='bbox 2049 1490 2148 1545; x_wconf 89' lang='lat' dir='ltr'><strong>est,</strong></span> <span class='ocrx_word' id='word_1_166' title='bbox 2176 1491 2232 1534; x_wconf 88' lang='lat' dir='ltr'><strong>ut</strong></span> <span class='ocrx_word' id='word_1_167' title='bbox 2260 1498 2439 1535; x_wconf 89' lang='lat' dir='ltr'><strong>eorum</strong></span> <span class='ocrx_word' id='word_1_168' title='bbox 2457 1484 2661 1545; x_wconf 84' lang='lat' dir='ltr'><strong>domini</strong></span> <span class='ocrx_word' id='word_1_169' title='bbox 2691 1483 3054 1551; x_wconf 80' lang='lat' dir='ltr'><strong>redemptionis</strong></span> <span class='ocrx_word' id='word_1_170' title='bbox 3080 1482 3343 1550; x_wconf 68' lang='lat' dir='ltr'><strong>praebeant</strong></span> 
     </span>
    </p>
   </div>
   <div class='ocr_carea' id='block_1_31' title="bbox 1833 1572 2872 1642">
    <p class='ocr_par' dir='ltr' id='par_1_31' title="bbox 1833 1572 2872 1642">
     <span class='ocr_line' id='line_1_31' title="bbox 1833 1572 2872 1642; baseline -0.005 -17"><span class='ocrx_word' id='word_1_171' title='bbox 1833 1572 2155 1642; x_wconf 70' lang='lat' dir='ltr'><strong>suffragium.</strong></span> <span class='ocrx_word' id='word_1_172' title='bbox 2868 1589 2872 1592; x_wconf 91' lang='grc'><strong>·</strong></span> 
     </span>
    </p>
   </div>
   <div class='ocr_carea' id='block_1_32' title="bbox 2169 1656 2999 1720">
    <p class='ocr_par' dir='ltr' id='par_1_32' title="bbox 2169 1656 2999 1720">
     <span class='ocr_line' id='line_1_32' title="bbox 2169 1656 2999 1720; baseline -0.005 -10"><span class='ocrx_word' id='word_1_173' title='bbox 2169 1656 2342 1710; x_wconf 84' lang='lat' dir='ltr'><strong>Canon</strong></span> <span class='ocrx_word' id='word_1_174' title='bbox 2369 1656 2706 1720; x_wconf 81' lang='lat' dir='ltr'><strong>Laodicensis,</strong></span> <span class='ocrx_word' id='word_1_175' title='bbox 2737 1673 2837 1710; x_wconf 78' lang='lat' dir='ltr'><strong>tera</strong></span> <span class='ocrx_word' id='word_1_176' title='bbox 2863 1656 2926 1710; x_wconf 78' lang='grc'><strong>10</strong></span> <span class='ocrx_word' id='word_1_177' title='bbox 2956 1656 2999 1706; x_wconf 76' lang='lat' dir='ltr'><strong>i.</strong></span> 
     </span>
    </p>
   </div>
   <div class='ocr_carea' id='block_1_33' title="bbox 1904 1740 3345 1812">
    <p class='ocr_par' dir='ltr' id='par_1_33' title="bbox 1904 1740 3345 1812">
     <span class='ocr_line' id='line_1_33' title="bbox 1904 1740 3345 1812; baseline -0.003 -16"><span class='ocrx_word' id='word_1_178' title='bbox 1904 1745 1928 1783; x_wconf 71' lang='grc' dir='ltr'><strong>ι</strong></span> <span class='ocrx_word' id='word_1_179' title='bbox 1959 1744 2070 1798; x_wconf 86' lang='lat' dir='ltr'><strong>Non</strong></span> <span class='ocrx_word' id='word_1_180' title='bbox 2099 1752 2179 1798; x_wconf 89' lang='lat' dir='ltr'><strong>est</strong></span> <span class='ocrx_word' id='word_1_181' title='bbox 2202 1743 2404 1812; x_wconf 86' lang='lat' dir='ltr'><strong>populis</strong></span> <span class='ocrx_word' id='word_1_182' title='bbox 2431 1744 2814 1799; x_wconf 88' lang='lat' dir='ltr'><strong>concedendum</strong></span> <span class='ocrx_word' id='word_1_183' title='bbox 2841 1743 3145 1796; x_wconf 86' lang='lat' dir='ltr'><strong>electionem</strong></span> <span class='ocrx_word' id='word_1_184' title='bbox 3173 1740 3345 1794; x_wconf 83' lang='lat' dir='ltr'><strong>facere</strong></span> 
     </span>
    </p>
   </div>
   <div class='ocr_carea' id='block_1_34' title="bbox 221 1827 3344 1908">
    <p class='ocr_par' dir='ltr' id='par_1_34' title="bbox 221 1827 3344 1908">
     <span class='ocr_line' id='line_1_34' title="bbox 221 1827 3344 1908; baseline -0.003 -17"><span class='ocrx_word' id='word_1_185' title='bbox 221 1840 546 1905; x_wconf 82' lang='lat' dir='ltr'><strong>rcptionibus</strong></span> <span class='ocrx_word' id='word_1_186' title='bbox 567 1855 684 1892; x_wconf 90' lang='lat' dir='ltr'><strong>eum</strong></span> <span class='ocrx_word' id='word_1_187' title='bbox 706 1841 948 1908; x_wconf 77' lang='lat' dir='ltr'><strong>corrigat.</strong></span> <span class='ocrx_word' id='word_1_188' title='bbox 973 1839 1119 1905; x_wconf 86' lang='lat' dir='ltr'><strong>Quod</strong></span> <span class='ocrx_word' id='word_1_189' title='bbox 1146 1841 1188 1891; x_wconf 91' lang='lat' dir='ltr'><strong>si</strong></span> <span class='ocrx_word' id='word_1_190' title='bbox 1208 1841 1488 1906; x_wconf 81' lang='lat' dir='ltr'><strong>castigatus</strong></span> <span class='ocrx_word' id='word_1_191' title='bbox 1515 1840 1738 1906; x_wconf 85' lang='lat' dir='ltr'><strong>pertina-</strong></span> <span class='ocrx_word' id='word_1_192' title='bbox 1767 1827 1812 1884; x_wconf 81' lang='grc' dir='ltr'><strong>Β</strong></span> <span class='ocrx_word' id='word_1_193' title='bbox 1840 1846 2020 1885; x_wconf 91' lang='lat' dir='ltr'><strong>eorum</strong></span> <span class='ocrx_word' id='word_1_194' title='bbox 2047 1833 2135 1898; x_wconf 89' lang='lat' dir='ltr'><strong>qui</strong></span> <span class='ocrx_word' id='word_1_195' title='bbox 2155 1833 2332 1885; x_wconf 88' lang='lat' dir='ltr'><strong>altaris</strong></span> <span class='ocrx_word' id='word_1_196' title='bbox 2359 1833 2648 1886; x_wconf 88' lang='lat' dir='ltr'><strong>ministerio</strong></span> <span class='ocrx_word' id='word_1_197' title='bbox 2691 1841 2810 1885; x_wconf 89' lang='lat' dir='ltr'><strong>sunt</strong></span> <span class='ocrx_word' id='word_1_198' title='bbox 2851 1831 3161 1898; x_wconf 83' lang='lat' dir='ltr'><strong>applicandi.</strong></span> <span class='ocrx_word' id='word_1_199' title='bbox 3194 1829 3344 1898; x_wconf 86' lang='lat' dir='ltr'><strong>(Can.</strong></span> 
     </span>
    </p>
   </div>
   <div class='ocr_carea' id='block_1_35' title="bbox 221 1923 1737 1994">
    <p class='ocr_par' dir='ltr' id='par_1_35' title="bbox 221 1923 1737 1994">
     <span class='ocr_line' id='line_1_35' title="bbox 221 1923 1737 1994; baseline 0.001 -18"><span class='ocrx_word' id='word_1_200' title='bbox 221 1940 328 1977; x_wconf 70' lang='grc' dir='ltr'>εποι-</span> <span class='ocrx_word' id='word_1_201' title='bbox 370 1924 552 1987; x_wconf 86' lang='lat' dir='ltr'><strong>fuerit,</strong></span> <span class='ocrx_word' id='word_1_202' title='bbox 584 1933 636 1977; x_wconf 87' lang='lat' dir='ltr'><strong>et</strong></span> <span class='ocrx_word' id='word_1_203' title='bbox 680 1940 735 1979; x_wconf 88' lang='lat' dir='ltr'><strong>se</strong></span> <span class='ocrx_word' id='word_1_204' title='bbox 765 1925 1112 1978; x_wconf 83' lang='lat' dir='ltr'><strong>communioni</strong></span> <span class='ocrx_word' id='word_1_205' title='bbox 1144 1923 1403 1994; x_wconf 81' lang='lat' dir='ltr'><strong>[publicae]</strong></span> <span class='ocrx_word' id='word_1_206' title='bbox 1434 1927 1737 1993; x_wconf 78' lang='lat' dir='ltr'><strong>ingesserit;</strong></span> 
     </span>
    </p>
   </div>
   <div class='ocr_carea' id='block_1_36' title="bbox 221 2014 1744 2082">
    <p class='ocr_par' dir='ltr' id='par_1_36' title="bbox 221 2014 1744 2082">
     <span class='ocr_line' id='line_1_36' title="bbox 221 2014 1744 2082; baseline 0 -16"><span class='ocrx_word' id='word_1_207' title='bbox 221 2015 422 2066; x_wconf 81' lang='lat' dir='ltr'><strong>etiamsi</strong></span> <span class='ocrx_word' id='word_1_208' title='bbox 454 2016 728 2082; x_wconf 83' lang='lat' dir='ltr'><strong>episcopus</strong></span> <span class='ocrx_word' id='word_1_209' title='bbox 761 2016 810 2067; x_wconf 93' lang='lat' dir='ltr'><strong>in</strong></span> <span class='ocrx_word' id='word_1_210' title='bbox 857 2014 1212 2082; x_wconf 79' lang='lat' dir='ltr'><strong>redarguendo</strong></span> <span class='ocrx_word' id='word_1_211' title='bbox 1242 2014 1382 2067; x_wconf 85' lang='lat' dir='ltr'><strong>illum</strong></span> <span class='ocrx_word' id='word_1_212' title='bbox 1410 2030 1562 2082; x_wconf 90' lang='lat' dir='ltr'><strong>quem</strong></span> <span class='ocrx_word' id='word_1_213' title='bbox 1596 2029 1744 2067; x_wconf 91' lang='lat' dir='ltr'><strong>reum</strong></span> 
     </span>
    </p>
   </div>
   <div class='ocr_carea' id='block_1_37' title="bbox 221 2101 1743 2170">
    <p class='ocr_par' dir='ltr' id='par_1_37' title="bbox 221 2101 1743 2170">
     <span class='ocr_line' id='line_1_37' title="bbox 221 2101 1743 2170; baseline 0.003 -18"><span class='ocrx_word' id='word_1_214' title='bbox 221 2102 431 2170; x_wconf 77' lang='lat' dir='ltr'><strong>iudicat,</strong></span> <span class='ocrx_word' id='word_1_215' title='bbox 464 2103 853 2167; x_wconf 76' lang='lat' dir='ltr'><strong>probationibus</strong></span> <span class='ocrx_word' id='word_1_216' title='bbox 877 2101 1082 2155; x_wconf 83' lang='lat' dir='ltr'><strong>deﬁciat</strong></span> <span class='ocrx_word' id='word_1_217' title='bbox 1111 2119 1124 2154; x_wconf 88' lang='lat'><strong>:</strong></span> <span class='ocrx_word' id='word_1_218' title='bbox 1153 2103 1482 2157; x_wconf 78' lang='lat' dir='ltr'><strong>indemnatus</strong></span> <span class='ocrx_word' id='word_1_219' title='bbox 1510 2102 1650 2164; x_wconf 87' lang='lat' dir='ltr'><strong>licet,</strong></span> <span class='ocrx_word' id='word_1_220' title='bbox 1679 2104 1743 2156; x_wconf 85' lang='lat' dir='ltr'><strong>ab</strong></span> 
     </span>
    </p>
   </div>
   <div class='ocr_carea' id='block_1_38' title="bbox 224 2185 1742 2256">
    <p class='ocr_par' dir='ltr' id='par_1_38' title="bbox 224 2185 1742 2256">
     <span class='ocr_line' id='line_1_38' title="bbox 224 2185 1742 2256; baseline 0 -16"><span class='ocrx_word' id='word_1_221' title='bbox 224 2189 301 2240; x_wconf 86' lang='lat' dir='ltr'><strong>his</strong></span> <span class='ocrx_word' id='word_1_222' title='bbox 328 2189 416 2254; x_wconf 88' lang='lat' dir='ltr'><strong>qui</strong></span> <span class='ocrx_word' id='word_1_223' title='bbox 449 2189 574 2240; x_wconf 86' lang='lat' dir='ltr'><strong>nihil</strong></span> <span class='ocrx_word' id='word_1_224' title='bbox 605 2190 774 2241; x_wconf 89' lang='lat' dir='ltr'><strong>sciunt</strong></span> <span class='ocrx_word' id='word_1_225' title='bbox 799 2189 1040 2241; x_wconf 89' lang='lat' dir='ltr'><strong>secedere</strong></span> <span class='ocrx_word' id='word_1_226' title='bbox 1068 2185 1132 2240; x_wconf 89' lang='lat' dir='ltr'><strong>ad</strong></span> <span class='ocrx_word' id='word_1_227' title='bbox 1169 2197 1369 2256; x_wconf 85' lang='lat' dir='ltr'><strong>tempus</strong></span> <span class='ocrx_word' id='word_1_228' title='bbox 1403 2203 1496 2255; x_wconf 90' lang='lat' dir='ltr'><strong>pro</strong></span> <span class='ocrx_word' id='word_1_229' title='bbox 1522 2203 1742 2254; x_wconf 88' lang='lat' dir='ltr'><strong>persona</strong></span> 
     </span>
    </p>
   </div>
   <div class='ocr_carea' id='block_1_39' title="bbox 222 2273 1744 2340">
    <p class='ocr_par' dir='ltr' id='par_1_39' title="bbox 222 2273 1744 2340">
     <span class='ocr_line' id='line_1_39' title="bbox 222 2273 1744 2340; baseline -0.001 -14"><span class='ocrx_word' id='word_1_230' title='bbox 222 2273 434 2338; x_wconf 78' lang='lat' dir='ltr'><strong>majoris</strong></span> <span class='ocrx_word' id='word_1_231' title='bbox 463 2275 791 2327; x_wconf 82' lang='lat' dir='ltr'><strong>auctoritatis</strong></span> <span class='ocrx_word' id='word_1_232' title='bbox 829 2273 1092 2339; x_wconf 88' lang='lat' dir='ltr'><strong>jubeatur,</strong></span> <span class='ocrx_word' id='word_1_233' title='bbox 1133 2273 1236 2336; x_wconf 90' lang='lat' dir='ltr'><strong>illo,</strong></span> <span class='ocrx_word' id='word_1_234' title='bbox 1267 2274 1496 2340; x_wconf 78' lang='lat' dir='ltr'><strong>quandiu</strong></span> <span class='ocrx_word' id='word_1_235' title='bbox 1523 2274 1744 2340; x_wconf 89' lang='lat' dir='ltr'><strong>probare</strong></span> 
     </span>
    </p>
   </div>
   <div class='ocr_carea' id='block_1_40' title="bbox 222 2360 1741 2429">
    <p class='ocr_par' dir='ltr' id='par_1_40' title="bbox 222 2360 1741 2429">
     <span class='ocr_line' id='line_1_40' title="bbox 222 2360 1741 2429; baseline -0.003 -15"><span class='ocrx_word' id='word_1_236' title='bbox 222 2362 498 2429; x_wconf 82' lang='lat' dir='ltr'><strong>episc0pus</strong></span> <span class='ocrx_word' id='word_1_237' title='bbox 551 2363 677 2413; x_wconf 80' lang='lat' dir='ltr'><strong>nihil</strong></span> <span class='ocrx_word' id='word_1_238' title='bbox 727 2369 926 2427; x_wconf 87' lang='lat' dir='ltr'><strong>potest,</strong></span> <span class='ocrx_word' id='word_1_239' title='bbox 973 2360 1023 2412; x_wconf 91' lang='lat' dir='ltr'><strong>in</strong></span> <span class='ocrx_word' id='word_1_240' title='bbox 1068 2361 1431 2413; x_wconf 84' lang='lat' dir='ltr'><strong>communione</strong></span> <span class='ocrx_word' id='word_1_241' title='bbox 1481 2361 1741 2420; x_wconf 91' lang='lat' dir='ltr'><strong>omnium,</strong></span> 
     </span>
    </p>
   </div>
   <div class='ocr_carea' id='block_1_41' title="bbox 221 2445 1745 2517">
    <p class='ocr_par' dir='ltr' id='par_1_41' title="bbox 221 2445 1745 2517">
     <span class='ocr_line' id='line_1_41' title="bbox 221 2445 1745 2517; baseline -0.003 -17"><span class='ocrx_word' id='word_1_242' title='bbox 221 2459 572 2517; x_wconf 61' lang='lat' dir='ltr'><strong>praeterquam</strong></span> <span class='ocrx_word' id='word_1_243' title='bbox 605 2448 718 2514; x_wconf 82' lang='lat' dir='ltr'><strong>ejus</strong></span> <span class='ocrx_word' id='word_1_244' title='bbox 772 2448 859 2515; x_wconf 88' lang='lat' dir='ltr'><strong>qui</strong></span> <span class='ocrx_word' id='word_1_245' title='bbox 911 2461 1030 2510; x_wconf 86' lang='lat' dir='ltr'><strong>eum</strong></span> <span class='ocrx_word' id='word_1_246' title='bbox 1081 2461 1226 2498; x_wconf 88' lang='lat' dir='ltr'><strong>reum</strong></span> <span class='ocrx_word' id='word_1_247' title='bbox 1275 2445 1502 2512; x_wconf 88' lang='lat' dir='ltr'><strong>judicat,</strong></span> <span class='ocrx_word' id='word_1_248' title='bbox 1540 2459 1745 2513; x_wconf 86' lang='lat' dir='ltr'><strong>perma-</strong></span> 
     </span>
    </p>
   </div>
   <div class='ocr_carea' id='block_1_42' title="bbox 225 2543 398 2588">
    <p class='ocr_par' dir='ltr' id='par_1_42' title="bbox 225 2543 398 2588">
     <span class='ocr_line' id='line_1_42' title="bbox 225 2543 398 2588; baseline -0.006 -1"><span class='ocrx_word' id='word_1_249' title='bbox 225 2543 398 2588; x_wconf 86' lang='lat' dir='ltr'><strong>nente.</strong></span> 
     </span>
    </p>
   </div>
   <div class='ocr_carea' id='block_1_43' title="bbox 501 2617 1471 2682">
    <p class='ocr_par' dir='ltr' id='par_1_43' title="bbox 501 2617 1471 2682">
     <span class='ocr_line' id='line_1_43' title="bbox 501 2617 1471 2682; baseline 0 -10"><span class='ocrx_word' id='word_1_250' title='bbox 501 2621 677 2672; x_wconf 80' lang='lat' dir='ltr'><strong>Canou</strong></span> <span class='ocrx_word' id='word_1_251' title='bbox 714 2619 1088 2672; x_wconf 79' lang='lat' dir='ltr'><strong>Aurelianensis</strong></span> <span class='ocrx_word' id='word_1_252' title='bbox 1119 2630 1140 2658; x_wconf 70' lang='grc' dir='ltr'>θ</span> <span class='ocrx_word' id='word_1_253' title='bbox 1165 2618 1219 2682; x_wconf 76' lang='grc'><strong>2,</strong></span> <span class='ocrx_word' id='word_1_254' title='bbox 1250 2635 1354 2673; x_wconf 65' lang='lat' dir='ltr'><strong>aera</strong></span> <span class='ocrx_word' id='word_1_255' title='bbox 1386 2617 1471 2672; x_wconf 76' lang='grc'>56.</span> 
     </span>
    </p>
   </div>
   <div class='ocr_carea' id='block_1_44' title="bbox 292 2699 1746 2780">
    <p class='ocr_par' dir='ltr' id='par_1_44' title="bbox 292 2699 1746 2780">
     <span class='ocr_line' id='line_1_44' title="bbox 292 2699 1746 2780; baseline -0.001 -19"><span class='ocrx_word' id='word_1_256' title='bbox 292 2707 347 2761; x_wconf 86' lang='lat' dir='ltr'><strong>Si</strong></span> <span class='ocrx_word' id='word_1_257' title='bbox 375 2709 651 2780; x_wconf 84' lang='lat' dir='ltr'><strong>episcopus</strong></span> <span class='ocrx_word' id='word_1_258' title='bbox 677 2710 741 2762; x_wconf 86' lang='lat' dir='ltr'><strong>ad</strong></span> <span class='ocrx_word' id='word_1_259' title='bbox 764 2709 960 2762; x_wconf 90' lang='lat' dir='ltr'><strong>elerum</strong></span> <span class='ocrx_word' id='word_1_260' title='bbox 984 2709 1199 2762; x_wconf 87' lang='lat' dir='ltr'><strong>alterius</strong></span> <span class='ocrx_word' id='word_1_261' title='bbox 1223 2708 1467 2762; x_wconf 61' lang='lat' dir='ltr'><strong>Ecclesia</strong></span> <span class='ocrx_word' id='word_1_262' title='bbox 1495 2708 1558 2762; x_wconf 88' lang='lat' dir='ltr'><strong>de</strong></span> <span class='ocrx_word' id='word_1_263' title='bbox 1581 2699 1746 2760; x_wconf 78' lang='lat' dir='ltr'><strong>facul-</strong></span> 
     </span>
    </p>
   </div>
   <div class='ocr_carea' id='block_1_45' title="bbox 216 2797 1506 2870">
    <p class='ocr_par' dir='ltr' id='par_1_45' title="bbox 216 2797 1506 2870">
     <span class='ocr_line' id='line_1_45' title="bbox 216 2797 1506 2870; baseline 0 -21"><span class='ocrx_word' id='word_1_264' title='bbox 216 2797 422 2870; x_wconf 68' lang='lat' dir='ltr'><strong>tatibus</strong></span> <span class='ocrx_word' id='word_1_265' title='bbox 451 2813 559 2850; x_wconf 77' lang='lat' dir='ltr'><strong>sua:</strong></span> <span class='ocrx_word' id='word_1_266' title='bbox 588 2798 832 2852; x_wconf 70' lang='lat' dir='ltr'><strong>Ecclesiae</strong></span> <span class='ocrx_word' id='word_1_267' title='bbox 852 2799 1140 2859; x_wconf 77' lang='lat' dir='ltr'><strong>donaverit,</strong></span> <span class='ocrx_word' id='word_1_268' title='bbox 1167 2813 1269 2852; x_wconf 91' lang='lat' dir='ltr'><strong>non</strong></span> <span class='ocrx_word' id='word_1_269' title='bbox 1291 2798 1506 2850; x_wconf 79' lang='lat' dir='ltr'><strong>valebit.-</strong></span> 
     </span>
    </p>
   </div>
   <div class='ocr_carea' id='block_1_46' title="bbox 365 2882 1556 2954">
    <p class='ocr_par' dir='ltr' id='par_1_46' title="bbox 365 2882 1556 2954">
     <span class='ocr_line' id='line_1_46' title="bbox 365 2882 1556 2954; baseline 0.002 -20"><span class='ocrx_word' id='word_1_270' title='bbox 365 2882 545 2936; x_wconf 84' lang='lat' dir='ltr'><strong>Canon</strong></span> <span class='ocrx_word' id='word_1_271' title='bbox 580 2883 1015 2947; x_wconf 76' lang='lat' dir='ltr'><strong>Chalcedonensis,</strong></span> <span class='ocrx_word' id='word_1_272' title='bbox 1045 2901 1148 2938; x_wconf 72' lang='lat' dir='ltr'><strong>tera</strong></span> <span class='ocrx_word' id='word_1_273' title='bbox 1173 2885 1240 2937; x_wconf 74' lang='lat'><strong>25</strong></span> <span class='ocrx_word' id='word_1_274' title='bbox 1267 2883 1415 2953; x_wconf 67' lang='lat' dir='ltr'><strong>[Cum</strong></span> <span class='ocrx_word' id='word_1_275' title='bbox 1447 2884 1556 2954; x_wconf 71' lang='lat'><strong>26].</strong></span> 
     </span>
    </p>
   </div>
   <div class='ocr_carea' id='block_1_47' title="bbox 303 2971 1746 3040">
    <p class='ocr_par' dir='ltr' id='par_1_47' title="bbox 303 2971 1746 3040">
     <span class='ocr_line' id='line_1_47' title="bbox 303 2971 1746 3040; baseline 0 -16"><span class='ocrx_word' id='word_1_276' title='bbox 303 2971 562 3034; x_wconf 68' lang='lat' dir='ltr'><strong>tPlacuit,</strong></span> <span class='ocrx_word' id='word_1_277' title='bbox 585 2987 790 3025; x_wconf 89' lang='lat' dir='ltr'><strong>omnem</strong></span> <span class='ocrx_word' id='word_1_278' title='bbox 810 2971 1094 3028; x_wconf 79' lang='lat' dir='ltr'><strong>Ecclesiam</strong></span> <span class='ocrx_word' id='word_1_279' title='bbox 1127 2973 1402 3026; x_wconf 85' lang='lat' dir='ltr'><strong>habentem</strong></span> <span class='ocrx_word' id='word_1_280' title='bbox 1427 2973 1746 3040; x_wconf 82' lang='lat' dir='ltr'><strong>episcopum,</strong></span> 
     </span>
    </p>
   </div>
   <div class='ocr_carea' id='block_1_48' title="bbox 233 3062 1750 3129">
    <p class='ocr_par' dir='ltr' id='par_1_48' title="bbox 233 3062 1750 3129">
     <span class='ocr_line' id='line_1_48' title="bbox 233 3062 1750 3129; baseline 0.001 -17"><span class='ocrx_word' id='word_1_281' title='bbox 233 3069 282 3112; x_wconf 89' lang='lat' dir='ltr'><strong>et</strong></span> <span class='ocrx_word' id='word_1_282' title='bbox 305 3077 633 3115; x_wconf 67' lang='lat' dir='ltr'><strong>meononmm</strong></span> <span class='ocrx_word' id='word_1_283' title='bbox 664 3063 855 3116; x_wconf 91' lang='lat' dir='ltr'><strong>habere</strong></span> <span class='ocrx_word' id='word_1_284' title='bbox 877 3064 938 3116; x_wconf 89' lang='lat' dir='ltr'><strong>de</strong></span> <span class='ocrx_word' id='word_1_285' title='bbox 960 3077 1053 3116; x_wconf 88' lang='lat' dir='ltr'><strong>suo</strong></span> <span class='ocrx_word' id='word_1_286' title='bbox 1078 3062 1216 3115; x_wconf 87' lang='lat' dir='ltr'><strong>clero</strong></span> <span class='ocrx_word' id='word_1_287' title='bbox 1241 3062 1625 3129; x_wconf 90' lang='lat' dir='ltr'><strong>dispensantem</strong></span> <span class='ocrx_word' id='word_1_288' title='bbox 1657 3062 1750 3114; x_wconf 88' lang='lat' dir='ltr'><strong>Ec-</strong></span> 
     </span>
    </p>
   </div>
   <div class='ocr_carea' id='block_1_49' title="bbox 234 3149 1748 3216">
    <p class='ocr_par' dir='ltr' id='par_1_49' title="bbox 234 3149 1748 3216">
     <span class='ocr_line' id='line_1_49' title="bbox 234 3149 1748 3216; baseline -0.001 -14"><span class='ocrx_word' id='word_1_289' title='bbox 234 3150 402 3202; x_wconf 63' lang='lat' dir='ltr'><strong>clesiae</strong></span> <span class='ocrx_word' id='word_1_290' title='bbox 437 3163 521 3202; x_wconf 89' lang='lat' dir='ltr'><strong>res</strong></span> <span class='ocrx_word' id='word_1_291' title='bbox 559 3151 840 3203; x_wconf 89' lang='lat' dir='ltr'><strong>secundum</strong></span> <span class='ocrx_word' id='word_1_292' title='bbox 878 3151 1255 3204; x_wconf 88' lang='lat' dir='ltr'><strong>ordinationem</strong></span> <span class='ocrx_word' id='word_1_293' title='bbox 1295 3149 1372 3202; x_wconf 92' lang='lat' dir='ltr'><strong>sui</strong></span> <span class='ocrx_word' id='word_1_294' title='bbox 1410 3149 1660 3216; x_wconf 87' lang='lat' dir='ltr'><strong>episcopi,</strong></span> <span class='ocrx_word' id='word_1_295' title='bbox 1694 3156 1748 3200; x_wconf 89' lang='lat' dir='ltr'><strong>ut</strong></span> 
     </span>
    </p>
   </div>
   <div class='ocr_carea' id='block_1_50' title="bbox 233 3234 1749 3305">
    <p class='ocr_par' dir='ltr' id='par_1_50' title="bbox 233 3234 1749 3305">
     <span class='ocr_line' id='line_1_50' title="bbox 233 3234 1749 3305; baseline -0.003 -15"><span class='ocrx_word' id='word_1_296' title='bbox 233 3251 296 3290; x_wconf 90' lang='lat' dir='ltr'><strong>ne</strong></span> <span class='ocrx_word' id='word_1_297' title='bbox 320 3239 433 3290; x_wconf 90' lang='lat' dir='ltr'><strong>sine</strong></span> <span class='ocrx_word' id='word_1_298' title='bbox 468 3239 764 3291; x_wconf 88' lang='lat' dir='ltr'><strong>testimonio</strong></span> <span class='ocrx_word' id='word_1_299' title='bbox 809 3239 877 3290; x_wconf 87' lang='lat' dir='ltr'><strong>sit</strong></span> <span class='ocrx_word' id='word_1_300' title='bbox 901 3237 1217 3305; x_wconf 86' lang='lat' dir='ltr'><strong>dispensatio</strong></span> <span class='ocrx_word' id='word_1_301' title='bbox 1246 3235 1489 3288; x_wconf 68' lang='lat' dir='ltr'><strong>Ecclesiae</strong></span> <span class='ocrx_word' id='word_1_302' title='bbox 1518 3254 1528 3286; x_wconf 91' lang='lat'><strong><em>:</em></strong></span> <span class='ocrx_word' id='word_1_303' title='bbox 1560 3234 1614 3304; x_wconf 88' lang='lat' dir='ltr'><strong>Si</strong></span> <span class='ocrx_word' id='word_1_304' title='bbox 1641 3235 1749 3301; x_wconf 89' lang='lat' dir='ltr'><strong>epi-</strong></span> 
     </span>
    </p>
   </div>
   <div class='ocr_carea' id='block_1_51' title="bbox 233 3321 1748 3396">
    <p class='ocr_par' dir='ltr' id='par_1_51' title="bbox 233 3321 1748 3396">
     <span class='ocr_line' id='line_1_51' title="bbox 233 3321 1748 3396; baseline -0.004 -17"><span class='ocrx_word' id='word_1_305' title='bbox 233 3339 419 3394; x_wconf 77' lang='lat' dir='ltr'><strong>scopus</strong></span> <span class='ocrx_word' id='word_1_306' title='bbox 443 3327 553 3380; x_wconf 65' lang='lat' dir='ltr'><strong>haec</strong></span> <span class='ocrx_word' id='word_1_307' title='bbox 583 3327 866 3396; x_wconf 76' lang='lat' dir='ltr'><strong>neglexerit</strong></span> <span class='ocrx_word' id='word_1_308' title='bbox 893 3327 1103 3388; x_wconf 87' lang='lat' dir='ltr'><strong>habere,</strong></span> <span class='ocrx_word' id='word_1_309' title='bbox 1130 3321 1396 3389; x_wconf 87' lang='lat' dir='ltr'><strong>subjacere</strong></span> <span class='ocrx_word' id='word_1_310' title='bbox 1419 3337 1532 3376; x_wconf 89' lang='lat' dir='ltr'><strong>eum</strong></span> <span class='ocrx_word' id='word_1_311' title='bbox 1550 3323 1748 3375; x_wconf 75' lang='lat' dir='ltr'><strong>divinis</strong></span> 
     </span>
    </p>
   </div>
   <div class='ocr_carea' id='block_1_52' title="bbox 235 3413 502 3468">
    <p class='ocr_par' dir='ltr' id='par_1_52' title="bbox 235 3413 502 3468">
     <span class='ocr_line' id='line_1_52' title="bbox 235 3413 502 3468; baseline -0.004 -2"><span class='ocrx_word' id='word_1_312' title='bbox 235 3413 502 3468; x_wconf 84' lang='lat' dir='ltr'><strong>institutis.</strong></span> 
     </span>
    </p>
   </div>
   <div class='ocr_carea' id='block_1_53' title="bbox 574 3499 1405 3562">
    <p class='ocr_par' dir='ltr' id='par_1_53' title="bbox 574 3499 1405 3562">
     <span class='ocr_line' id='line_1_53' title="bbox 574 3499 1405 3562; baseline -0.002 -11"><span class='ocrx_word' id='word_1_313' title='bbox 574 3499 748 3552; x_wconf 82' lang='lat' dir='ltr'><strong>Canon</strong></span> <span class='ocrx_word' id='word_1_314' title='bbox 781 3500 1141 3562; x_wconf 81' lang='lat' dir='ltr'><strong>Romanorum,</strong></span> <span class='ocrx_word' id='word_1_315' title='bbox 1170 3516 1273 3551; x_wconf 67' lang='lat' dir='ltr'><strong>a’ra</strong></span> <span class='ocrx_word' id='word_1_316' title='bbox 1298 3499 1330 3550; x_wconf 83' lang='grc'><strong>5</strong></span> <span class='ocrx_word' id='word_1_317' title='bbox 1363 3503 1405 3549; x_wconf 73' lang='grc' dir='ltr'>ε.</span> 
     </span>
    </p>
   </div>
   <div class='ocr_carea' id='block_1_54' title="bbox 299 3587 1752 3656">
    <p class='ocr_par' dir='ltr' id='par_1_54' title="bbox 299 3587 1752 3656">
     <span class='ocr_line' id='line_1_54' title="bbox 299 3587 1752 3656; baseline 0 -16"><span class='ocrx_word' id='word_1_318' title='bbox 299 3587 514 3640; x_wconf 80' lang='lat' dir='ltr'><strong>Pascbae</strong></span> <span class='ocrx_word' id='word_1_319' title='bbox 540 3589 858 3656; x_wconf 84' lang='lat' dir='ltr'><strong>temporibus</strong></span> <span class='ocrx_word' id='word_1_320' title='bbox 886 3589 1170 3656; x_wconf 83' lang='lat' dir='ltr'><strong>presbyteri</strong></span> <span class='ocrx_word' id='word_1_321' title='bbox 1198 3597 1250 3641; x_wconf 89' lang='lat' dir='ltr'><strong>et</strong></span> <span class='ocrx_word' id='word_1_322' title='bbox 1284 3589 1516 3651; x_wconf 89' lang='lat' dir='ltr'><strong>diaconi,</strong></span> <span class='ocrx_word' id='word_1_323' title='bbox 1546 3603 1639 3656; x_wconf 90' lang='lat' dir='ltr'><strong>per</strong></span> <span class='ocrx_word' id='word_1_324' title='bbox 1663 3603 1752 3656; x_wconf 66' lang='lat' dir='ltr'><strong>p1-</strong></span> 
     </span>
    </p>
   </div>
   <div class='ocr_carea' id='block_1_55' title="bbox 237 3674 1754 3743">
    <p class='ocr_par' dir='ltr' id='par_1_55' title="bbox 237 3674 1754 3743">
     <span class='ocr_line' id='line_1_55' title="bbox 237 3674 1754 3743; baseline 0.003 -19"><span class='ocrx_word' id='word_1_325' title='bbox 237 3674 442 3726; x_wconf 85' lang='lat' dir='ltr'><strong>rochias</strong></span> <span class='ocrx_word' id='word_1_326' title='bbox 462 3675 584 3726; x_wconf 85' lang='lat' dir='ltr'><strong>dare</strong></span> <span class='ocrx_word' id='word_1_327' title='bbox 616 3675 971 3728; x_wconf 86' lang='lat' dir='ltr'><strong>remissionem</strong></span> <span class='ocrx_word' id='word_1_328' title='bbox 1002 3674 1182 3743; x_wconf 82' lang='lat' dir='ltr'><strong>(Edd.,</strong></span> <span class='ocrx_word' id='word_1_329' title='bbox 1210 3675 1362 3739; x_wconf 89' lang='lat' dir='ltr'><strong>male,</strong></span> <span class='ocrx_word' id='word_1_330' title='bbox 1391 3676 1754 3743; x_wconf 90' lang='lat' dir='ltr'><strong>repromissio-</strong></span> 
     </span>
    </p>
   </div>
   <div class='ocr_carea' id='block_1_56' title="bbox 239 3760 1754 3831">
    <p class='ocr_par' dir='ltr' id='par_1_56' title="bbox 239 3760 1754 3831">
     <span class='ocr_line' id='line_1_56' title="bbox 239 3760 1754 3831; baseline 0.001 -17"><span class='ocrx_word' id='word_1_331' title='bbox 239 3760 375 3831; x_wconf 88' lang='lat' dir='ltr'><strong>uem)</strong></span> <span class='ocrx_word' id='word_1_332' title='bbox 405 3771 758 3830; x_wconf 86' lang='lat' dir='ltr'><strong>peccatorum,</strong></span> <span class='ocrx_word' id='word_1_333' title='bbox 807 3771 858 3815; x_wconf 92' lang='lat' dir='ltr'><strong>et</strong></span> <span class='ocrx_word' id='word_1_334' title='bbox 886 3762 1231 3816; x_wconf 87' lang='lat' dir='ltr'><strong>ministerium</strong></span> <span class='ocrx_word' id='word_1_335' title='bbox 1275 3763 1492 3830; x_wconf 89' lang='lat' dir='ltr'><strong>implere</strong></span> <span class='ocrx_word' id='word_1_336' title='bbox 1537 3778 1754 3817; x_wconf 89' lang='lat' dir='ltr'><strong>consue-</strong></span> 
     </span>
    </p>
   </div>
   <div class='ocr_carea' id='block_1_57' title="bbox 239 3848 1750 3916">
    <p class='ocr_par' dir='ltr' id='par_1_57' title="bbox 239 3848 1750 3916">
     <span class='ocr_line' id='line_1_57' title="bbox 239 3848 1750 3916; baseline 0.002 -17"><span class='ocrx_word' id='word_1_337' title='bbox 239 3857 376 3901; x_wconf 83' lang='lat' dir='ltr'><strong>runt.</strong></span> <span class='ocrx_word' id='word_1_338' title='bbox 399 3848 568 3901; x_wconf 73' lang='lat' dir='ltr'><strong>Etiam</strong></span> <span class='ocrx_word' id='word_1_339' title='bbox 589 3858 842 3916; x_wconf 73' lang='lat' dir='ltr'><strong>przesente</strong></span> <span class='ocrx_word' id='word_1_340' title='bbox 862 3850 1102 3916; x_wconf 89' lang='lat' dir='ltr'><strong>episcopo</strong></span> <span class='ocrx_word' id='word_1_341' title='bbox 1123 3849 1174 3901; x_wconf 94' lang='lat' dir='ltr'><strong>in</strong></span> <span class='ocrx_word' id='word_1_342' title='bbox 1199 3848 1392 3902; x_wconf 83' lang='lat' dir='ltr'><strong>fontem</strong></span> <span class='ocrx_word' id='word_1_343' title='bbox 1417 3850 1750 3904; x_wconf 85' lang='lat' dir='ltr'><strong>descendere.</strong></span> 
     </span>
    </p>
   </div>
   <div class='ocr_carea' id='block_1_58' title="bbox 241 3937 1752 4008">
    <p class='ocr_par' dir='ltr' id='par_1_58' title="bbox 241 3937 1752 4008">
     <span class='ocr_line' id='line_1_58' title="bbox 241 3937 1752 4008; baseline 0.004 -21"><span class='ocrx_word' id='word_1_344' title='bbox 241 3937 339 3988; x_wconf 81' lang='lat' dir='ltr'><strong>Sed</strong></span> <span class='ocrx_word' id='word_1_345' title='bbox 385 3939 613 4004; x_wconf 82' lang='lat' dir='ltr'><strong>episeOpi</strong></span> <span class='ocrx_word' id='word_1_346' title='bbox 661 3937 825 4004; x_wconf 83' lang='lat' dir='ltr'><strong>(Edd.</strong></span> <span class='ocrx_word' id='word_1_347' title='bbox 867 3954 991 3998; x_wconf 76' lang='lat' dir='ltr'><strong>var.,</strong></span> <span class='ocrx_word' id='word_1_348' title='bbox 1031 3954 1129 3990; x_wconf 84' lang='lat' dir='ltr'><strong>non</strong></span> <span class='ocrx_word' id='word_1_349' title='bbox 1177 3937 1334 4008; x_wconf 82' lang='lat' dir='ltr'><strong>recte)</strong></span> <span class='ocrx_word' id='word_1_350' title='bbox 1388 3940 1582 3993; x_wconf 89' lang='lat' dir='ltr'><strong>nomini</strong></span> <span class='ocrx_word' id='word_1_351' title='bbox 1633 3940 1752 3993; x_wconf 79' lang='lat' dir='ltr'><strong>facti</strong></span> 
     </span>
    </p>
   </div>
   <div class='ocr_carea' id='block_1_59' title="bbox 243 4027 1751 4100">
    <p class='ocr_par' dir='ltr' id='par_1_59' title="bbox 243 4027 1751 4100">
     <span class='ocr_line' id='line_1_59' title="bbox 243 4027 1751 4100; baseline 0.004 -24"><span class='ocrx_word' id='word_1_352' title='bbox 243 4040 438 4078; x_wconf 71' lang='lat' dir='ltr'><strong>summa</strong></span> <span class='ocrx_word' id='word_1_353' title='bbox 473 4027 792 4080; x_wconf 86' lang='lat' dir='ltr'><strong>conceditur.</strong></span> <span class='ocrx_word' id='word_1_354' title='bbox 823 4028 1051 4095; x_wconf 83' lang='lat' dir='ltr'><strong>Reliquis</strong></span> <span class='ocrx_word' id='word_1_355' title='bbox 1079 4043 1202 4082; x_wconf 76' lang='lat' dir='ltr'><strong>vero</strong></span> <span class='ocrx_word' id='word_1_356' title='bbox 1253 4030 1574 4098; x_wconf 87' lang='lat' dir='ltr'><strong>temporibus</strong></span> <span class='ocrx_word' id='word_1_357' title='bbox 1597 4031 1751 4100; x_wconf 76' lang='lat' dir='ltr'><strong>(Add.</strong></span> 
     </span>
    </p>
   </div>
   <div class='ocr_carea' id='block_1_60' title="bbox 241 4106 1755 4185">
    <p class='ocr_par' dir='ltr' id='par_1_60' title="bbox 241 4106 1755 4185">
     <span class='ocr_line' id='line_1_60' title="bbox 241 4106 1755 4185; baseline 0.005 -22"><span class='ocrx_word' id='word_1_358' title='bbox 241 4106 284 4164; x_wconf 67' lang='lat' dir='ltr'><strong>et</strong></span> <span class='ocrx_word' id='word_1_359' title='bbox 313 4131 418 4166; x_wconf 74' lang='lat' dir='ltr'><strong>var.</strong></span> <span class='ocrx_word' id='word_1_360' title='bbox 443 4115 494 4166; x_wconf 85' lang='lat' dir='ltr'><strong>in</strong></span> <span class='ocrx_word' id='word_1_361' title='bbox 519 4116 682 4180; x_wconf 85' lang='lat' dir='ltr'><strong>edd.),</strong></span> <span class='ocrx_word' id='word_1_362' title='bbox 711 4117 761 4167; x_wconf 92' lang='lat' dir='ltr'><strong>in</strong></span> <span class='ocrx_word' id='word_1_363' title='bbox 793 4117 1100 4168; x_wconf 81' lang='lat' dir='ltr'><strong>necessitate</strong></span> <span class='ocrx_word' id='word_1_364' title='bbox 1120 4117 1440 4184; x_wconf 68' lang='lat' dir='ltr'><strong>azgritudinis</strong></span> <span class='ocrx_word' id='word_1_365' title='bbox 1464 4117 1583 4170; x_wconf 91' lang='lat' dir='ltr'><strong>licet</strong></span> <span class='ocrx_word' id='word_1_366' title='bbox 1608 4127 1755 4185; x_wconf 84' lang='lat' dir='ltr'><strong>pres-</strong></span> 
     </span>
    </p>
   </div>
   <div class='ocr_carea' id='block_1_61' title="bbox 243 4199 1755 4273">
    <p class='ocr_par' dir='ltr' id='par_1_61' title="bbox 243 4199 1755 4273">
     <span class='ocr_line' id='line_1_61' title="bbox 243 4199 1755 4273; baseline 0.003 -18"><span class='ocrx_word' id='word_1_367' title='bbox 243 4203 418 4270; x_wconf 83' lang='lat' dir='ltr'><strong>bytero</strong></span> <span class='ocrx_word' id='word_1_368' title='bbox 465 4219 557 4271; x_wconf 88' lang='lat' dir='ltr'><strong>per</strong></span> <span class='ocrx_word' id='word_1_369' title='bbox 587 4205 828 4257; x_wconf 84' lang='lat' dir='ltr'><strong>salutaris</strong></span> <span class='ocrx_word' id='word_1_370' title='bbox 861 4220 1006 4270; x_wconf 80' lang='lat' dir='ltr'><strong>aquae</strong></span> <span class='ocrx_word' id='word_1_371' title='bbox 1052 4199 1271 4272; x_wconf 80' lang='lat' dir='ltr'><strong>gratiam</strong></span> <span class='ocrx_word' id='word_1_372' title='bbox 1321 4206 1444 4257; x_wconf 89' lang='lat' dir='ltr'><strong>dare</strong></span> <span class='ocrx_word' id='word_1_373' title='bbox 1484 4206 1755 4273; x_wconf 21' lang='lat' dir='ltr'><strong>indulgen-r</strong></span> 
     </span>
    </p>
   </div>
   <div class='ocr_carea' id='block_1_62' title="bbox 244 4284 1756 4368">
    <p class='ocr_par' dir='ltr' id='par_1_62' title="bbox 244 4284 1756 4368">
     <span class='ocr_line' id='line_1_62' title="bbox 244 4284 1756 4368; baseline 0.005 -26"><span class='ocrx_word' id='word_1_374' title='bbox 244 4284 363 4346; x_wconf 80' lang='lat' dir='ltr'><strong>tiam</strong></span> <span class='ocrx_word' id='word_1_375' title='bbox 410 4305 743 4361; x_wconf 86' lang='lat' dir='ltr'><strong>peccatorum</strong></span> <span class='ocrx_word' id='word_1_376' title='bbox 780 4315 790 4348; x_wconf 92' lang='lat'>:</span> <span class='ocrx_word' id='word_1_377' title='bbox 823 4312 939 4350; x_wconf 87' lang='lat' dir='ltr'><strong>cum</strong></span> <span class='ocrx_word' id='word_1_378' title='bbox 984 4304 1037 4350; x_wconf 92' lang='lat' dir='ltr'><strong>et</strong></span> <span class='ocrx_word' id='word_1_379' title='bbox 1081 4312 1268 4350; x_wconf 89' lang='lat' dir='ltr'><strong>munus</strong></span> <span class='ocrx_word' id='word_1_380' title='bbox 1311 4298 1406 4368; x_wconf 89' lang='lat' dir='ltr'><strong>ipsi</strong></span> <span class='ocrx_word' id='word_1_381' title='bbox 1457 4297 1575 4351; x_wconf 91' lang='lat' dir='ltr'><strong>licet</strong></span> <span class='ocrx_word' id='word_1_382' title='bbox 1600 4312 1756 4350; x_wconf 86' lang='lat' dir='ltr'><strong>causa</strong></span> 
     </span>
    </p>
   </div>
   <div class='ocr_carea' id='block_1_63' title="bbox 244 4382 1749 4440">
    <p class='ocr_par' dir='ltr' id='par_1_63' title="bbox 244 4382 1749 4440">
     <span class='ocr_line' id='line_1_63' title="bbox 244 4382 1749 4440; baseline 0.002 -6"><span class='ocrx_word' id='word_1_383' title='bbox 244 4384 621 4439; x_wconf 88' lang='lat' dir='ltr'><strong>emundationis</strong></span> <span class='ocrx_word' id='word_1_384' title='bbox 645 4382 848 4440; x_wconf 72' lang='lat' dir='ltr'><strong>olTe&#39;rre.</strong></span> <span class='ocrx_word' id='word_1_385' title='bbox 881 4387 1193 4440; x_wconf 86' lang='lat' dir='ltr'><strong>Diaconibus</strong></span> <span class='ocrx_word' id='word_1_386' title='bbox 1218 4399 1342 4438; x_wconf 72' lang='lat' dir='ltr'><strong>vero</strong></span> <span class='ocrx_word' id='word_1_387' title='bbox 1380 4387 1513 4438; x_wconf 90' lang='lat' dir='ltr'><strong>nulla</strong></span> <span class='ocrx_word' id='word_1_388' title='bbox 1543 4387 1749 4440; x_wconf 79' lang='lat' dir='ltr'><strong>licentia</strong></span> 
     </span>
    </p>
   </div>
   <div class='ocr_carea' id='block_1_64' title="bbox 243 4474 1755 4546">
    <p class='ocr_par' dir='ltr' id='par_1_64' title="bbox 243 4474 1755 4546">
     <span class='ocr_line' id='line_1_64' title="bbox 243 4474 1755 4546; baseline 0.001 -21"><span class='ocrx_word' id='word_1_389' title='bbox 243 4475 502 4546; x_wconf 74' lang='lat' dir='ltr'><strong>invenitur</strong></span> <span class='ocrx_word' id='word_1_390' title='bbox 544 4489 805 4529; x_wconf 81' lang='lat' dir='ltr'><strong>concessa.</strong></span> <span class='ocrx_word' id='word_1_391' title='bbox 852 4477 952 4529; x_wconf 88' lang='lat' dir='ltr'><strong>Sed</strong></span> <span class='ocrx_word' id='word_1_392' title='bbox 995 4476 1129 4542; x_wconf 89' lang='lat' dir='ltr'><strong>quod</strong></span> <span class='ocrx_word' id='word_1_393' title='bbox 1170 4476 1326 4528; x_wconf 87' lang='lat' dir='ltr'><strong>semel</strong></span> <span class='ocrx_word' id='word_1_394' title='bbox 1369 4474 1502 4528; x_wconf 80' lang='lat' dir='ltr'><strong>forte</strong></span> <span class='ocrx_word' id='word_1_395' title='bbox 1539 4475 1755 4543; x_wconf 76' lang='lat' dir='ltr'><strong>contigit</strong></span> 
     </span>
    </p>
   </div>
   <div class='ocr_carea' id='block_1_65' title="bbox 248 4561 1757 4632">
    <p class='ocr_par' dir='ltr' id='par_1_65' title="bbox 248 4561 1757 4632">
     <span class='ocr_line' id='line_1_65' title="bbox 248 4561 1757 4632; baseline 0.001 -21"><span class='ocrx_word' id='word_1_396' title='bbox 248 4563 503 4629; x_wconf 88' lang='lat' dir='ltr'><strong>usurpari,</strong></span> <span class='ocrx_word' id='word_1_397' title='bbox 552 4577 646 4631; x_wconf 89' lang='lat' dir='ltr'><strong>pro</strong></span> <span class='ocrx_word' id='word_1_398' title='bbox 675 4562 982 4616; x_wconf 85' lang='lat' dir='ltr'><strong>necessitate</strong></span> <span class='ocrx_word' id='word_1_399' title='bbox 1011 4563 1124 4631; x_wconf 75' lang='lat' dir='ltr'><strong>[per</strong></span> <span class='ocrx_word' id='word_1_400' title='bbox 1160 4561 1540 4632; x_wconf 77' lang='lat' dir='ltr'><strong>necessitatem]</strong></span> <span class='ocrx_word' id='word_1_401' title='bbox 1568 4561 1757 4615; x_wconf 90' lang='lat' dir='ltr'><strong>dicitur</strong></span> 
     </span>
    </p>
   </div>
   <div class='ocr_carea' id='block_1_66' title="bbox 248 4649 1758 4720">
    <p class='ocr_par' dir='ltr' id='par_1_66' title="bbox 248 4649 1758 4720">
     <span class='ocr_line' id='line_1_66' title="bbox 248 4649 1758 4720; baseline 0.001 -21"><span class='ocrx_word' id='word_1_402' title='bbox 248 4657 542 4703; x_wconf 71' lang='lat' dir='ltr'><strong>excusatum</strong></span> <span class='ocrx_word' id='word_1_403' title='bbox 567 4649 717 4720; x_wconf 75' lang='lat' dir='ltr'><strong>(Var.</strong></span> <span class='ocrx_word' id='word_1_404' title='bbox 742 4650 902 4720; x_wconf 84' lang='lat' dir='ltr'><strong>edd.),</strong></span> <span class='ocrx_word' id='word_1_405' title='bbox 929 4665 993 4702; x_wconf 90' lang='lat' dir='ltr'><strong>ne</strong></span> <span class='ocrx_word' id='word_1_406' title='bbox 1017 4658 1195 4718; x_wconf 89' lang='lat' dir='ltr'><strong>postea</strong></span> <span class='ocrx_word' id='word_1_407' title='bbox 1224 4652 1503 4702; x_wconf 78' lang='lat' dir='ltr'><strong>securitate</strong></span> <span class='ocrx_word' id='word_1_408' title='bbox 1529 4651 1594 4702; x_wconf 92' lang='lat' dir='ltr'><strong>sit</strong></span> <span class='ocrx_word' id='word_1_409' title='bbox 1618 4663 1758 4702; x_wconf 84' lang='lat' dir='ltr'><strong>com-</strong></span> 
     </span>
    </p>
   </div>
   <div class='ocr_carea' id='block_1_67' title="bbox 251 4753 483 4792">
    <p class='ocr_par' dir='ltr' id='par_1_67' title="bbox 251 4753 483 4792">
     <span class='ocr_line' id='line_1_67' title="bbox 251 4753 483 4792; baseline 0.013 -4"><span class='ocrx_word' id='word_1_410' title='bbox 251 4753 483 4792; x_wconf 86' lang='lat' dir='ltr'><strong>nussum.</strong></span> 
     </span>
    </p>
   </div>
   <div class='ocr_carea' id='block_1_68' title="bbox 318 4903 1341 4968">
    <p class='ocr_par' dir='ltr' id='par_1_68' title="bbox 318 4903 1341 4968">
     <span class='ocr_line' id='line_1_68' title="bbox 318 4903 1341 4968; baseline 0 -14"><span class='ocrx_word' id='word_1_411' title='bbox 318 4914 341 4941; x_wconf 79' lang='grc' dir='ltr'><strong>ι</strong></span> <span class='ocrx_word' id='word_1_412' title='bbox 376 4903 430 4954; x_wconf 88' lang='lat' dir='ltr'><strong>ld</strong></span> <span class='ocrx_word' id='word_1_413' title='bbox 454 4905 503 4956; x_wconf 93' lang='lat' dir='ltr'><strong>in</strong></span> <span class='ocrx_word' id='word_1_414' title='bbox 529 4919 573 4957; x_wconf 91' lang='lat' dir='ltr'><strong>c.</strong></span> <span class='ocrx_word' id='word_1_415' title='bbox 601 4903 690 4968; x_wconf 77' lang='lat'><strong>8.;</strong></span> <span class='ocrx_word' id='word_1_416' title='bbox 720 4918 866 4959; x_wconf 87' lang='lat' dir='ltr'><strong>conc.</strong></span> <span class='ocrx_word' id='word_1_417' title='bbox 905 4921 954 4957; x_wconf 84' lang='lat' dir='ltr'><strong>iv</strong></span> <span class='ocrx_word' id='word_1_418' title='bbox 978 4905 1155 4958; x_wconf 87' lang='lat' dir='ltr'><strong>Cartb.</strong></span> <span class='ocrx_word' id='word_1_419' title='bbox 1181 4920 1228 4957; x_wconf 89' lang='lat' dir='ltr'><strong>c.</strong></span> <span class='ocrx_word' id='word_1_420' title='bbox 1258 4904 1341 4956; x_wconf 70' lang='grc'><strong>54.</strong></span> 
     </span>
    </p>
   </div>
   <div class='ocr_carea' id='block_1_69' title="bbox 319 4970 913 5025">
    <p class='ocr_par' dir='ltr' id='par_1_69' title="bbox 319 4970 913 5025">
     <span class='ocr_line' id='line_1_69' title="bbox 319 4970 913 5025; baseline 0.002 -2"><span class='ocrx_word' id='word_1_421' title='bbox 319 4970 344 5007; x_wconf 73' lang='grc'><em>³³</em></span> <span class='ocrx_word' id='word_1_422' title='bbox 378 4971 535 5024; x_wconf 87' lang='lat' dir='ltr'><strong>Cone.</strong></span> <span class='ocrx_word' id='word_1_423' title='bbox 572 4972 723 5025; x_wconf 88' lang='lat' dir='ltr'><strong>Sard.</strong></span> <span class='ocrx_word' id='word_1_424' title='bbox 751 4988 798 5025; x_wconf 90' lang='lat' dir='ltr'><strong>c.</strong></span> <span class='ocrx_word' id='word_1_425' title='bbox 831 4974 913 5024; x_wconf 83' lang='grc' dir='ltr'><strong>Π.</strong></span> 
     </span>
    </p>
   </div>
   <div class='ocr_carea' id='block_1_70' title="bbox 320 5037 1174 5108">
    <p class='ocr_par' dir='ltr' id='par_1_70' title="bbox 320 5037 1174 5108">
     <span class='ocr_line' id='line_1_70' title="bbox 320 5037 1174 5108; baseline 0.002 -18"><span class='ocrx_word' id='word_1_426' title='bbox 320 5047 340 5108; x_wconf 64' lang='grc' dir='ltr'><strong>εξ</strong></span> <span class='ocrx_word' id='word_1_427' title='bbox 377 5037 552 5108; x_wconf 54' lang='grc' dir='ltr'>Ιέεοῐίο</span> <span class='ocrx_word' id='word_1_428' title='bbox 580 5054 676 5108; x_wconf 89' lang='lat' dir='ltr'><strong>nec</strong></span> <span class='ocrx_word' id='word_1_429' title='bbox 697 5039 906 5108; x_wconf 84' lang='lat' dir='ltr'><strong>Dionys.</strong></span> <span class='ocrx_word' id='word_1_430' title='bbox 935 5054 1029 5092; x_wconf 88' lang='lat' dir='ltr'><strong>nec</strong></span> <span class='ocrx_word' id='word_1_431' title='bbox 1055 5041 1174 5093; x_wconf 82' lang='lat' dir='ltr'><strong>Isid.</strong></span> 
     </span>
    </p>
   </div>
   <div class='ocr_carea' id='block_1_71' title="bbox 319 5103 1082 5161">
    <p class='ocr_par' dir='ltr' id='par_1_71' title="bbox 319 5103 1082 5161">
     <span class='ocr_line' id='line_1_71' title="bbox 319 5103 1082 5161; baseline 0.001 -3"><span class='ocrx_word' id='word_1_432' title='bbox 319 5105 344 5142; x_wconf 75' lang='grc' dir='ltr'><strong>ιι</strong></span> <span class='ocrx_word' id='word_1_433' title='bbox 381 5103 537 5160; x_wconf 86' lang='lat' dir='ltr'><strong>Cone.</strong></span> <span class='ocrx_word' id='word_1_434' title='bbox 564 5123 578 5159; x_wconf 90' lang='grc' dir='ltr'><strong>ι</strong></span> <span class='ocrx_word' id='word_1_435' title='bbox 604 5107 808 5161; x_wconf 79' lang='lat' dir='ltr'><strong>Valens.</strong></span> <span class='ocrx_word' id='word_1_436' title='bbox 830 5103 880 5160; x_wconf 64' lang='grc' dir='ltr'><strong>ἒ).</strong></span> <span class='ocrx_word' id='word_1_437' title='bbox 911 5108 961 5158; x_wconf 91' lang='grc'><strong>8.</strong></span> <span class='ocrx_word' id='word_1_438' title='bbox 1080 5156 1082 5159; x_wconf 86' lang='grc'>.</span> 
     </span>
    </p>
   </div>
   <div class='ocr_carea' id='block_1_72' title="bbox 325 5174 1762 5243">
    <p class='ocr_par' dir='ltr' id='par_1_72' title="bbox 325 5174 1762 5243">
     <span class='ocr_line' id='line_1_72' title="bbox 325 5174 1762 5243; baseline 0.003 -20"><span class='ocrx_word' id='word_1_439' title='bbox 325 5183 346 5243; x_wconf 68' lang='grc' dir='ltr'><strong><em>ξ</em></strong></span> <span class='ocrx_word' id='word_1_440' title='bbox 385 5174 510 5243; x_wconf 75' lang='lat' dir='ltr'><strong>Vide</strong></span> <span class='ocrx_word' id='word_1_441' title='bbox 537 5189 702 5243; x_wconf 13' lang='lat' dir='ltr'><strong>‘conc.</strong></span> <span class='ocrx_word' id='word_1_442' title='bbox 742 5191 792 5227; x_wconf 82' lang='lat' dir='ltr'><strong>iv</strong></span> <span class='ocrx_word' id='word_1_443' title='bbox 819 5174 994 5228; x_wconf 83' lang='lat' dir='ltr'><strong>Aurel.</strong></span> <span class='ocrx_word' id='word_1_444' title='bbox 1035 5189 1083 5226; x_wconf 92' lang='lat' dir='ltr'><strong>c.</strong></span> <span class='ocrx_word' id='word_1_445' title='bbox 1114 5175 1210 5238; x_wconf 81' lang='grc'>56,</span> <span class='ocrx_word' id='word_1_446' title='bbox 1250 5177 1300 5227; x_wconf 88' lang='lat' dir='ltr'><strong>in</strong></span> <span class='ocrx_word' id='word_1_447' title='bbox 1341 5191 1444 5243; x_wconf 91' lang='lat' dir='ltr'><strong>quo</strong></span> <span class='ocrx_word' id='word_1_448' title='bbox 1471 5176 1565 5229; x_wconf 78' lang='lat' dir='ltr'><strong>iste</strong></span> <span class='ocrx_word' id='word_1_449' title='bbox 1598 5192 1762 5230; x_wconf 86' lang='lat' dir='ltr'><strong>canon</strong></span> 
     </span>
    </p>
   </div>
   <div class='ocr_carea' id='block_1_73' title="bbox 261 5236 690 5294">
    <p class='ocr_par' dir='ltr' id='par_1_73' title="bbox 261 5236 690 5294">
     <span class='ocr_line' id='line_1_73' title="bbox 261 5236 690 5294; baseline 0.007 -5"><span class='ocrx_word' id='word_1_450' title='bbox 261 5236 438 5290; x_wconf 76' lang='lat' dir='ltr'><strong>referri</strong></span> <span class='ocrx_word' id='word_1_451' title='bbox 466 5241 690 5294; x_wconf 77' lang='lat' dir='ltr'><strong>videtur.</strong></span> 
     </span>
    </p>
   </div>
   <div class='ocr_carea' id='block_1_74' title="bbox 330 5305 1189 5377">
    <p class='ocr_par' dir='ltr' id='par_1_74' title="bbox 330 5305 1189 5377">
     <span class='ocr_line' id='line_1_74' title="bbox 330 5305 1189 5377; baseline 0.003 -18"><span class='ocrx_word' id='word_1_452' title='bbox 330 5305 352 5377; x_wconf 66' lang='grc' dir='ltr'>ς</span> <span class='ocrx_word' id='word_1_453' title='bbox 387 5306 578 5377; x_wconf 61' lang='lat' dir='ltr'><strong>l_nterp.</strong></span> <span class='ocrx_word' id='word_1_454' title='bbox 605 5322 700 5362; x_wconf 90' lang='lat' dir='ltr'><strong>nec</strong></span> <span class='ocrx_word' id='word_1_455' title='bbox 724 5310 930 5377; x_wconf 89' lang='lat' dir='ltr'><strong>Dionys.</strong></span> <span class='ocrx_word' id='word_1_456' title='bbox 956 5323 1051 5364; x_wconf 87' lang='lat' dir='ltr'><strong>nec</strong></span> <span class='ocrx_word' id='word_1_457' title='bbox 1071 5311 1189 5363; x_wconf 86' lang='lat' dir='ltr'><strong>Isid.</strong></span> 
     </span>
    </p>
   </div>
   <div class='ocr_carea' id='block_1_75' title="bbox 329 5375 952 5430">
    <p class='ocr_par' dir='ltr' id='par_1_75' title="bbox 329 5375 952 5430">
     <span class='ocr_line' id='line_1_75' title="bbox 329 5375 952 5430; baseline 0 -2"><span class='ocrx_word' id='word_1_458' title='bbox 329 5375 352 5412; x_wconf 80' lang='grc'><strong><em>⁵</em></strong></span> <span class='ocrx_word' id='word_1_459' title='bbox 388 5375 512 5428; x_wconf 88' lang='lat' dir='ltr'><strong>Can.</strong></span> <span class='ocrx_word' id='word_1_460' title='bbox 545 5375 592 5426; x_wconf 88' lang='lat'><strong>7.</strong></span> <span class='ocrx_word' id='word_1_461' title='bbox 625 5377 752 5428; x_wconf 78' lang='lat' dir='ltr'><strong>Vide</strong></span> <span class='ocrx_word' id='word_1_462' title='bbox 780 5375 952 5430; x_wconf 74' lang='lat' dir='ltr'><strong>supra.</strong></span> 
     </span>
    </p>
   </div>
   <div class='ocr_carea' id='block_1_76' title="bbox 329 5441 1762 5562">
    <p class='ocr_par' dir='ltr' id='par_1_76' title="bbox 329 5441 1762 5562">
     <span class='ocr_line' id='line_1_76' title="bbox 329 5441 1762 5562; baseline 0.008 -70"><span class='ocrx_word' id='word_1_463' title='bbox 329 5441 356 5562; x_wconf 51' lang='grc' dir='ltr'>ζ</span> <span class='ocrx_word' id='word_1_464' title='bbox 391 5443 550 5562; x_wconf 54' lang='lat' dir='ltr'><strong>Epist.</strong></span> <span class='ocrx_word' id='word_1_465' title='bbox 586 5443 714 5496; x_wconf 81' lang='lat' dir='ltr'><strong>C(el.</strong></span> <span class='ocrx_word' id='word_1_466' title='bbox 743 5444 764 5497; x_wconf 88' lang='lat' dir='ltr'><strong>l</strong></span> <span class='ocrx_word' id='word_1_467' title='bbox 789 5441 857 5497; x_wconf 86' lang='lat' dir='ltr'><strong>ad</strong></span> <span class='ocrx_word' id='word_1_468' title='bbox 881 5445 1148 5512; x_wconf 84' lang='lat' dir='ltr'><strong>episcOpos</strong></span> <span class='ocrx_word' id='word_1_469' title='bbox 1182 5443 1376 5514; x_wconf 79' lang='lat' dir='ltr'><strong>Apulia:</strong></span> <span class='ocrx_word' id='word_1_470' title='bbox 1404 5455 1453 5499; x_wconf 88' lang='lat' dir='ltr'><strong>et</strong></span> <span class='ocrx_word' id='word_1_471' title='bbox 1492 5446 1762 5504; x_wconf 48' lang='lat' dir='ltr'><strong>Calabri-ai.</strong></span> 
     </span>
    </p>
   </div>
   <div class='ocr_carea' id='block_1_77' title="bbox 266 5519 451 5574">
    <p class='ocr_par' dir='ltr' id='par_1_77' title="bbox 266 5519 451 5574">
     <span class='ocr_line' id='line_1_77' title="bbox 266 5519 451 5574; baseline 0.011 -13"><span class='ocrx_word' id='word_1_472' title='bbox 266 5519 373 5574; x_wconf 79' lang='lat' dir='ltr'><strong>cap.</strong></span> <span class='ocrx_word' id='word_1_473' title='bbox 406 5519 451 5562; x_wconf 88' lang='grc' dir='ltr'>ι.</span> 
     </span>
    </p>
   </div>
   <div class='ocr_carea' id='block_1_78' title="bbox 335 5576 1014 5650">
    <p class='ocr_par' dir='ltr' id='par_1_78' title="bbox 335 5576 1014 5650">
     <span class='ocr_line' id='line_1_78' title="bbox 335 5576 1014 5650; baseline 0.003 -21"><span class='ocrx_word' id='word_1_474' title='bbox 335 5590 346 5650; x_wconf 67' lang='grc' dir='ltr'><em>ξ</em></span> <span class='ocrx_word' id='word_1_475' title='bbox 376 5576 528 5650; x_wconf 38' lang='lat' dir='ltr'><strong>(Eone.</strong></span> <span class='ocrx_word' id='word_1_476' title='bbox 561 5578 733 5650; x_wconf 52' lang='lat' dir='ltr'><strong>{\nrel.</strong></span> <span class='ocrx_word' id='word_1_477' title='bbox 776 5595 824 5632; x_wconf 79' lang='lat' dir='ltr'><strong>tv</strong></span> <span class='ocrx_word' id='word_1_478' title='bbox 853 5579 1014 5650; x_wconf 39' lang='lat' dir='ltr'><strong>(L25.</strong></span> 
     </span>
    </p>
   </div>
   <div class='ocr_carea' id='block_1_79' title="bbox 333 5647 958 5701">
    <p class='ocr_par' dir='ltr' id='par_1_79' title="bbox 333 5647 958 5701">
     <span class='ocr_line' id='line_1_79' title="bbox 333 5647 958 5701; baseline -0.002 -3"><span class='ocrx_word' id='word_1_479' title='bbox 333 5647 346 5690; x_wconf 68' lang='lat'><em>1</em></span> <span class='ocrx_word' id='word_1_480' title='bbox 383 5647 537 5700; x_wconf 73' lang='lat' dir='ltr'><strong>(Ione.</strong></span> <span class='ocrx_word' id='word_1_481' title='bbox 572 5647 775 5701; x_wconf 70' lang='lat' dir='ltr'><strong>Laodic.</strong></span> <span class='ocrx_word' id='word_1_482' title='bbox 806 5663 850 5700; x_wconf 90' lang='lat' dir='ltr'><strong>c.</strong></span> <span class='ocrx_word' id='word_1_483' title='bbox 882 5647 958 5700; x_wconf 76' lang='lat' dir='ltr'><strong>l3.</strong></span> 
     </span>
    </p>
   </div>
   <div class='ocr_carea' id='block_1_80' title="bbox 1840 1916 3349 1988">
    <p class='ocr_par' dir='ltr' id='par_1_80' title="bbox 1840 1916 3349 1988">
     <span class='ocr_line' id='line_1_80' title="bbox 1840 1916 3349 1988; baseline -0.003 -16"><span class='ocrx_word' id='word_1_484' title='bbox 1840 1921 1945 1988; x_wconf 76' lang='grc'><strong>15.)</strong></span> <span class='ocrx_word' id='word_1_485' title='bbox 1973 1918 2084 1971; x_wconf 85' lang='lat' dir='ltr'><strong>Non</strong></span> <span class='ocrx_word' id='word_1_486' title='bbox 2113 1919 2266 1972; x_wconf 90' lang='lat' dir='ltr'><strong>liceat</strong></span> <span class='ocrx_word' id='word_1_487' title='bbox 2288 1928 2478 1987; x_wconf 52' lang='lat' dir='ltr'><strong>praeter</strong></span> <span class='ocrx_word' id='word_1_488' title='bbox 2496 1920 2774 1972; x_wconf 87' lang='lat' dir='ltr'><strong>canonicos</strong></span> <span class='ocrx_word' id='word_1_489' title='bbox 2800 1920 3011 1986; x_wconf 85' lang='lat' dir='ltr'><strong>psaltes,</strong></span> <span class='ocrx_word' id='word_1_490' title='bbox 3041 1918 3130 1986; x_wconf 91' lang='lat' dir='ltr'><strong>qui</strong></span> <span class='ocrx_word' id='word_1_491' title='bbox 3159 1917 3210 1969; x_wconf 88' lang='lat' dir='ltr'><strong>in</strong></span> <span class='ocrx_word' id='word_1_492' title='bbox 3235 1916 3349 1984; x_wconf 89' lang='lat' dir='ltr'><strong>pul-</strong></span> 
     </span>
    </p>
   </div>
   <div class='ocr_carea' id='block_1_81' title="bbox 1837 1996 3344 2074">
    <p class='ocr_par' dir='ltr' id='par_1_81' title="bbox 1837 1996 3344 2074">
     <span class='ocr_line' id='line_1_81' title="bbox 1837 1996 3344 2074; baseline -0.003 -16"><span class='ocrx_word' id='word_1_493' title='bbox 1837 2006 2001 2074; x_wconf 83' lang='lat' dir='ltr'><strong>pitum</strong></span> <span class='ocrx_word' id='word_1_494' title='bbox 2040 1996 2324 2059; x_wconf 87' lang='lat' dir='ltr'><strong>ascendunt</strong></span> <span class='ocrx_word' id='word_1_495' title='bbox 2349 2014 2402 2059; x_wconf 89' lang='lat' dir='ltr'><strong>et</strong></span> <span class='ocrx_word' id='word_1_496' title='bbox 2431 2007 2492 2058; x_wconf 91' lang='lat' dir='ltr'><strong>de</strong></span> <span class='ocrx_word' id='word_1_497' title='bbox 2514 2007 2689 2059; x_wconf 88' lang='lat' dir='ltr'><strong>codice</strong></span> <span class='ocrx_word' id='word_1_498' title='bbox 2713 2006 2907 2074; x_wconf 76' lang='lat' dir='ltr'><strong>legunt,</strong></span> <span class='ocrx_word' id='word_1_499' title='bbox 2942 2006 3098 2058; x_wconf 89' lang='lat' dir='ltr'><strong>alium</strong></span> <span class='ocrx_word' id='word_1_500' title='bbox 3123 2004 3344 2072; x_wconf 63' lang='lat' dir='ltr'><strong>quemli»</strong></span> 
     </span>
    </p>
   </div>
   <div class='ocr_carea' id='block_1_82' title="bbox 1837 2090 3349 2160">
    <p class='ocr_par' dir='ltr' id='par_1_82' title="bbox 1837 2090 3349 2160">
     <span class='ocr_line' id='line_1_82' title="bbox 1837 2090 3349 2160; baseline -0.002 -15"><span class='ocrx_word' id='word_1_501' title='bbox 1837 2093 1925 2145; x_wconf 83' lang='lat' dir='ltr'><strong>bet</strong></span> <span class='ocrx_word' id='word_1_502' title='bbox 1970 2091 2210 2160; x_wconf 87' lang='lat' dir='ltr'><strong>psallere.</strong></span> <span class='ocrx_word' id='word_1_503' title='bbox 2258 2090 2538 2160; x_wconf 69' lang='lat' dir='ltr'><strong>(Can.25.)</strong></span> <span class='ocrx_word' id='word_1_504' title='bbox 2583 2091 2691 2144; x_wconf 85' lang='lat' dir='ltr'><strong>Non</strong></span> <span class='ocrx_word' id='word_1_505' title='bbox 2733 2100 2934 2160; x_wconf 86' lang='lat' dir='ltr'><strong>oportet</strong></span> <span class='ocrx_word' id='word_1_506' title='bbox 2970 2091 3235 2144; x_wconf 88' lang='lat' dir='ltr'><strong>ministros</strong></span> <span class='ocrx_word' id='word_1_507' title='bbox 3260 2103 3349 2156; x_wconf 79' lang='lat' dir='ltr'><strong>pa-</strong></span> 
     </span>
    </p>
   </div>
   <div class='ocr_carea' id='block_1_83' title="bbox 1838 2167 2842 2244">
    <p class='ocr_par' dir='ltr' id='par_1_83' title="bbox 1838 2167 2842 2244">
     <span class='ocr_line' id='line_1_83' title="bbox 1838 2167 2842 2244; baseline -0.001 -12"><span class='ocrx_word' id='word_1_508' title='bbox 1838 2167 1956 2233; x_wconf 79' lang='lat' dir='ltr'><strong>nem</strong></span> <span class='ocrx_word' id='word_1_509' title='bbox 1983 2182 2126 2244; x_wconf 84' lang='lat' dir='ltr'><strong>dare,</strong></span> <span class='ocrx_word' id='word_1_510' title='bbox 2154 2196 2250 2235; x_wconf 88' lang='lat' dir='ltr'><strong>nec</strong></span> <span class='ocrx_word' id='word_1_511' title='bbox 2277 2180 2491 2234; x_wconf 89' lang='lat' dir='ltr'><strong>calicem</strong></span> <span class='ocrx_word' id='word_1_512' title='bbox 2518 2179 2842 2234; x_wconf 82' lang='lat' dir='ltr'><strong>benedicere.</strong></span> 
     </span>
    </p>
   </div>
   <div class='ocr_carea' id='block_1_84' title="bbox 2333 2287 2864 2358">
    <p class='ocr_par' dir='ltr' id='par_1_84' title="bbox 2333 2287 2864 2358">
     <span class='ocr_line' id='line_1_84' title="bbox 2333 2287 2864 2358; baseline -0.006 -17"><span class='ocrx_word' id='word_1_513' title='bbox 2333 2290 2465 2342; x_wconf 69' lang='grc' dir='ltr'><strong>Αἶγα</strong></span> <span class='ocrx_word' id='word_1_514' title='bbox 2487 2289 2546 2340; x_wconf 69' lang='grc'><strong>21</strong></span> <span class='ocrx_word' id='word_1_515' title='bbox 2579 2287 2728 2358; x_wconf 86' lang='lat' dir='ltr'><strong>[Can.</strong></span> <span class='ocrx_word' id='word_1_516' title='bbox 2755 2287 2864 2357; x_wconf 68' lang='grc'><strong>54].</strong></span> 
     </span>
    </p>
   </div>
   <div class='ocr_carea' id='block_1_85' title="bbox 1913 2371 3352 2446">
    <p class='ocr_par' dir='ltr' id='par_1_85' title="bbox 1913 2371 3352 2446">
     <span class='ocr_line' id='line_1_85' title="bbox 1913 2371 3352 2446; baseline -0.003 -18"><span class='ocrx_word' id='word_1_517' title='bbox 1913 2376 1930 2413; x_wconf 80' lang='grc' dir='ltr'><strong>ι</strong></span> <span class='ocrx_word' id='word_1_518' title='bbox 1963 2376 2073 2429; x_wconf 84' lang='lat' dir='ltr'><strong>Non</strong></span> <span class='ocrx_word' id='word_1_519' title='bbox 2115 2383 2318 2446; x_wconf 87' lang='lat' dir='ltr'><strong>oportet</strong></span> <span class='ocrx_word' id='word_1_520' title='bbox 2361 2376 2580 2430; x_wconf 88' lang='lat' dir='ltr'><strong>clericos</strong></span> <span class='ocrx_word' id='word_1_521' title='bbox 2614 2374 2922 2443; x_wconf 88' lang='lat' dir='ltr'><strong>spectaculis</strong></span> <span class='ocrx_word' id='word_1_522' title='bbox 2951 2374 3202 2426; x_wconf 84' lang='lat' dir='ltr'><strong>interesse</strong></span> <span class='ocrx_word' id='word_1_523' title='bbox 3227 2389 3238 2422; x_wconf 90' lang='lat'><strong>:</strong></span> <span class='ocrx_word' id='word_1_524' title='bbox 3262 2371 3352 2424; x_wconf 82' lang='lat' dir='ltr'><strong>sed</strong></span> 
     </span>
    </p>
   </div>
   <div class='ocr_carea' id='block_1_86' title="bbox 1844 2448 3353 2532">
    <p class='ocr_par' dir='ltr' id='par_1_86' title="bbox 1844 2448 3353 2532">
     <span class='ocr_line' id='line_1_86' title="bbox 1844 2448 3353 2532; baseline -0.002 -17"><span class='ocrx_word' id='word_1_525' title='bbox 1844 2472 2121 2531; x_wconf 90' lang='lat' dir='ltr'><strong>antequam</strong></span> <span class='ocrx_word' id='word_1_526' title='bbox 2175 2464 2434 2518; x_wconf 87' lang='lat' dir='ltr'><strong>themclici</strong></span> <span class='ocrx_word' id='word_1_527' title='bbox 2484 2448 2860 2532; x_wconf 77' lang='lat' dir='ltr'><strong>ingrediantur,</strong></span> <span class='ocrx_word' id='word_1_528' title='bbox 2909 2475 3122 2528; x_wconf 80' lang='lat' dir='ltr'><strong>surgere</strong></span> <span class='ocrx_word' id='word_1_529' title='bbox 3169 2475 3259 2514; x_wconf 87' lang='lat' dir='ltr'><strong>eos</strong></span> <span class='ocrx_word' id='word_1_530' title='bbox 3299 2468 3353 2512; x_wconf 83' lang='lat' dir='ltr'><strong>et</strong></span> 
     </span>
    </p>
   </div>
   <div class='ocr_carea' id='block_1_87' title="bbox 1841 2551 3016 2684">
    <p class='ocr_par' dir='ltr' id='par_1_87' title="bbox 1841 2551 3016 2684">
     <span class='ocr_line' id='line_1_87' title="bbox 1841 2551 3016 2684; baseline -0.003 -14"><span class='ocrx_word' id='word_1_531' title='bbox 1841 2551 2006 2604; x_wconf 45' lang='lat' dir='ltr'><strong>alme.</strong></span> <span class='ocrx_word' id='word_1_532' title='bbox 2175 2615 2350 2669; x_wconf 85' lang='lat' dir='ltr'><strong>Canon</strong></span> <span class='ocrx_word' id='word_1_533' title='bbox 2373 2620 2730 2684; x_wconf 79' lang='lat' dir='ltr'><strong>apostolorum,</strong></span> <span class='ocrx_word' id='word_1_534' title='bbox 2753 2633 2853 2669; x_wconf 69' lang='lat' dir='ltr'><strong>trra</strong></span> <span class='ocrx_word' id='word_1_535' title='bbox 2881 2616 3016 2668; x_wconf 61' lang='lat' dir='ltr'><strong>2W.</strong></span> 
     </span>
    </p>
   </div>
   <div class='ocr_carea' id='block_1_88' title="bbox 1911 2700 3354 2770">
    <p class='ocr_par' dir='ltr' id='par_1_88' title="bbox 1911 2700 3354 2770">
     <span class='ocr_line' id='line_1_88' title="bbox 1911 2700 3354 2770; baseline -0.003 -14"><span class='ocrx_word' id='word_1_536' title='bbox 1911 2703 2192 2756; x_wconf 63' lang='lat' dir='ltr'><strong>“Clericus</strong></span> <span class='ocrx_word' id='word_1_537' title='bbox 2255 2703 2589 2770; x_wconf 82' lang='lat' dir='ltr'><strong>semetipsum</strong></span> <span class='ocrx_word' id='word_1_538' title='bbox 2626 2701 2898 2756; x_wconf 84' lang='lat' dir='ltr'><strong>abscidens</strong></span> <span class='ocrx_word' id='word_1_539' title='bbox 2951 2702 3162 2753; x_wconf 90' lang='lat' dir='ltr'><strong>omnino</strong></span> <span class='ocrx_word' id='word_1_540' title='bbox 3212 2700 3354 2754; x_wconf 86' lang='lat' dir='ltr'><strong>dam-</strong></span> 
     </span>
    </p>
   </div>
   <div class='ocr_carea' id='block_1_89' title="bbox 1844 2800 2014 2844">
    <p class='ocr_par' dir='ltr' id='par_1_89' title="bbox 1844 2800 2014 2844">
     <span class='ocr_line' id='line_1_89' title="bbox 1844 2800 2014 2844; baseline -0.012 0"><span class='ocrx_word' id='word_1_541' title='bbox 1844 2800 2014 2844; x_wconf 86' lang='lat' dir='ltr'><strong>netur.</strong></span> 
     </span>
    </p>
   </div>
   <div class='ocr_carea' id='block_1_90' title="bbox 2450 2875 3014 2949">
    <p class='ocr_par' dir='ltr' id='par_1_90' title="bbox 2450 2875 3014 2949">
     <span class='ocr_line' id='line_1_90' title="bbox 2450 2875 3014 2949; baseline -0.007 -21"><span class='ocrx_word' id='word_1_542' title='bbox 2450 2875 2582 2928; x_wconf 62' lang='lat' dir='ltr'><strong>Era</strong></span> <span class='ocrx_word' id='word_1_543' title='bbox 2606 2875 2673 2926; x_wconf 65' lang='lat'><strong>26</strong></span> <span class='ocrx_word' id='word_1_544' title='bbox 2699 2882 2744 2924; x_wconf 90' lang='lat'><strong>°.</strong></span> <span class='ocrx_word' id='word_1_545' title='bbox 2819 2935 2830 2949; x_wconf 45' lang='lat'><strong><em>‘</em></strong></span> <span class='ocrx_word' id='word_1_546' title='bbox 3010 2941 3014 2944; x_wconf 88' lang='lat'><strong>_</strong></span> 
     </span>
    </p>
   </div>
   <div class='ocr_carea' id='block_1_91' title="bbox 1914 2961 3361 3029">
    <p class='ocr_par' dir='ltr' id='par_1_91' title="bbox 1914 2961 3361 3029">
     <span class='ocr_line' id='line_1_91' title="bbox 1914 2961 3361 3029; baseline -0.003 -13"><span class='ocrx_word' id='word_1_547' title='bbox 1914 2965 2101 3018; x_wconf 88' lang='lat' dir='ltr'><strong>Laicus</strong></span> <span class='ocrx_word' id='word_1_548' title='bbox 2145 2963 2497 3029; x_wconf 81' lang='lat' dir='ltr'><strong>semetipsum.</strong></span> <span class='ocrx_word' id='word_1_549' title='bbox 2525 2961 2814 3024; x_wconf 85' lang='lat' dir='ltr'><strong>abscidens,</strong></span> <span class='ocrx_word' id='word_1_550' title='bbox 2859 2965 3020 3012; x_wconf 84' lang='lat' dir='ltr'><strong>annos</strong></span> <span class='ocrx_word' id='word_1_551' title='bbox 3048 2975 3104 3012; x_wconf 89' lang='grc' dir='ltr'><strong>ιιι</strong></span> <span class='ocrx_word' id='word_1_552' title='bbox 3130 2972 3361 3014; x_wconf 79' lang='lat' dir='ltr'><strong>commu-</strong></span> 
     </span>
    </p>
   </div>
   <div class='ocr_carea' id='block_1_92' title="bbox 1846 3049 2274 3117">
    <p class='ocr_par' dir='ltr' id='par_1_92' title="bbox 1846 3049 2274 3117">
     <span class='ocr_line' id='line_1_92' title="bbox 1846 3049 2274 3117; baseline -0.007 -14"><span class='ocrx_word' id='word_1_553' title='bbox 1846 3051 2002 3104; x_wconf 86' lang='lat' dir='ltr'><strong>nione</strong></span> <span class='ocrx_word' id='word_1_554' title='bbox 2023 3049 2274 3117; x_wconf 84' lang='lat' dir='ltr'><strong>privetur.</strong></span> 
     </span>
    </p>
   </div>
   <div class='ocr_carea' id='block_1_93' title="bbox 1919 3217 3364 3286">
    <p class='ocr_par' dir='ltr' id='par_1_93' title="bbox 1919 3217 3364 3286">
     <span class='ocr_line' id='line_1_93' title="bbox 1919 3217 3364 3286; baseline -0.003 -14"><span class='ocrx_word' id='word_1_555' title='bbox 1919 3235 1944 3272; x_wconf 75' lang='grc' dir='ltr'>ρ</span> <span class='ocrx_word' id='word_1_556' title='bbox 1969 3224 2186 3277; x_wconf 86' lang='lat' dir='ltr'><strong>Clericis</strong></span> <span class='ocrx_word' id='word_1_557' title='bbox 2220 3229 2444 3284; x_wconf 86' lang='lat' dir='ltr'><strong>tantum,</strong></span> <span class='ocrx_word' id='word_1_558' title='bbox 2471 3228 2524 3274; x_wconf 91' lang='lat' dir='ltr'><strong>et</strong></span> <span class='ocrx_word' id='word_1_559' title='bbox 2551 3220 2850 3283; x_wconf 77' lang='lat' dir='ltr'><strong>lectoribus,</strong></span> <span class='ocrx_word' id='word_1_560' title='bbox 2886 3227 3039 3286; x_wconf 89' lang='lat' dir='ltr'><strong>atque</strong></span> <span class='ocrx_word' id='word_1_561' title='bbox 3067 3217 3364 3270; x_wconf 85' lang='lat' dir='ltr'><strong>cantoribus</strong></span> 
     </span>
    </p>
   </div>
   <div class='ocr_carea' id='block_1_94' title="bbox 1847 3311 2456 3365">
    <p class='ocr_par' dir='ltr' id='par_1_94' title="bbox 1847 3311 2456 3365">
     <span class='ocr_line' id='line_1_94' title="bbox 1847 3311 2456 3365; baseline -0.007 -3"><span class='ocrx_word' id='word_1_562' title='bbox 1847 3311 1999 3365; x_wconf 91' lang='lat' dir='ltr'><strong>liceat</strong></span> <span class='ocrx_word' id='word_1_563' title='bbox 2029 3311 2223 3364; x_wconf 86' lang='lat' dir='ltr'><strong>habere</strong></span> <span class='ocrx_word' id='word_1_564' title='bbox 2249 3323 2456 3362; x_wconf 78' lang='lat' dir='ltr'><strong>uxores.</strong></span> 
     </span>
    </p>
   </div>
   <div class='ocr_carea' id='block_1_95' title="bbox 2467 3395 2749 3450">
    <p class='ocr_par' dir='ltr' id='par_1_95' title="bbox 2467 3395 2749 3450">
     <span class='ocr_line' id='line_1_95' title="bbox 2467 3395 2749 3450; baseline -0.007 0"><span class='ocrx_word' id='word_1_565' title='bbox 2467 3395 2642 3450; x_wconf 81' lang='lat' dir='ltr'><strong>Canon</strong></span> <span class='ocrx_word' id='word_1_566' title='bbox 2666 3397 2749 3449; x_wconf 67' lang='lat'><strong>42.</strong></span> 
     </span>
    </p>
   </div>
   <div class='ocr_carea' id='block_1_96' title="bbox 1921 3480 3363 3547">
    <p class='ocr_par' dir='ltr' id='par_1_96' title="bbox 1921 3480 3363 3547">
     <span class='ocr_line' id='line_1_96' title="bbox 1921 3480 3363 3547; baseline -0.004 -9"><span class='ocrx_word' id='word_1_567' title='bbox 1921 3500 1947 3538; x_wconf 77' lang='grc' dir='ltr'><strong>ιι</strong></span> <span class='ocrx_word' id='word_1_568' title='bbox 1977 3487 2310 3547; x_wconf 84' lang='lat' dir='ltr'><strong>Subdiaconi,</strong></span> <span class='ocrx_word' id='word_1_569' title='bbox 2350 3485 2590 3546; x_wconf 89' lang='lat' dir='ltr'><strong>lectores,</strong></span> <span class='ocrx_word' id='word_1_570' title='bbox 2615 3484 2697 3536; x_wconf 72' lang='lat' dir='ltr'><strong>vel</strong></span> <span class='ocrx_word' id='word_1_571' title='bbox 2723 3492 2963 3536; x_wconf 88' lang='lat' dir='ltr'><strong>cantores</strong></span> <span class='ocrx_word' id='word_1_572' title='bbox 2986 3480 3224 3536; x_wconf 83' lang='lat' dir='ltr'><strong>ebrietati</strong></span> <span class='ocrx_word' id='word_1_573' title='bbox 3257 3494 3363 3534; x_wconf 79' lang='lat' dir='ltr'><strong>ser-</strong></span> 
     </span>
    </p>
   </div>
   <div class='ocr_carea' id='block_1_97' title="bbox 1848 3565 3369 3637">
    <p class='ocr_par' dir='ltr' id='par_1_97' title="bbox 1848 3565 3369 3637">
     <span class='ocr_line' id='line_1_97' title="bbox 1848 3565 3369 3637; baseline -0.006 -7"><span class='ocrx_word' id='word_1_574' title='bbox 1848 3579 2068 3637; x_wconf 83' lang='lat' dir='ltr'><strong>vientes,</strong></span> <span class='ocrx_word' id='word_1_575' title='bbox 2094 3584 2184 3628; x_wconf 89' lang='lat' dir='ltr'><strong>aut</strong></span> <span class='ocrx_word' id='word_1_576' title='bbox 2227 3575 2483 3636; x_wconf 86' lang='lat' dir='ltr'><strong>desinant,</strong></span> <span class='ocrx_word' id='word_1_577' title='bbox 2530 3579 2619 3625; x_wconf 88' lang='lat' dir='ltr'><strong>aut</strong></span> <span class='ocrx_word' id='word_1_578' title='bbox 2657 3565 3019 3624; x_wconf 72' lang='lat' dir='ltr'><strong>cammunioue</strong></span> <span class='ocrx_word' id='word_1_579' title='bbox 3058 3571 3369 3637; x_wconf 77' lang='lat' dir='ltr'><strong>priventur&#39;,</strong></span> 
     </span>
    </p>
   </div>
   <div class='ocr_carea' id='block_1_98' title="bbox 1852 3663 2322 3719">
    <p class='ocr_par' dir='ltr' id='par_1_98' title="bbox 1852 3663 2322 3719">
     <span class='ocr_line' id='line_1_98' title="bbox 1852 3663 2322 3719; baseline -0.013 0"><span class='ocrx_word' id='word_1_580' title='bbox 1852 3665 2090 3719; x_wconf 88' lang='lat' dir='ltr'><strong>similiter</strong></span> <span class='ocrx_word' id='word_1_581' title='bbox 2110 3674 2161 3716; x_wconf 89' lang='lat' dir='ltr'><strong>et</strong></span> <span class='ocrx_word' id='word_1_582' title='bbox 2187 3663 2322 3715; x_wconf 89' lang='lat' dir='ltr'><strong>laici.</strong></span> 
     </span>
    </p>
   </div>
   <div class='ocr_carea' id='block_1_99' title="bbox 2166 3744 3056 3813">
    <p class='ocr_par' dir='ltr' id='par_1_99' title="bbox 2166 3744 3056 3813">
     <span class='ocr_line' id='line_1_99' title="bbox 2166 3744 3056 3813; baseline -0.009 -10"><span class='ocrx_word' id='word_1_583' title='bbox 2166 3761 2186 3788; x_wconf 88' lang='grc' dir='ltr'>ι’</span> <span class='ocrx_word' id='word_1_584' title='bbox 2213 3748 2386 3803; x_wconf 82' lang='lat' dir='ltr'><strong>Canon</strong></span> <span class='ocrx_word' id='word_1_585' title='bbox 2423 3746 2851 3813; x_wconf 72' lang='lat' dir='ltr'><strong>Carthaginiensis,</strong></span> <span class='ocrx_word' id='word_1_586' title='bbox 2881 3760 2983 3796; x_wconf 76' lang='lat' dir='ltr'><strong>tera</strong></span> <span class='ocrx_word' id='word_1_587' title='bbox 3003 3744 3056 3796; x_wconf 69' lang='grc'><strong>2.</strong></span> 
     </span>
    </p>
   </div>
   <div class='ocr_carea' id='block_1_100' title="bbox 1921 3827 3364 3903">
    <p class='ocr_par' dir='ltr' id='par_1_100' title="bbox 1921 3827 3364 3903">
     <span class='ocr_line' id='line_1_100' title="bbox 1921 3827 3364 3903; baseline -0.009 -11"><span class='ocrx_word' id='word_1_588' title='bbox 1921 3841 2168 3893; x_wconf 86' lang='lat' dir='ltr'><strong>Lectores</strong></span> <span class='ocrx_word' id='word_1_589' title='bbox 2194 3849 2357 3903; x_wconf 90' lang='lat' dir='ltr'><strong>usque</strong></span> <span class='ocrx_word' id='word_1_590' title='bbox 2389 3833 2453 3886; x_wconf 92' lang='lat' dir='ltr'><strong>ad</strong></span> <span class='ocrx_word' id='word_1_591' title='bbox 2481 3845 2644 3883; x_wconf 87' lang='lat' dir='ltr'><strong>annos</strong></span> <span class='ocrx_word' id='word_1_592' title='bbox 2673 3830 2960 3898; x_wconf 69' lang='lat' dir='ltr'><strong>pubertatis</strong></span> <span class='ocrx_word' id='word_1_593' title='bbox 2995 3829 3184 3895; x_wconf 79' lang='lat' dir='ltr'><strong>legant.</strong></span> <span class='ocrx_word' id='word_1_594' title='bbox 3215 3827 3364 3881; x_wconf 85' lang='lat' dir='ltr'><strong>Dein-</strong></span> 
     </span>
    </p>
   </div>
   <div class='ocr_carea' id='block_1_101' title="bbox 1855 3917 3365 3995">
    <p class='ocr_par' dir='ltr' id='par_1_101' title="bbox 1855 3917 3365 3995">
     <span class='ocr_line' id='line_1_101' title="bbox 1855 3917 3365 3995; baseline -0.009 -13"><span class='ocrx_word' id='word_1_595' title='bbox 1855 3943 1977 3995; x_wconf 86' lang='lat' dir='ltr'><strong>ceps</strong></span> <span class='ocrx_word' id='word_1_596' title='bbox 2005 3934 2200 3986; x_wconf 88' lang='lat' dir='ltr'><strong>autem,</strong></span> <span class='ocrx_word' id='word_1_597' title='bbox 2232 3923 2331 3976; x_wconf 88' lang='lat' dir='ltr'><strong>nisi</strong></span> <span class='ocrx_word' id='word_1_598' title='bbox 2355 3930 2442 3974; x_wconf 90' lang='lat' dir='ltr'><strong>aut</strong></span> <span class='ocrx_word' id='word_1_599' title='bbox 2463 3919 2718 3974; x_wconf 83' lang='lat' dir='ltr'><strong>custodita</strong></span> <span class='ocrx_word' id='word_1_600' title='bbox 2746 3917 3016 3985; x_wconf 84' lang='lat' dir='ltr'><strong>pudicitia,</strong></span> <span class='ocrx_word' id='word_1_601' title='bbox 3055 3925 3146 3968; x_wconf 88' lang='lat' dir='ltr'><strong>aut</strong></span> <span class='ocrx_word' id='word_1_602' title='bbox 3179 3931 3365 3971; x_wconf 76' lang='lat' dir='ltr'><strong>uxores</strong></span> 
     </span>
    </p>
   </div>
   <div class='ocr_carea' id='block_1_102' title="bbox 1855 4004 3363 4078">
    <p class='ocr_par' dir='ltr' id='par_1_102' title="bbox 1855 4004 3363 4078">
     <span class='ocr_line' id='line_1_102' title="bbox 1855 4004 3363 4078; baseline -0.009 -9"><span class='ocrx_word' id='word_1_603' title='bbox 1855 4015 2119 4074; x_wconf 79' lang='lat' dir='ltr'><strong>duxerint,</strong></span> <span class='ocrx_word' id='word_1_604' title='bbox 2168 4012 2340 4078; x_wconf 77' lang='lat' dir='ltr'><strong>legere</strong></span> <span class='ocrx_word' id='word_1_605' title='bbox 2387 4023 2488 4061; x_wconf 91' lang='lat' dir='ltr'><strong>non</strong></span> <span class='ocrx_word' id='word_1_606' title='bbox 2534 4008 2787 4060; x_wconf 87' lang='lat' dir='ltr'><strong>sinantur.</strong></span> <span class='ocrx_word' id='word_1_607' title='bbox 2831 4004 3150 4058; x_wconf 85' lang='lat' dir='ltr'><strong>Clericorum</strong></span> <span class='ocrx_word' id='word_1_608' title='bbox 3192 4010 3363 4056; x_wconf 78' lang='lat' dir='ltr'><strong>autem</strong></span> 
     </span>
    </p>
   </div>
   <div class='ocr_carea' id='block_1_103' title="bbox 1856 4097 2804 4158">
    <p class='ocr_par' dir='ltr' id='par_1_103' title="bbox 1856 4097 2804 4158">
     <span class='ocr_line' id='line_1_103' title="bbox 1856 4097 2804 4158; baseline -0.011 -1"><span class='ocrx_word' id='word_1_609' title='bbox 1856 4118 2043 4158; x_wconf 90' lang='lat' dir='ltr'><strong>nomen</strong></span> <span class='ocrx_word' id='word_1_610' title='bbox 2067 4103 2224 4155; x_wconf 90' lang='lat' dir='ltr'><strong>etiam</strong></span> <span class='ocrx_word' id='word_1_611' title='bbox 2246 4101 2466 4152; x_wconf 86' lang='lat' dir='ltr'><strong>lectores</strong></span> <span class='ocrx_word' id='word_1_612' title='bbox 2493 4097 2804 4150; x_wconf 86' lang='lat' dir='ltr'><strong>retinebunt.</strong></span> 
     </span>
    </p>
   </div>
   <div class='ocr_carea' id='block_1_104' title="bbox 2196 4182 3018 4245">
    <p class='ocr_par' dir='ltr' id='par_1_104' title="bbox 2196 4182 3018 4245">
     <span class='ocr_line' id='line_1_104' title="bbox 2196 4182 3018 4245; baseline -0.009 -5"><span class='ocrx_word' id='word_1_613' title='bbox 2196 4187 2369 4241; x_wconf 74' lang='lat' dir='ltr'><strong>Conon</strong></span> <span class='ocrx_word' id='word_1_614' title='bbox 2397 4185 2734 4245; x_wconf 78' lang='lat' dir='ltr'><strong>Laodicensis,</strong></span> <span class='ocrx_word' id='word_1_615' title='bbox 2759 4199 2860 4235; x_wconf 77' lang='lat' dir='ltr'><strong>trra</strong></span> <span class='ocrx_word' id='word_1_616' title='bbox 2893 4182 2954 4234; x_wconf 67' lang='lat' dir='ltr'><strong>li</strong></span> <span class='ocrx_word' id='word_1_617' title='bbox 2975 4192 3018 4233; x_wconf 65' lang='grc' dir='ltr'><strong>θ.</strong></span> 
     </span>
    </p>
   </div>
   <div class='ocr_carea' id='block_1_105' title="bbox 1932 4269 3373 4343">
    <p class='ocr_par' dir='ltr' id='par_1_105' title="bbox 1932 4269 3373 4343">
     <span class='ocr_line' id='line_1_105' title="bbox 1932 4269 3373 4343; baseline -0.01 -10"><span class='ocrx_word' id='word_1_618' title='bbox 1932 4283 1945 4315; x_wconf 79' lang='grc'>¹</span> <span class='ocrx_word' id='word_1_619' title='bbox 1978 4278 2113 4332; x_wconf 89' lang='lat' dir='ltr'><strong>Solis</strong></span> <span class='ocrx_word' id='word_1_620' title='bbox 2143 4276 2394 4330; x_wconf 90' lang='lat' dir='ltr'><strong>ministris</strong></span> <span class='ocrx_word' id='word_1_621' title='bbox 2417 4273 2597 4343; x_wconf 84' lang='lat' dir='ltr'><strong>altaris</strong></span> <span class='ocrx_word' id='word_1_622' title='bbox 2617 4271 2769 4324; x_wconf 84' lang='lat' dir='ltr'><strong>liceat</strong></span> <span class='ocrx_word' id='word_1_623' title='bbox 2791 4269 2996 4338; x_wconf 77' lang='lat' dir='ltr'><strong>ingredi</strong></span> <span class='ocrx_word' id='word_1_624' title='bbox 3018 4271 3082 4322; x_wconf 84' lang='lat' dir='ltr'><strong>ad</strong></span> <span class='ocrx_word' id='word_1_625' title='bbox 3108 4269 3293 4334; x_wconf 81' lang='lat' dir='ltr'><strong>altare,</strong></span> <span class='ocrx_word' id='word_1_626' title='bbox 3318 4276 3373 4324; x_wconf 79' lang='lat' dir='ltr'><strong>et</strong></span> 
     </span>
    </p>
   </div>
   <div class='ocr_carea' id='block_1_106' title="bbox 1858 4344 3373 4420">
    <p class='ocr_par' dir='ltr' id='par_1_106' title="bbox 1858 4344 3373 4420">
     <span class='ocr_line' id='line_1_106' title="bbox 1858 4344 3373 4420; baseline -0.015 0"><span class='ocrx_word' id='word_1_627' title='bbox 1858 4367 2048 4420; x_wconf 90' lang='lat' dir='ltr'><strong>ibidem</strong></span> <span class='ocrx_word' id='word_1_628' title='bbox 2070 4364 2474 4419; x_wconf 87' lang='lat' dir='ltr'><strong>communicare.</strong></span> <span class='ocrx_word' id='word_1_629' title='bbox 3363 4344 3373 4355; x_wconf 84' lang='lat'><strong>&#39;</strong></span> 
     </span>
    </p>
   </div>
   <div class='ocr_carea' id='block_1_107' title="bbox 2213 4462 3099 4527">
    <p class='ocr_par' dir='ltr' id='par_1_107' title="bbox 2213 4462 3099 4527">
     <span class='ocr_line' id='line_1_107' title="bbox 2213 4462 3099 4527; baseline -0.015 -5"><span class='ocrx_word' id='word_1_630' title='bbox 2213 4468 2385 4522; x_wconf 83' lang='lat' dir='ltr'><strong>Conon</strong></span> <span class='ocrx_word' id='word_1_631' title='bbox 2409 4465 2729 4527; x_wconf 77' lang='lat' dir='ltr'><strong>Arelatensis,</strong></span> <span class='ocrx_word' id='word_1_632' title='bbox 2760 4479 2861 4516; x_wconf 75' lang='lat' dir='ltr'><strong>tera</strong></span> <span class='ocrx_word' id='word_1_633' title='bbox 2888 4462 2948 4515; x_wconf 75' lang='grc'><strong>15</strong></span> <span class='ocrx_word' id='word_1_634' title='bbox 2976 4474 3031 4512; x_wconf 81' lang='grc' dir='ltr'><strong>υ..</strong></span> <span class='ocrx_word' id='word_1_635' title='bbox 3097 4506 3099 4509; x_wconf 85' lang='grc'>.</span> 
     </span>
    </p>
   </div>
   <div class='ocr_carea' id='block_1_108' title="bbox 1923 4549 3362 4621">
    <p class='ocr_par' dir='ltr' id='par_1_108' title="bbox 1923 4549 3362 4621">
     <span class='ocr_line' id='line_1_108' title="bbox 1923 4549 3362 4621; baseline -0.006 -10"><span class='ocrx_word' id='word_1_636' title='bbox 1923 4558 1979 4611; x_wconf 89' lang='lat' dir='ltr'><strong>Si</strong></span> <span class='ocrx_word' id='word_1_637' title='bbox 2027 4557 2272 4613; x_wconf 86' lang='lat' dir='ltr'><strong>clericum</strong></span> <span class='ocrx_word' id='word_1_638' title='bbox 2320 4555 2384 4608; x_wconf 86' lang='lat' dir='ltr'><strong>de</strong></span> <span class='ocrx_word' id='word_1_639' title='bbox 2428 4565 2736 4620; x_wconf 89' lang='lat' dir='ltr'><strong>quacunque</strong></span> <span class='ocrx_word' id='word_1_640' title='bbox 2765 4565 2860 4618; x_wconf 91' lang='lat' dir='ltr'><strong>ope</strong></span> <span class='ocrx_word' id='word_1_641' title='bbox 2885 4549 2972 4621; x_wconf 91' lang='lat' dir='ltr'><strong>[de</strong></span> <span class='ocrx_word' id='word_1_642' title='bbox 3000 4549 3228 4617; x_wconf 87' lang='lat' dir='ltr'><strong>quolibet</strong></span> <span class='ocrx_word' id='word_1_643' title='bbox 3255 4563 3362 4602; x_wconf 84' lang='lat' dir='ltr'><strong>cor-</strong></span> 
     </span>
    </p>
   </div>
   <div class='ocr_carea' id='block_1_109' title="bbox 1855 4636 3362 4717">
    <p class='ocr_par' dir='ltr' id='par_1_109' title="bbox 1855 4636 3362 4717">
     <span class='ocr_line' id='line_1_109' title="bbox 1855 4636 3362 4717; baseline -0.009 -16"><span class='ocrx_word' id='word_1_644' title='bbox 1855 4645 2002 4717; x_wconf 87' lang='lat' dir='ltr'><strong>pore]</strong></span> <span class='ocrx_word' id='word_1_645' title='bbox 2028 4645 2320 4698; x_wconf 78' lang='lat' dir='ltr'><strong>venientem</strong></span> <span class='ocrx_word' id='word_1_646' title='bbox 2349 4640 2618 4712; x_wconf 72' lang='lat' dir='ltr'><strong>(Quwdam</strong></span> <span class='ocrx_word' id='word_1_647' title='bbox 2659 4639 2777 4692; x_wconf 84' lang='lat' dir='ltr'><strong>add.</strong></span> <span class='ocrx_word' id='word_1_648' title='bbox 2806 4641 2857 4691; x_wconf 86' lang='lat' dir='ltr'><strong>in</strong></span> <span class='ocrx_word' id='word_1_649' title='bbox 2883 4638 3021 4706; x_wconf 82' lang='lat' dir='ltr'><strong>edd.)</strong></span> <span class='ocrx_word' id='word_1_650' title='bbox 3052 4636 3240 4705; x_wconf 81' lang='lat' dir='ltr'><strong>aliquis</strong></span> <span class='ocrx_word' id='word_1_651' title='bbox 3273 4651 3362 4704; x_wconf 85' lang='lat' dir='ltr'><strong>pu-</strong></span> 
     </span>
    </p>
   </div>
   <div class='ocr_carea' id='block_1_110' title="bbox 1856 4728 3362 4797">
    <p class='ocr_par' dir='ltr' id='par_1_110' title="bbox 1856 4728 3362 4797">
     <span class='ocr_line' id='line_1_110' title="bbox 1856 4728 3362 4797; baseline -0.007 -8"><span class='ocrx_word' id='word_1_652' title='bbox 1856 4736 2006 4789; x_wconf 90' lang='lat' dir='ltr'><strong>blicis</strong></span> <span class='ocrx_word' id='word_1_653' title='bbox 2030 4733 2319 4786; x_wconf 85' lang='lat' dir='ltr'><strong>actionibus</strong></span> <span class='ocrx_word' id='word_1_654' title='bbox 2346 4731 2604 4797; x_wconf 89' lang='lat' dir='ltr'><strong>applicare</strong></span> <span class='ocrx_word' id='word_1_655' title='bbox 2627 4728 3033 4796; x_wconf 76' lang='lat' dir='ltr'><strong>praesumpserit,</strong></span> <span class='ocrx_word' id='word_1_656' title='bbox 3062 4735 3117 4780; x_wconf 94' lang='lat' dir='ltr'><strong>et</strong></span> <span class='ocrx_word' id='word_1_657' title='bbox 3143 4742 3173 4780; x_wconf 90' lang='lat' dir='ltr'><strong>a</strong></span> <span class='ocrx_word' id='word_1_658' title='bbox 3200 4740 3362 4781; x_wconf 77' lang='lat' dir='ltr'><strong>sacer-</strong></span> 
     </span>
    </p>
   </div>
   <div class='ocr_carea' id='block_1_111' title="bbox 1931 4901 2792 4972">
    <p class='ocr_par' dir='ltr' id='par_1_111' title="bbox 1931 4901 2792 4972">
     <span class='ocr_line' id='line_1_111' title="bbox 1931 4901 2792 4972; baseline -0.006 -15"><span class='ocrx_word' id='word_1_659' title='bbox 1931 4907 1954 4942; x_wconf 75' lang='grc' dir='ltr'>¹ί</span> <span class='ocrx_word' id='word_1_660' title='bbox 1976 4904 2166 4972; x_wconf 86' lang='lat' dir='ltr'><strong>lnterp.</strong></span> <span class='ocrx_word' id='word_1_661' title='bbox 2197 4917 2291 4954; x_wconf 88' lang='lat' dir='ltr'><strong>nec</strong></span> <span class='ocrx_word' id='word_1_662' title='bbox 2315 4901 2521 4972; x_wconf 70' lang='lat' dir='ltr'><strong>pioriys.</strong></span> <span class='ocrx_word' id='word_1_663' title='bbox 2551 4915 2649 4954; x_wconf 87' lang='lat' dir='ltr'><strong>nec</strong></span> <span class='ocrx_word' id='word_1_664' title='bbox 2669 4901 2792 4972; x_wconf 78' lang='lat' dir='ltr'><strong>lsid.</strong></span> 
     </span>
    </p>
   </div>
   <div class='ocr_carea' id='block_1_112' title="bbox 1935 4969 2791 5038">
    <p class='ocr_par' dir='ltr' id='par_1_112' title="bbox 1935 4969 2791 5038">
     <span class='ocr_line' id='line_1_112' title="bbox 1935 4969 2791 5038; baseline -0.007 -14"><span class='ocrx_word' id='word_1_665' title='bbox 1935 4973 1949 5010; x_wconf 80' lang='grc' dir='ltr'><strong>ι</strong></span> <span class='ocrx_word' id='word_1_666' title='bbox 1981 4969 2168 5038; x_wconf 74' lang='lat' dir='ltr'><strong>Interii.</strong></span> <span class='ocrx_word' id='word_1_667' title='bbox 2200 4969 2527 5038; x_wconf 72' lang='lat' dir='ltr'><strong>necDionys.</strong></span> <span class='ocrx_word' id='word_1_668' title='bbox 2554 4982 2649 5038; x_wconf 69' lang='lat' dir='ltr'><strong>nep</strong></span> <span class='ocrx_word' id='word_1_669' title='bbox 2671 4969 2791 5038; x_wconf 79' lang='lat' dir='ltr'><strong>Isid.</strong></span> 
     </span>
    </p>
   </div>
   <div class='ocr_carea' id='block_1_113' title="bbox 1929 5036 2792 5107">
    <p class='ocr_par' dir='ltr' id='par_1_113' title="bbox 1929 5036 2792 5107">
     <span class='ocr_line' id='line_1_113' title="bbox 1929 5036 2792 5107; baseline -0.007 -14"><span class='ocrx_word' id='word_1_670' title='bbox 1929 5053 1967 5078; x_wconf 83' lang='grc' dir='ltr'><strong>πι</strong></span> <span class='ocrx_word' id='word_1_671' title='bbox 1997 5041 2052 5092; x_wconf 86' lang='grc' dir='ltr'><strong>1η</strong></span> <span class='ocrx_word' id='word_1_672' title='bbox 2081 5036 2158 5107; x_wconf 78' lang='lat' dir='ltr'><strong>gr.</strong></span> <span class='ocrx_word' id='word_1_673' title='bbox 2183 5052 2230 5089; x_wconf 89' lang='lat' dir='ltr'><strong>e.</strong></span> <span class='ocrx_word' id='word_1_674' title='bbox 2261 5037 2373 5107; x_wconf 73' lang='lat'><strong>22_;_</strong></span> <span class='ocrx_word' id='word_1_675' title='bbox 2395 5036 2680 5101; x_wconf 74' lang='lat' dir='ltr'><strong>Dionys.‘b.</strong></span> <span class='ocrx_word' id='word_1_676' title='bbox 2704 5036 2792 5091; x_wconf 67' lang='grc'><strong>25.</strong></span> 
     </span>
    </p>
   </div>
   <div class='ocr_carea' id='block_1_114' title="bbox 1929 5105 2510 5223">
    <p class='ocr_par' dir='ltr' id='par_1_114' title="bbox 1929 5105 2510 5223">
     <span class='ocr_line' id='line_1_114' title="bbox 1929 5105 2510 5223; baseline -0.007 -64"><span class='ocrx_word' id='word_1_677' title='bbox 1929 5120 1952 5145; x_wconf 82' lang='grc' dir='ltr'><strong><em>η</em></strong></span> <span class='ocrx_word' id='word_1_678' title='bbox 1974 5105 2289 5187; x_wconf 29' lang='lat' dir='ltr'><strong>[Mei-[isnon</strong></span> <span class='ocrx_word' id='word_1_679' title='bbox 2321 5105 2510 5223; x_wconf 46' lang='lat' dir='ltr'><strong>Dioznf&#39;s</strong></span> 
     </span>
     <span class='ocr_line' id='line_1_115' title="bbox 1933 5171 2510 5223; baseline -0.002 0"><span class='ocrx_word' id='word_1_680' title='bbox 1933 5184 1955 5208; x_wconf 91' lang='grc' dir='ltr'>ο</span> <span class='ocrx_word' id='word_1_681' title='bbox 1986 5175 2043 5223; x_wconf 81' lang='lat' dir='ltr'><strong>C.</strong></span> <span class='ocrx_word' id='word_1_682' title='bbox 2073 5173 2141 5223; x_wconf 71' lang='grc'><strong>2.)</strong></span> <span class='ocrx_word' id='word_1_683' title='bbox 2169 5190 2218 5223; x_wconf 91' lang='lat' dir='ltr'><strong>m</strong></span> <span class='ocrx_word' id='word_1_684' title='bbox 2249 5171 2360 5223; x_wconf 66' lang='lat' dir='ltr'><strong>Gn:</strong></span> <span class='ocrx_word' id='word_1_685' title='bbox 2481 5186 2510 5222; x_wconf 92' lang='lat' dir='ltr'><strong>ll</strong></span> 
     </span>
    </p>
   </div>
   <div class='ocr_carea' id='block_1_115' title="bbox 1933 5171 3136 5242">
    <p class='ocr_par' dir='ltr' id='par_1_115' title="bbox 1933 5171 3136 5242">
     <span class='ocr_line' id='line_1_116' title="bbox 1933 5171 3136 5242; baseline -0.005 -15"><span class='ocrx_word' id='word_1_686' title='bbox 1933 5184 1955 5208; x_wconf 91' lang='grc' dir='ltr'>ο</span> <span class='ocrx_word' id='word_1_687' title='bbox 1986 5175 2043 5227; x_wconf 81' lang='lat' dir='ltr'><strong>C.</strong></span> <span class='ocrx_word' id='word_1_688' title='bbox 2073 5171 2141 5242; x_wconf 62' lang='lat'><strong>23</strong></span> <span class='ocrx_word' id='word_1_689' title='bbox 2168 5174 2218 5226; x_wconf 91' lang='lat' dir='ltr'><strong>in</strong></span> <span class='ocrx_word' id='word_1_690' title='bbox 2249 5171 2360 5234; x_wconf 86' lang='lat' dir='ltr'><strong>Gr.;</strong></span> <span class='ocrx_word' id='word_1_691' title='bbox 2393 5171 2664 5242; x_wconf 58' lang='lat' dir='ltr'><strong>2§__interp.</strong></span> <span class='ocrx_word' id='word_1_692' title='bbox 2693 5171 2900 5242; x_wconf 62' lang='lat' dir='ltr'><strong>Dionys.</strong></span> <span class='ocrx_word' id='word_1_693' title='bbox 3134 5239 3136 5242; x_wconf 24' lang='grc' dir='ltr'>ι</span> 
     </span>
    </p>
   </div>
   <div class='ocr_carea' id='block_1_116' title="bbox 1932 5237 3362 5359">
    <p class='ocr_par' dir='ltr' id='par_1_116' title="bbox 1932 5237 3362 5359">
     <span class='ocr_line' id='line_1_117' title="bbox 1932 5237 3362 5359; baseline -0.001 -69"><span class='ocrx_word' id='word_1_694' title='bbox 1932 5254 1954 5290; x_wconf 85' lang='lat' dir='ltr'><strong>r</strong></span> <span class='ocrx_word' id='word_1_695' title='bbox 1987 5240 2254 5359; x_wconf 36' lang='lat' dir='ltr'><strong>(lii-incrch</strong></span> <span class='ocrx_word' id='word_1_696' title='bbox 2279 5254 2394 5292; x_wconf 90' lang='lat' dir='ltr'><strong>can.</strong></span> <span class='ocrx_word' id='word_1_697' title='bbox 2419 5237 2506 5294; x_wconf 76' lang='lat'><strong>9.5.</strong></span> <span class='ocrx_word' id='word_1_698' title='bbox 2552 5239 2766 5306; x_wconf 89' lang='lat' dir='ltr'><strong>interpr.</strong></span> <span class='ocrx_word' id='word_1_699' title='bbox 2797 5237 3005 5309; x_wconf 66' lang='lat' dir='ltr'><strong>Dionys.</strong></span> <span class='ocrx_word' id='word_1_700' title='bbox 3053 5239 3170 5295; x_wconf 82' lang='lat' dir='ltr'><strong>can.</strong></span> <span class='ocrx_word' id='word_1_701' title='bbox 3211 5237 3296 5298; x_wconf 72' lang='lat'><strong>27,</strong></span> <span class='ocrx_word' id='word_1_702' title='bbox 3329 5251 3362 5288; x_wconf 81' lang='lat' dir='ltr'><strong>a</strong></span> 
     </span>
     <span class='ocr_line' id='line_1_118' title="bbox 1934 5324 2174 5359; baseline 0 0"><span class='ocrx_word' id='word_1_703' title='bbox 1934 5325 1960 5359; x_wconf 89' lang='lat' dir='ltr'><strong>a</strong></span> <span class='ocrx_word' id='word_1_704' title='bbox 2024 5325 2034 5359; x_wconf 87' lang='lat' dir='ltr'><strong>l</strong></span> <span class='ocrx_word' id='word_1_705' title='bbox 2077 5324 2133 5359; x_wconf 88' lang='lat' dir='ltr'><strong>er</strong></span> <span class='ocrx_word' id='word_1_706' title='bbox 2161 5347 2174 5359; x_wconf 94' lang='lat'><strong>.</strong></span> 
     </span>
    </p>
   </div>
   <div class='ocr_carea' id='block_1_117' title="bbox 2024 5324 2174 5360">
    <p class='ocr_par' dir='ltr' id='par_1_117' title="bbox 2024 5324 2174 5360">
     <span class='ocr_line' id='line_1_119' title="bbox 2024 5324 2174 5360; baseline 0.007 -1"><span class='ocrx_word' id='word_1_707' title='bbox 2024 5324 2174 5360; x_wconf 74' lang='lat' dir='ltr'><strong>ilICl&#39;l.</strong></span> 
     </span>
    </p>
   </div>
   <div class='ocr_carea' id='block_1_118' title="bbox 1866 5311 2539 5494">
    <p class='ocr_par' dir='ltr' id='par_1_118' title="bbox 1866 5311 2539 5494">
     <span class='ocr_line' id='line_1_120' title="bbox 1866 5311 2174 5378; baseline 0 -18"><span class='ocrx_word' id='word_1_708' title='bbox 1866 5325 1960 5378; x_wconf 82' lang='lat' dir='ltr'><strong>qua</strong></span> <span class='ocrx_word' id='word_1_709' title='bbox 1987 5311 2174 5362; x_wconf 71' lang='lat' dir='ltr'><strong>differt.</strong></span> 
     </span>
     <span class='ocr_line' id='line_1_121' title="bbox 1928 5373 2539 5494; baseline -0.005 -68"><span class='ocrx_word' id='word_1_710' title='bbox 1928 5389 1953 5426; x_wconf 74' lang='grc' dir='ltr'>τι</span> <span class='ocrx_word' id='word_1_711' title='bbox 1985 5377 2174 5494; x_wconf 61' lang='lat' dir='ltr'><strong>Interg.</strong></span> <span class='ocrx_word' id='word_1_712' title='bbox 2201 5389 2303 5453; x_wconf 78' lang='lat' dir='ltr'><strong>non</strong></span> <span class='ocrx_word' id='word_1_713' title='bbox 2333 5373 2539 5440; x_wconf 79' lang='lat' dir='ltr'><strong>Dionys.</strong></span> 
     </span>
     <span class='ocr_line' id='line_1_122' title="bbox 1933 5443 2537 5494; baseline -0.005 1"><span class='ocrx_word' id='word_1_714' title='bbox 1933 5456 1952 5481; x_wconf 77' lang='grc' dir='ltr'><em>τ</em></span> <span class='ocrx_word' id='word_1_715' title='bbox 1981 5445 2094 5494; x_wconf 73' lang='lat' dir='ltr'><strong>\‘id.</strong></span> <span class='ocrx_word' id='word_1_716' title='bbox 2163 5443 2352 5494; x_wconf 81' lang='lat' dir='ltr'><strong>imilem</strong></span> <span class='ocrx_word' id='word_1_717' title='bbox 2374 5455 2537 5492; x_wconf 89' lang='lat' dir='ltr'><strong>canon</strong></span> 
     </span>
    </p>
   </div>
   <div class='ocr_carea' id='block_1_119' title="bbox 1933 5439 2970 5507">
    <p class='ocr_par' dir='ltr' id='par_1_119' title="bbox 1933 5439 2970 5507">
     <span class='ocr_line' id='line_1_123' title="bbox 1933 5439 2970 5507; baseline -0.001 -12"><span class='ocrx_word' id='word_1_718' title='bbox 1933 5456 1952 5481; x_wconf 76' lang='grc' dir='ltr'><em>τ</em></span> <span class='ocrx_word' id='word_1_719' title='bbox 1981 5444 2094 5496; x_wconf 70' lang='lat' dir='ltr'><strong>Vid.</strong></span> <span class='ocrx_word' id='word_1_720' title='bbox 2122 5439 2352 5494; x_wconf 86' lang='lat' dir='ltr'><strong>Similem</strong></span> <span class='ocrx_word' id='word_1_721' title='bbox 2374 5439 2622 5496; x_wconf 44' lang='lat' dir='ltr'><strong>can’onem</strong></span> <span class='ocrx_word' id='word_1_722' title='bbox 2645 5439 2970 5507; x_wconf 70' lang='lat' dir='ltr'><strong>paubi.iiilra.</strong></span> 
     </span>
    </p>
   </div>
   <div class='ocr_carea' id='block_1_120' title="bbox 1933 5508 2513 5564">
    <p class='ocr_par' dir='ltr' id='par_1_120' title="bbox 1933 5508 2513 5564">
     <span class='ocr_line' id='line_1_124' title="bbox 1933 5508 2513 5564; baseline -0.01 0"><span class='ocrx_word' id='word_1_723' title='bbox 1933 5525 1951 5549; x_wconf 71' lang='grc'><strong><em>⁵</em></strong></span> <span class='ocrx_word' id='word_1_724' title='bbox 1981 5512 2138 5564; x_wconf 82' lang='lat' dir='ltr'><strong>Cone.</strong></span> <span class='ocrx_word' id='word_1_725' title='bbox 2171 5510 2326 5562; x_wconf 85' lang='lat' dir='ltr'><strong>Laod.</strong></span> <span class='ocrx_word' id='word_1_726' title='bbox 2357 5523 2402 5559; x_wconf 91' lang='lat' dir='ltr'><strong>c.</strong></span> <span class='ocrx_word' id='word_1_727' title='bbox 2431 5508 2513 5560; x_wconf 78' lang='lat' dir='ltr'><strong>l9.</strong></span> 
     </span>
    </p>
   </div>
   <div class='ocr_carea' id='block_1_121' title="bbox 1939 5575 2828 5644">
    <p class='ocr_par' dir='ltr' id='par_1_121' title="bbox 1939 5575 2828 5644">
     <span class='ocr_line' id='line_1_125' title="bbox 1939 5575 2828 5644; baseline 0 -14"><span class='ocrx_word' id='word_1_728' title='bbox 1939 5583 1950 5614; x_wconf 71' lang='grc' dir='ltr'>ί</span> <span class='ocrx_word' id='word_1_729' title='bbox 1983 5579 2198 5644; x_wconf 84' lang='lat' dir='ltr'><strong>lnterpr.</strong></span> <span class='ocrx_word' id='word_1_730' title='bbox 2231 5590 2326 5628; x_wconf 82' lang='lat' dir='ltr'><strong>nec</strong></span> <span class='ocrx_word' id='word_1_731' title='bbox 2350 5575 2561 5644; x_wconf 59' lang='lat' dir='ltr'><strong>Dionys.</strong></span> <span class='ocrx_word' id='word_1_732' title='bbox 2590 5590 2684 5629; x_wconf 83' lang='lat' dir='ltr'><strong>nec</strong></span> <span class='ocrx_word' id='word_1_733' title='bbox 2708 5576 2828 5630; x_wconf 85' lang='lat' dir='ltr'><strong>lsid.</strong></span> 
     </span>
    </p>
   </div>
   <div class='ocr_carea' id='block_1_122' title="bbox 1936 5643 2568 5700">
    <p class='ocr_par' dir='ltr' id='par_1_122' title="bbox 1936 5643 2568 5700">
     <span class='ocr_line' id='line_1_126' title="bbox 1936 5643 2568 5700; baseline -0.013 1"><span class='ocrx_word' id='word_1_734' title='bbox 1936 5660 1955 5685; x_wconf 80' lang='grc' dir='ltr'><em>υ</em></span> <span class='ocrx_word' id='word_1_735' title='bbox 1983 5643 2175 5700; x_wconf 73' lang='lat' dir='ltr'><strong>Concil.</strong></span> <span class='ocrx_word' id='word_1_736' title='bbox 2206 5643 2466 5697; x_wconf 75' lang='lat' dir='ltr'><strong>Aurelian.</strong></span> <span class='ocrx_word' id='word_1_737' title='bbox 2500 5659 2568 5697; x_wconf 78' lang='lat' dir='ltr'><strong>tv.</strong></span> 
     </span>
    </p>
   </div>
  </div>
