3926 6216
504 353 632 411 um
977 324 984 332 ’
1316 351 1622 408 canones
1658 347 1934 406 suam
1971 347 2005 402 Ε

2104 350 2248 406 VET.
2289 353 2444 412 CAN.
2474 353 2796 416 εοιιεετ.
3502 365 3631 420 11³68

500 467 622 522 dote
672 463 1014 517 commonitus
1059 465 1074 527 (
1100 460 1219 512 γαν.
1272 459 1421 527 add.)
1471 473 1573 512 non
1628 452 2012 516 emendaverit,
2038 453 2086 510 Α
2114 454 2211 517 ria,
2256 457 2354 510 nisi
2382 473 2498 526 qua:
2517 459 2583 512 ad
2603 459 2905 527 religionem
2932 461 3162 523 deceant,
3195 463 3414 516 induere
3439 479 3632 532 prau-

499 561 778 624 cognoscat
805 565 860 603 se
887 563 1070 617 pacem
1097 546 1344 600 Ecclesia:
1371 560 1474 597 non
1501 545 1712 599 habere.

803 637 976 691 Canon
999 633 1424 701 Carthaginensis,
1449 649 1552 684 cera
1580 631 1642 684 16
1662 643 1708 683 ι.

567 726 789 799 [Placuit
812 723 889 793 ut]
930 723 1197 781 Lectores,
1251 734 1368 771 cum
1409 719 1474 770 ad
1520 731 1683 770 annos
1723 716 2014 782 pubertatis

496 816 841 888 pervenerint,
872 818 1125 878 cogantur
1157 815 1245 860 aut
1277 820 1468 859 uxores
1495 802 1699 866 ducere,
1732 813 1821 855 aut
1847 803 2012 855 conti-

495 909 721 960 nentiam
742 903 992 969 proﬁteri.

805 1003 807 1006 ‘
845 987 1021 1040 Canon
1050 983 1402 1054 Hipponensis,
1424 996 1528 1031 trra
1556 980 1587 1031 9
1610 979 1638 1016 δ

561 1078 632 1133 Ut
666 1077 840 1131 clerici
887 1075 948 1127 de
995 1072 1176 1137 judicii
1225 1071 1300 1122 sui
1327 1059 1634 1136 cognitione
1682 1064 1834 1132 (Var.
1866 1063 2006 1132 edd.)

493 1180 594 1219 non
623 1172 873 1229 cogantur
902 1162 952 1211 in
975 1159 1179 1225 publico
1202 1155 1376 1208 dicere
1396 1152 1782 1210 -testim0nium,
1821 1165 1917 1204 nec
1942 1151 2007 1203 ad

493 1250 845 1305 testimonium
874 1245 1147 1299 dicendum
1189 1240 1528 1295 ecclesiastici
1570 1237 1846 1304 cujuslibet
1883 1250 2003 1304 per-

491 1354 614 1394 tona
638 1338 887 1407 pulsetur.

604 1429 610 1434 ’
809 1425 982 1477 Conon
1015 1422 1381 1491 Lugdunensis,
1405 1436 1510 1472 trra
1539 1421 1601 1472 19
1627 1429 1648 1456 σ

551 1516 628 1568 Ad
669 1517 836 1568 locum
880 1513 1277 1565 exatninationis
1323 1524 1529 1563 reorum
1573 1507 1745 1560 nullus
1784 1506 2002 1558 clerico-

486 1619 597 1655 rum
623 1603 832 1655 accedat
862 1616 1028 1668 neque
1051 1601 1270 1651 intersit.
1303 1597 1451 1661 Quod
1472 1597 1515 1649 si
1542 1593 1769 1648 adfuerit
1794 1591 2000 1645 defrau-

482 1690 636 1742 datus
676 1690 959 1742 honestiori
1000 1689 1151 1746 stola,
1194 1686 1295 1744 illis
1319 1685 1561 1753 gregibus
1584 1683 1996 1736 examinatorum

483 1781 708 1831 societur
724 1792 858 1844 quos
887 1776 1074 1828 divinis
1101 1773 1383 1840 praetulerit
1407 1772 1686 1839 mysteriis.

825 1863 999 1914 Canon
1026 1862 1342 1927 Agat/tensis,
1367 1876 1470 1913 trra
1497 1859 1564 1912 55
1585 1857 1632 1909 ἀ.

543 1949 736 2004 Omnes
762 1949 936 2002 ClCl'iCi
968 1951 1054 2014 qui
1079 1949 1142 1999 ad
1168 1947 1484 2014 operandam
1511 1946 1667 1999 validi
1699 1954 1821 2000 sunt
1850 1943 1998 2014 [vali-

475 2037 649 2090 diores
673 2035 837 2105 sunt],
863 2035 1134 2087 artitieiola
1163 2044 1215 2085 et
1244 2033 1443 2084 litteras
1465 2032 1683 2085 discant.

1089 2119 1222 2170 Afra
1243 2119 1310 2172 58
1333 2130 1374 2170 θ.

545 2209 613 2263 Ut
648 2210 914 2267 diaconus,
966 2215 1220 2275 praesente
1264 2205 1590 2274 presbytero,
1623 2204 1994 2258 eucharistiam
2034 2237 2038 2241 ε

473 2296 708 2363 corporis
739 2295 929 2347 Christi
960 2295 1167 2362 populo,
1213 2293 1256 2344 si
1291 2292 1577 2345 necessitas
1621 2293 1778 2360 cogit,
1816 2293 1994 2359 jussus

474 2392 668 2452 eroget.
708 2381 726 2419 ί
759 2382 825 2436 Ut
860 2383 1106 2436 diaconus
1129 2380 1361 2449 quolibet
1387 2380 1499 2432 loco
1525 2378 1740 2446 jubente
1775 2380 1991 2448 presby-

469 2483 582 2526 tero
606 2471 804 2526 sedeat.

1093 2555 1369 2609 :Era60‘

541 2649 604 2701 Ut
630 2649 875 2700 diaconus
900 2655 1130 2714 tempore
1158 2653 1359 2700 tantum
1376 2644 1656 2700 oblationis
1673 2652 1730 2698 et
1750 2643 1992 2697 lectionis

467 2735 579 2788 alba
607 2744 799 2788 utatur.
1106 2727 1108 2729 ’

1077 2824 1207 2874 Αἳιά
1234 2822 1293 2875 61
1323 2824 1371 2873 ιι.

535 2912 603 2968 Ut
642 2911 966 2965 diaconusin
991 2919 1248 2964 conventu
1295 2912 1718 2982 presbyterorum
1763 2910 1987 2963 interro—

464 3010 617 3070 gntus
639 3000 898 3067 loquatur.

822 3085 997 3139 Conon
1028 3086 1372 3147 Laodicentis,
1401 3104 1505 3139 arra
1530 3087 1616 3140 25.

537 3179 550 3216 ι
575 3176 720 3242 Quod
742 3189 842 3227 non
872 3183 1107 3243 oporteat
1135 3175 1478 3228 subdiaconos
1516 3190 1706 3242 panem
1733 3175 1878 3235 dare,
1905 3174 1987 3227 vel

467 3263 679 3318 calicem
702 3264 1009 3317 benedicere

1097 3351 1229 3403 ru
1257 3352 1340 3404 26.

531 3449 545 3485 I
577 3436 723 3502 Quod
746 3437 908 3505 1ιί(ιαὶ
929 3452 1030 3488 non
1054 3446 1174 3489 sunt
1207 3437 1273 3489 ab
1295 3438 1538 3506 episcopo
1559 3438 1807 3500 ordinati,
1833 3452 1984 3490 exor-

461 3527 632 3578 cizare
659 3539 760 3578 non
787 3533 1018 3592 possunt.

829 3611 1003 3665 Canon
1028 3614 1316 3680 Africanus,
1345 3631 1448 3667 (cm
1469 3614 1536 3666 25
1556 3615 1601 3665 ι.

525 3702 759 3755 Clericus
787 3716 881 3755 nec
907 3716 1108 3755 comam
1135 3703 1349 3764 nutriat,
1383 3717 1480 3755 nec
1510 3701 1520 3738 ¹
1557 3686 1794 3754 barbam.

1066 3790 1197 3843 Era
1225 3791 1292 3844 26
1315 3803 1373 3842 ω.

526 3878 759 3932 Clericus
796 3877 1172 3944 professionem
1217 3893 1363 3930 suam
1406 3877 1565 3929 etiam
1606 3877 1786 3928 habitu
1822 3885 1874 3928 et
1904 3877 1980 3927 in-

2026 1733 2072 1791 B
2096 1748 2150 1794 et
2173 1743 2368 1795 ostium
2393 1743 2774 1812 derelinquere.

2013 3024 2060 3087 Ο

2110 549 2237 618 mat.
2279 542 2432 608 Quod
2455 545 2498 599 si
2524 555 2644 612 post
2684 547 2825 602 hanc.
2861 547 3213 602 deﬁnitionem
3257 549 3504 614 clericus,
3535 563 3633 607 aut

2109 643 2226 681 cum
2270 629 2526 684 indecenti
2563 641 2728 696 veste,
2753 643 2845 688 aut
2870 650 2988 688 cum
3017 636 3178 689 armis
3203 637 3448 690 inventus
3474 639 3634 694 fuerit

2111 710 2161 781 [a
2189 714 2394 768 seniore
2422 717 2493 768 ita
2519 717 2955 789 coerceatur,nt],
2988 721 3055 771 50
3087 722 3291 774 dierum
3338 723 3632 778 inclusione.

2106 799 2369 866 detentus,
2400 819 2532 872 aqua
2564 801 2764 860 tantum
2791 816 2844 861 et
2867 814 2890 840 °
2919 809 3106 861 modici
3136 810 3288 876 panis
3317 811 3490 865 edulio
3516 811 3632 865 die-

2107 888 2203 942 bus
2229 891 2443 958 singulis
2466 901 2805 946 sustentetur.

2464 977 2640 1032 Canon
2668 980 3015 1044 Laodicensis,
3045 999 3149 1034 arra
3174 983 3262 1036 20.

2173 1072 2199 1110 Ρ
2219 1061 2287 1116 Ut
2310 1063 2559 1117 diaconus
2597 1065 2774 1132 jussus
2801 1082 2830 1118 a
2855 1069 3158 1135 presbytero
3200 1071 3380 1122 sedeat
3407 1089 3420 1122 :
3446 1071 3636 1124 simili-

2103 1159 2182 1205 ter
2202 1160 2375 1205 autem
2398 1163 2452 1206 et
2478 1155 2779 1207 diaconibus
2797 1155 2966 1209 honor
2993 1157 3320 1221 exhibentur,
3367 1170 3422 1211 et
3449 1159 3637 1214 Sttbse-
3665 1195 3668 1197 -

2102 1240 2378 1305 quentibus
2401 1240 2667 1308 gradibus.

2725 1307 2859 1360 [Enr
2903 1307 2989 1360 21.

2168 1404 2194 1440 ιι
2217 1392 2366 1457 Quod
2391 1410 2493 1446 non
2526 1404 2764 1462 oporteat
2799 1397 3164 1458 subdiaconos,
3192 1407 3245 1450 et
3287 1397 3527 1466 reliquos
3557 1398 3637 1450 in-

2101 1477 2178 1529 tra
2203 1479 2431 1542 ordines,
2461 1481 2725 1534 Dominica
2755 1497 2877 1535 vasa
2899 1483 3218 1550 contingere.

2728 1570 2862 1622 Αἶγα
2915 1571 3001 1623 22.
3066 1586 3072 1592 ·

2168 1663 2190 1690 τ
2219 1654 2366 1719 Quod
2394 1671 2494 1709 non
2535 1664 2792 1724 oporteat,
2821 1658 2922 1710 nisi
2951 1657 3298 1711 subdiaconos
3325 1656 3401 1709 uti
3428 1656 3635 1715 orario.

2729 1831 2862 1883 ΛΞΜ
2882 1831 2968 1884 23.

2161 1916 2313 1982 Quod
2346 1931 2450 1970 non
2486 1927 2726 1985 oporteat
2758 1918 3002 1992 lectores,
3040 1926 3094 1972 et
3133 1927 3396 1980 cantores,
3439 1917 3643 1971 orariis

2094 2013 2186 2056 un.
2460 2071 2637 2126 Canon
2660 2074 3014 2137 Cwsariensis,
3040 2090 3145 2126 cra
3173 2073 3237 2125 ﬂ
3329 2087 3336 2091 ·

2160 2171 2180 2198 ·
2219 2162 2432 2215 Diaconi
2459 2161 2489 2212 7
2517 2176 2636 2215 esse
2662 2163 2867 2223 debent,
2898 2164 3135 2228 quamvis
3160 2176 3348 2230 magna
3389 2163 3459 2214 sit
3500 2161 3644 2214 civi-

2093 2254 2190 2310 tas,
2212 2249 2498 2300 secundum
2522 2247 2753 2315 regulam
2782 2245 3006 2300 Act.uum
3033 2249 3409 2316 apostolorum.

2493 2319 2672 2374 Cauon
2705 2322 2972 2387 Nica’nus,
3006 2339 3110 2375 a'ra
3138 2322 3241 2374 20;
3397 2352 3400 2366 ε

2164 2409 2180 2443 ί
2212 2406 2277 2460 Et
2312 2422 2378 2460 ne
2423 2408 2628 2462 diaconi
2670 2409 2991 2478 presbyteris
3030 2409 3398 2478 prmt‘erantur,
3458 2421 3640 2477 neque

2088 2493 2304 2546 sedeant
2323 2497 2375 2546 in
2404 2509 2652 2549 consessu
2678 2497 3124 2566 presbyterorum,
3152 2505 3242 2550 aut
3278 2497 3381 2550 illis
3401 2510 3638 2566 prasen-

2089 2581 2226 2634 tibus
2251 2581 2634 2635 Eucharistiam
2664 2584 2918 2647 dividant,
2947 2585 3037 2638 sed
3063 2585 3187 2654 [illis
3214 2583 3511 2654 agentibus]
3541 2597 3636 2637 so-

2087 2667 2350 2722 lummodo
2393 2671 2711 2724 ministrent.
2744 2672 2798 2725 Si
2828 2688 2954 2726 vero
2982 2677 3256 2743 presbyter
3287 2673 3460 2728 nullus
3478 2676 3547 2728 sit
3575 2675 3637 2728 in

2086 2758 2346 2824 prmsenti,
2378 2767 2502 2811 tunc
2525 2760 2734 2812 demum
2755 2761 2916 2813 etiam
2944 2763 3072 2829 ipsis
3103 2762 3282 2816 licere.
3323 2761 3493 2815 Aliter
3517 2760 3633 2832 [di-

2086 2845 2284 2916 videre]
2309 2861 2437 2900 vero
2462 2857 2698 2917 agentes,
2729 2849 2882 2917 abjici
2912 2852 3103 2904 debent
3130 2851 3376 2922 [jubentl.

2647 2936 2867 2991 CAPUT
2905 2938 3060 2993 XLV.

2322 3025 2387 3062 DE
2422 3025 2799 3064 VBNATIONIBL'S
2835 3029 2901 3066 ΕΤ
2942 3029 3383 3072 ιιοδιητΑιΑ-τλτε.

2463 3085 2678 3138 Canonu
2705 3087 3018 3154 Maticensis,
3049 3109 3153 3145 ara
3185 3095 3272 3147 15.

2158 3176 2410 3229 Volumus
2448 3177 2607 3246 igitur
2649 3180 2997 3248 episcopalem
3025 3183 3260 3248 domum,
3285 3201 3400 3253 qua-
3424 3187 3491 3239 ob
3520 3188 3635 3241 hoc

2085 3266 2324 3318 instituta
2349 3273 2449 3327 est,
2479 3276 2537 3319 ut
2563 3268 2676 3319 sine
2704 3283 3045 3336 personarum
3089 3275 3392 3340 acceptione
3427 3289 3625 3329 omnes

2083 3353 2136 3406 in
2167 3355 2524 3422 hospitalitate
2551 3356 2790 3424 recipiat,
2815 3372 2979 3414 .canes
3007 3374 3107 3412 non
3140 3361 3363 3425 habeat;
3398 3378 3464 3415 ne
3484 3362 3632 3416 forte

2083 3442 2171 3508 qui
2199 3442 2251 3493 in
2273 3441 2350 3494 eis
2374 3442 2704 3495 miseriarum
2729 3459 2940 3498 suarum
2968 3445 3202 3500 levamen
3240 3447 3432 3500 habere
3455 3451 3631 3502 coniti-

2082 3531 2226 3592 dunt,
2263 3529 2572 3584 infestorum
2597 3545 2784 3584 canum
2814 3533 3076 3587 morsibus
3102 3534 3537 3604 lanientnr(Add.
3571 3546 3631 3588 et

2081 3619 2235 3687 van).
2285 3620 2636 3674 Custodienda
2682 3629 2764 3674 est
2809 3622 2968 3689 igitur
3003 3623 3316 3690 episcopalis
3360 3624 3630 3677 habitatio

2081 3707 2308 3774 hymnis,
2351 3720 2454 3758 non
2498 3707 2800 3769 latratibus;
2827 3708 3074 3775 operibus
3113 3710 3280 3768 bonis,
3327 3724 3427 3761 non
3466 3724 3622 3770 mor-

2080 3794 2223 3847 sibus
2259 3793 2558 3856 ‘veucnosis.
2615 3792 2707 3847 Ubi
2751 3794 2908 3861 igitur
2935 3793 3026 3846 Dei
3047 3802 3128 3846 est
3148 3794 3424 3846 assiduitas
3446 3781 3627 3848 canti—

2080 3877 2225 3938 lcnar,
2266 3889 2554 3931 monstrum
2584 3891 2663 3931 est
2688 3878 3034 3946 etdedecoris
3072 3867 3217 3960 nota,
3256 3880 3517 3936 canesibi
3560 3887 3626 3934 et

459 3983 608 4023 cesso
656 3967 875 4035 probet:
907 3975 960 4020 et
991 3967 1106 4020 ideo
1134 3981 1229 4020 nec
1251 3965 1403 4034 (Var.
1437 3962 1576 4035 edd.)
1601 3963 1846 4024 vestium,
1883 3975 1980 4014 nec
2062 3966 2356 4033 accipitres
2387 3966 2641 4018 habitare.

457 4055 926 4111 calceamentorum
954 4054 1191 4105 decorem
1211 4061 1430 4119 quaerat.

829 4138 1004 4192 Canon
1031 4140 1350 4206 Agat/tensis,
1379 4155 1482 4192 rem
1507 4139 1596 4190 20.

523 4229 710 4283 Clerici
753 4229 842 4296 qui
886 4243 1088 4282 comam
1120 4229 1372 4290 nutriunt,
1409 4227 1553 4280 inviti
1583 4229 1862 4280 tendantur
1891 4225 1978 4295 [ab

2438 4053 2615 4106 Canon
2650 4053 2990 4122 Epaunensis,
3019 4073 3124 4109 trra
3152 4057 3181 4108 Ἰ
3211 4065 3254 4108 τ.

2144 4143 2434 4211 Episcopis,
2477 4143 2816 4211 presbyteris,
2857 4144 3182 4206 diaconibus,
3220 4160 3378 4199 canes
3413 4145 3480 4199 ad
3515 4161 3620 4207 γε-

2076 4231 2300 4286 nandum
2330 4240 2382 4283 et
2409 4231 2684 4296 accipitres
2712 4229 2906 4283 habere
2932 4245 3034 4283 non
3063 4231 3234 4292 liceat.
3283 4231 3339 4285 Si
3367 4231 3540 4302 [Quod
3565 4235 3620 4288 si

459 4318 839 4378 archidiacono,
862 4317 1064 4369 etiamsi
1088 4316 1361 4375 noluerint,
1385 4317 1529 4368 inviti
1553 4314 1971 4382 detondeantur].
2002 4341 2051 4398 ι)
2076 4318 2193 4382 quis
2221 4317 2398 4369 talium
2437 4320 2779 4388 personarum
2812 4316 2861 4366 in
2902 4316 2999 4369 hac
3038 4314 3194 4376 fuerit
3220 4317 3484 4373 voluntate
3519 4318 3619 4373 de-

461 4406 796 4468 \'estimenta,
819 4406 899 4458 vel
924 4407 1294 4466 calceamcuta,
1325 4405 1422 4457 nisi
1447 4420 1563 4472 qua:
1591 4404 1654 4455 ad
1682 4403 1838 4471 (Edd.
1870 4420 1968 4455 om.
2075 4413 2257 4466 tectus,
2288 4406 2330 4457 si
2367 4406 2641 4473 cpiscopus
2669 4403 2770 4474 est]
2809 4405 3080 4472 episcopus
3120 4405 3229 4458 haec
3266 4419 3627 4477 przrsumpse-

459 4494 546 4562 ad)
572 4492 871 4561 religionem
893 4493 1129 4555 deceant,
1157 4493 1234 4545 eis
1257 4492 1448 4544 habere
1474 4506 1574 4544 non
1606 4491 1776 4543 liceat.
2074 4495 2176 4554 rit,
2230 4493 2397 4545 tribus
2447 4493 2714 4545 mensibus
2765 4495 3131 4546 communione
3183 4508 3240 4546 se
3285 4496 3576 4560 suspendat
3602 4512 3624 4561 ;

834 4577 1007 4635 Canon
1031 4579 1338 4641 Maticensis,
1365 4596 1465 4630 arra
1495 4580 1527 4631 5
1549 4590 1594 4631 η.
2073 4580 2362 4647 presbyter,
2391 4577 2594 4630 duobus
2623 4563 2911 4639 alistincat;
2940 4592 3064 4640 uno,
3091 4578 3339 4630 diaconus
3371 4579 3438 4632 ab
3465 4582 3629 4635 omni

532 4677 597 4726 L‘t
624 4669 795 4724 nullus
834 4669 1055 4723 clericus
1091 4683 1270 4736 sagum
1299 4676 1387 4719 aut
1417 4670 1724 4720 vestimenta
1760 4667 1976 4719 swt-ula-
2073 4667 2241 4721 otIicio
2269 4675 2322 4720 et
2346 4672 2708 4720 communione
2735 4665 2974 4718 cessabit.

2146 4823 2170 4860 ἰ
2201 4822 2358 4874 Cone.
2386 4837 2436 4873 tv
2478 4821 2660 4873 Carth.
2685 4835 2731 4872 c.
2757 4821 2840 4871 Η.

2152 4891 2165 4926 ι
2198 4889 2314 4940 Var.
2341 4890 2457 4940 edd.
2486 4890 2600 4940 Vi'l.
2624 4896 2731 4940 not.
2759 4889 2808 4939 in
2839 4887 3039 4954 ult._ed.
3064 4887 3226 4954 Cone.

2145 4969 2181 4994 ιη
2212 4957 2283 5008 id.
2315 4957 2428 5008 cod.
2457 4957 2633 5014 Bari»;
2665 4969 2811 5006 conc.
2841 4969 2891 5006 tv
2917 4952 3096 5006 Carth.
3125 4969 3173 5007 c.
3199 4953 3286 5006 45.

2147 5034 2171 5060 η
2199 5023 2356 5076 Cone.
2390 5023 2658 5075 Matiscon.
2685 5037 2720 5073 ι.

2147 5099 2168 5123 ο
2201 5091 2322 5142 Var.
2353 5091 2467 5142 Vid.
2501 5098 2606 5141 not.
2627 5090 2722 5140 viri
2747 5089 2810 5142 cl.
2835 5086 2880 5140 Ι.
2907 5087 3190 5141 Sirmondi.

2145 5169 2170 5206 ι)
2193 5159 2382 5224 lnterp.
2421 5171 2516 5210 nec
2537 5158 2745 5221 Dionys.
2775 5170 2870 5209 nec
2894 5156 3015 5208 lsid.

2144 5237 2168 5274 q
2195 5225 2297 5278 Nec
2321 5227 2528 5292 llionys.
2558 5239 2651 5275 nec
2677 5225 2794 5292 Isid.

2148 5304 2168 5330 τ
2198 5293 2302 5345 Nec
2331 5291 2661 5359 Dionysinec
2681 5291 2800 5342 lsid.

2145 5372 2164 5396 '
2192 5361 2383 5425 lnterp.
2413 5357 2740 5428 necADionys.
2765 5373 2858 5409 nec
2881 5357 2997 5410 lsit.

2149 5428 2168 5463 ί
2196 5424 2398 5495 ΙΙιΙΘιῬ.
2418 5424 2610 5495 Rufini.

2142 5507 2168 5533 υ
2196 5494 2355 5551 Cone.
2386 5494 2655 5546 Matiscon.
2687 5509 2744 5545 ιι.

2145 5571 2169 5597 ⁷
2206 5564 2364 5618 Conc.
2390 5562 2680 5630 Epaunens.
2712 5577 2740 5614 c
2790 5559 2820 5610 ι

587 4816 944 4872 Conc.t.arth.
974 4833 1051 4880 ιιι,
1083 4832 1128 4869 c.
1177 4818 1266 4876 19;
1296 4818 1410 4870 cod.
1473 4833 1586 4870 can.
1633 4832 1680 4868 c.
1728 4819 1806 4870 l6.
1850 4819 1976 4871 Vide

453 4901 611 4944 811D]?!
619 4925 631 4937 .

579 4954 736 5007 Cone.
763 4950 939 5005 Carth.
966 4967 1019 5011 v,
1047 4967 1092 5004 c.
1118 4952 1164 5002 l.

576 5002 1119 5074 Ῠῗᾲῐητὶτῖιιαιξςὲόη,
1149 5035 1208 5079 ιι,
1229 5002 1288 5071 ε.
1324 5021 1403 5070 to.

523 5089 552 5128 δ
580 5089 652 5142 ld.
684 5089 875 5168 indeed.
917 5087 1069 5140 Barb.
1102 5088 1234 5139 Stat.
1265 5087 1484 5150 Ecclus;
1535 5090 1718 5141 cont-il.
1751 5104 1800 5139 tv
1849 5088 1976 5141 Car-

461 5157 883 5299 ίὴῗῖἀεξξῗίξτξ
905 5222 1369 5299 εοιιοὶιλῦίιινιΙ-ιθε.
1397 5238 1442 5275 c.
1471 5224 1555 5277 58.

531 5294 549 5331 ί
578 5293 636 5346 C.
666 5294 725 5346 B.
752 5307 799 5344 c.
823 5290 916 5351 50;
947 5290 1128 5344 concil.
1157 5307 1206 5341 IV
1232 5293 1472 5358 Carthag.
1498 5307 1542 5343 c.
1573 5293 1655 5345 59.

527 5363 553 5403 ⁸
580 5359 652 5416 Id.
679 5360 794 5415 cod.
821 5359 992 5421 Barb.;
1025 5372 1171 5412 conc.
1202 5373 1252 5411 iV
1281 5360 1523 5425 Carthag.
1549 5374 1595 5412 c.
1627 5360 1687 5411 41

523 5430 551 5468 δ
577 5429 651 5482 ld.
682 5429 799 5484 cod.
830 5425 1180 5496 Barb.;_conc.
1210 5441 1261 5479 tv
1287 5427 1530 5496 Carthag.
1558 5442 1602 5480 c.
1672 5428 1688 5479 l

532 5499 545 5536 ί
578 5497 770 5551 Eadem
793 5496 981 5562 intem.
1005 5494 1216 5562 Dionys.

527 5565 542 5611 ἑ
575 5564 765 5633 lnterp.
792 5577 887 5617 nec
910 5561 1118 5630 Dionys.
1142 5561 1242 5616 nec
1272 5562 1388 5615 Isid.
