3926 6216
552 362 679 413 1051

1363 320 1672 423 CANONES
1709 366 1987 423 SELECTI
2025 366 2115 421 EX
2154 369 2302 424 VET.
2345 370 2493 425 CAN.
2537 370 2856 427 COLLECT.

3551 375 3701 431 ωδε

548 466 922 543 [probabiliter]
950 483 1243 543 acceptetur
1262 494 1274 539 ;
1296 477 1399 530 nisi
1421 480 1507 531 ubi
1547 495 1736 547 corpus
1767 490 1849 532 aut
1882 480 2066 547 aliqua:
2094 483 2137 538 Α
2164 488 2418 544 potestate
2448 484 2751 535 consistant.
2784 480 2846 536 Et
2880 485 2919 537 si
2947 486 3069 550 quid
3097 495 3279 541 contra
3305 488 3500 560 [extra]
3530 504 3703 557 regu-

549 556 777 623 t'eliquia:
798 574 935 621 sunt,
964 561 1137 633 (ναν.)
1166 564 1233 616 ibi
1262 572 1470 619 auctore
1494 567 1591 620 hoc
1614 568 1831 632 alicujus
1860 568 2058 620 habita-

547 645 699 698 tionis
721 649 797 699 vel
822 653 1074 716 passionis
1090 652 1395 733 fidelissima
1421 655 1621 723 origine
1646 657 1898 708 tradatur.
1929 654 2059 707 Nam

450 790 453 791 ν
547 745 663 796 qua
714 749 805 800 per
848 737 1046 788 somnia
1088 747 1135 788 et
1180 754 1272 805 per
1312 740 1492 794 inanes
1529 741 1674 807 quasi
1718 741 2061 794 revelationes

546 819 809 874 hominum
834 827 1215 877 constituuntur
1241 827 1444 889 altaria,
1470 829 1580 881 haec
1606 823 1744 881 omni
1768 828 1920 881 modo
1940 842 2060 896 pro-

545 904 789 960 hibentur
809 910 1209 981 [rcprobentur].

1074 1002 1077 1003 ί
1139 1022 1355 1076 CAPUT
1391 1023 1451 1076 L.

932 1121 994 1157 DE
1030 1120 1273 1160 SOIUIBL'S
1306 1126 1370 1162 ET
1408 1125 1661 1164 AUGURllSo

891 1187 1065 1243 Canon
1094 1194 1420 1257 Arelatensis,
1448 1212 1551 1248 trra
1579 1196 1644 1247 24
1670 1206 1714 1246 ³.

607 1297 707 1363 Qui
741 1296 936 1369 faculas
974 1302 1280 1362 accendunt,
1324 1313 1412 1355 aut
1449 1303 1661 1355 arbores
1696 1311 1787 1369 aut
1820 1317 1942 1356 saxa
1977 1305 2058 1357 vel

537 1386 706 1440 fontes
733 1398 1064 1460 venerantur,
1096 1391 1139 1443 si
1168 1391 1265 1443 hoc
1293 1390 1467 1461 (ναν.)
1497 1380 1770 1458 episcopus
1794 1391 1892 1444 loci
1921 1393 2057 1446 illius

534 1488 718 1527 eruere
745 1477 1052 1544 neglexerit,
1080 1479 1334 1547 sacrilegii
1363 1495 1506 1533 reum
1534 1494 1591 1533 se
1614 1493 1730 1534 esse
1755 1488 2052 1549 cognoscat.

535 1562 780 1617 Dominus
821 1576 990 1619 autem
1028 1569 1299 1623 ordinatur
1340 1568 1413 1622 rei
1456 1569 1637 1635 ipsius,
1676 1569 1731 1622 si
1760 1569 2056 1622 admonitus

531 1651 805 1705 emendare
828 1653 1068 1717 noluerit,
1094 1657 1456 1709 communione
1479 1655 1727 1722 privetur.
1796 1676 1803 1679 -

853 1760 1026 1815 Conon
1056 1764 1430 1830 Africanorum,
1460 1780 1563 1817 tera
1591 1763 1656 1815 74
1680 1763 1727 1814 ιι.

593 1862 858 1933 Auguriis,
899 1867 978 1919 vel
1020 1870 1461 1923 incantationibus
1496 1870 1827 1935 servientem,
1858 1886 1888 1923 a
1927 1886 2050 1925 con-

529 1959 681 2007 ventu
709 1954 943 2009 ecclesia;
969 1960 1332 2024 separandum.

758 2062 933 2118 Canon
965 2049 1414 2133 Agathensis,'a’m
1443 2067 1509 2122 ω
1533 2067 1683 2137 [Can.
1711 2067 1816 2138 42].

595 2169 651 2221 Si
678 2173 796 2237 quis
823 2182 1008 2237 sortes,
1035 2188 1167 2241 quas
1199 2185 1499 2229 sanctorum
1521 2184 1729 2240 vocant,
1758 2176 1931 2248 (Van)
1958 2177 2051 2231 ha-

526 2260 727 2324 buerit,
771 2260 848 2313 vel
895 2262 1231 2319 divinationis
1270 2268 1541 2322 scientiam
1587 2269 1913 2336 proﬁteatur,
1961 2279 2053 2324 aut

524 2362 952 2418 quarumeunque
980 2354 1354 2421 scripturarum
1386 2357 1703 2425 inspectione
1733 2358 1904 2413 futura
1928 2375 2052 2428 pro-

525 2432 697 2486 mittat
724 2451 735 2485 :
759 2435 1053 2504 quicunque
1076 2438 1319 2508 [clericus
1337 2441 1415 2496 vel
1436 2441 1599 2498 laicus
1620 2445 1851 2500 detectus
1870 2446 2048 2520 fuerit]

456 2565 463 2573 .
524 2520 636 2573 haec
671 2522 941 2599 consulere
976 2525 1057 2579 vel
1086 2527 1271 2582 docere
1295 2534 1703 2601 prarsumpserit,
1735 2536 1801 2589 ab
1827 2536 2045 2591 ecclesia

526 2608 780 2668 habeatur
801 2619 1094 2668 extraneos.

837 2718 1011 2775 Conon
1040 2709 1436 2792 Aurelianensis,
1465 2746 1570 2782 tera
1598 2731 1664 2784 26
1690 2743 1735 2783 ο.

588 2821 644 2876 Si
671 2825 788 2891 quis
814 2826 1157 2884 divinationes
1188 2833 1267 2885 vcl
1304 2837 1518 2905 auguria
1555 2840 1833 2894 crediderit
1866 2844 2046 2898 obser-

520 2913 706 2975 vanda,
729 2914 807 2967 vel
833 2926 1021 2981 sortes,
1043 2935 1170 2987 quas
1195 2926 1512 2980 mentiuntur
1538 2927 1695 2982 fuisse
1719 2940 2041 2995 sanctorum,

520 3002 699 3071 (Αάά.)
726 3019 842 3058 cum
868 3006 947 3059 bis
969 3011 1057 3076 qui
1095 3012 1170 3066 eis
1201 3015 1515 3069 crediderint
1542 3018 1607 3072 ab
1632 3018 1879 3075 Ecclesiae
1903 3037 2045 3077 como

518 3090 761 3144 munione
788 3093 1028 3161 pellatur.

850 3200 1025 3255 Conon
1052 3205 1406 3274 Ancyritanus,
1435 3226 1539 3263 avra
1566 3212 1633 3265 24
1655 3213 1701 3266 ἀ.

585 3305 681 3373 Qui
705 3311 918 3376 auguria
940 3311 1017 3364 vel
1039 3315 1286 3382 auspicia,
1304 3329 1394 3372 aut
1414 3320 1760 3378 divinationes
1782 3318 2041 3393 quaslibet

516 3396 815 3461 observant,
850 3407 939 3452 aut
976 3401 1154 3456 domos
1191 3420 1314 3458 suas
1352 3406 1594 3471 lustrant,
1633 3412 1855 3465 confessi
1890 3414 2041 3481 quiat-

517 3482 742 3550 quennio
764 3485 1121 3552 paenitentiam
1145 3499 1317 3558 agant.

1108 3596 1326 3652 CAPUT
1365 3600 1443 3653 ιι.

728 3696 791 3736 DE
828 3698 1077 3749 CLERICIS,
1113 3701 1362 3742 ιιοΜοιιιε
1397 3704 1489 3742 γει.
1524 3706 1818 3745 Αιιωτιιιιτς.

590 3868 613 3895 ο
650 3857 747 3922 Qui
776 3858 936 3911 semel
965 3860 1015 3911 in
1042 3860 1183 3915 clero
1209 3863 1442 3931 deputati
1471 3876 1613 3929 sunt,
1645 3876 1736 3921 aut
1763 3872 2043 3923 monacho-

518 3959 631 3996 rum
666 3945 822 3996 vitam
848 3947 1201 4012 expetierunt,
1234 3950 1509 4005 statuimus
1541 3960 1597 4004 ut
1621 3968 1788 4022 neque
1815 3953 1879 4007 ad
1910 3955 2043 4008 mili-

517 4032 644 4083 tiam
673 4046 839 4099 neque
865 4034 928 4085 ad
953 4035 1177 4101 aliquam
1201 4037 1503 4106 dignitatem
1525 4043 1701 4096 venire
1726 4054 2043 4112 praesumant

519 4120 831 4173 numdanam
856 4140 867 4173 :
897 4130 983 4174 aut
1005 4122 1115 4176 haec
1143 4132 1406 4180 tentantes
1431 4136 1484 4182 et
1508 4143 1608 4181 non
1635 4138 1850 4198 agentes
1877 4133 2044 4198 pomi-

517 4204 756 4269 tentiam,
786 4208 1062 4275 quominus
1088 4211 1302 4264 redeant
1328 4212 1515 4267 adhoc
1538 4216 1676 4282 quod
1701 4225 1915 4286 propter
1941 4218 2042 4272 Do-

517 4293 710 4346 minum
734 4295 974 4362 primitus
1003 4297 1287 4375 elegerunt,
1317 4304 1841 4361 anathematizentur.

845 4403 1021 4458 Canon
1046 4406 1441 4475 Aurelianensis,
1471 4429 1574 4465 trra
1603 4415 1635 4467 9
1669 4414 1710 4467 ί.

528 4512 537 4515 ‘
586 4506 646 4559 ili
673 4510 759 4575 qui
798 4522 1035 4580 suscepta
1064 4518 1368 4582 poenitentia
1406 4520 1653 4590 religione
1691 4538 1799 4578 suae
1834 4528 2034 4593 profes-

514 4594 677 4647 sionis
702 4596 845 4651 obliti
869 4601 932 4652 ad
963 4603 1228 4659 szccularia
1268 4607 1586 4680 relabuntur,
1611 4629 1641 4666 a
1672 4619 2034 4672 communione

514 4690 570 4735 et
607 4686 834 4739 omnium
872 4689 1245 4745 catholicorum
1286 4681 1521 4750 convivio
1559 4713 1865 4775 separentur
1905 4704 2033 4775 [plas

514 4772 645 4833 cuit,
666 4782 789 4835 ctc.,
814 4778 1103 4848 suspendi].
1129 4779 1303 4851 (ναν.)
1330 4782 1384 4838 Si
1413 4793 1537 4841 vero
1565 4771 1613 4858 pi
1634 4798 1680 4842 st
1705 4771 2037 4849 interdictum

515 4873 636 4912 cum
670 4875 732 4914 eo
760 4864 876 4930 quis
903 4870 1288 4934 presumpserit
1320 4875 1651 4939 manducare,
1683 4886 1733 4931 et
1760 4878 1870 4946 ipse
1896 4895 2037 4934 com-

517 4950 763 5004 munione
790 4954 1036 5019 privetur.

1126 5044 1260 5097 Αἰνα
1293 5046 1352 5099 15
1385 5049 1428 5100 ⁸.

583 5123 808 5179 Abbates
835 5142 932 5195 pro
969 5129 1262 5187 humilitate
1289 5134 1555 5204 religionis
1580 5139 1630 5191 in
1667 5143 2029 5211 episcoporum

586 5263 610 5289 -
648 5250 807 5319 conc.
835 5253 972 5307 Arel.
998 5240 1058 5319 ιι,
1086 5272 1132 5311 c.
1161 5259 1246 5312 25.

515 5399 565 5439 ε.
586 5317 781 5440 lgms-tat.
807 5320 945 5376 Eccl.
975 5325 1027 5377 in
1046 5317 1161 5380 cod.
1187 5326 1340 5381 Barb.
1368 5344 1415 5382 c.
1440 5329 1535 5395 85;
1577 5330 1737 5386 Cone.
1762 5348 1813 5385 IV
1848 5333 2027 5388 Carth.

586 5465 607 5484 θ’
647 5454 803 5521 Cone.
830 5455 1003 5511 Aurel.
1033 5475 1071 5521 t,
1099 5475 1144 5515 c.
1171 5462 1256 5516 50.

586 5521 609 5606 εξ
745 5524 905 5606 irrGr.
929 5542 974 5579 c.
998 5528 1084 5591 '25,
1109 5530 1160 5583 in
1182 5531 1369 5601 interp.
1398 5533 1606 5605 Dionys.
1633 5545 1681 5589 et
1712 5535 1828 5589 Isid.
1865 5553 1891 5589 a
1917 5538 2031 5606 qui-

517 5587 615 5644 bus
640 5589 737 5643 ista
766 5593 1041 5661 discrepat.

2158 570 2259 622 lam
2292 570 2525 633 fecerint,
2562 575 2626 624 ab
2663 576 2917 639 episcopis
2968 577 3334 644 corripiantur,
3379 595 3472 646 qni
3517 578 3694 632 semel

2158 660 2210 711 in
2239 675 2394 720 anno,
2427 662 2476 711 in
2522 660 2688 712 locum
2736 663 2820 712 ubi
2872 662 3143 730 cpiscopus
3193 666 3429 733 elegerit,
3463 675 3693 734 accepta

2157 746 2426 798 vocatione
2483 751 2811 802 conveniant.
2882 751 3114 806 Monachi
3166 762 3340 807 autem
3398 754 3689 808 abbatibus

2158 834 2296 885 omni
2345 849 2399 887 sc
2432 838 2723 888 obodicntia
2759 838 2781 875 ιι
2812 847 2859 889 et
2898 838 3170 892 deVotione
3200 841 3495 905 subjiciunt.
3528 839 3688 904 Quod

2158 919 2201 970 si
2228 922 2343 985 quis
2371 934 2464 985 per
2488 923 2868 974 contumaciam
2904 924 3164 976 exstiterit
3191 938 3295 977 non
3320 926 3560 985 devotus,
3589 931 3685 977 aut

2157 1020 2249 1071 per
2276 1008 2445 1075 aliqua
2487 1009 2595 1061 loca
2646 1011 2872 1075 evagari,
2903 1021 2990 1063 aut
3025 1013 3285 1081 peculiare
3311 1014 3504 1067 habere
3544 1029 3681 1082 prae-

2157 1095 2455 1159 sumpserit,
2490 1097 2663 1149 omnia
2711 1112 2825 1163 qua}
2876 1098 3176 1164 acquisierit
3222 1100 3495 1153 abbatibus
3525 1099 3683 1154 aufe-

2158 1188 2357 1239 rantur,
2403 1182 2685 1234 secundum
2738 1184 2968 1251 regulam
3019 1186 3333 1240 monasterio
3378 1187 3687 1254 profutura.

2156 1264 2254 1330 Ipsi
2286 1276 2459 1319 autem
2492 1269 2579 1334 qui
2615 1269 2807 1322 fuerint
2834 1273 3123 1338 pervagati,
3153 1274 3449 1342 ubicunque
3476 1276 3685 1329 inventi

2155 1351 2367 1415 fuerint,
2413 1367 2531 1406 cum
2561 1356 2757 1409 auxilio
2781 1357 3011 1425 episcopi
3044 1367 3289 1426 tanquam
3323 1359 3538 1428 fugaces
3579 1362 3685 1416 sub

2156 1440 2387 1494 custodia
2415 1452 2741 1496 revocentur.
2793 1444 2855 1496 Et
2883 1459 3028 1497 reum
3050 1459 3107 1499 se
3139 1447 3224 1501 ille
3249 1448 3411 1502 abbas
3438 1447 3682 1502 futurum

2153 1541 2267 1583 esse
2293 1540 2585 1598 cognoscat.
2617 1532 2703 1598 qui
2737 1532 2834 1603 [in]
2865 1534 3158 1602 huiusmodi
3186 1550 3437 1602 personas
3462 1553 3570 1591 non
3595 1551 3679 1597 re-

2151 1616 2318 1682 gulari
2367 1619 2818 1672 animadversione
2859 1622 3203 1687 distrinxerit,
3257 1623 3339 1676 vel
3367 1625 3675 1692 quintana-

2154 1707 2309 1757 chum
2347 1708 2637 1773 susceperit
2657 1708 2902 1761 alienum.

2468 1793 2644 1847 Conon
2671 1795 3115 1859 Chalcedonam,
3143 1814 3248 1850 trra
3271 1806 3344 1866 ἰη

2224 1883 2239 1919 ί
2283 1879 2562 1935 Monachus
2598 1896 2852 1949 vero.pcr
2892 1898 3313 1952 unamquamque
3350 1886 3680 1954 provinciam

2150 1977 2238 2020 aut
2280 1969 2547 2023 civitatem
2602 1969 2864 2037 subjectos
2892 1986 3009 2025 esse
3047 1975 3329 2041 episcopo:
3368 1983 3422 2028 et
3445 1976 3679 2042 quietem

2147 2055 2400 2124 diligere;
2461 2065 2516 2109 et
2553 2058 2780 2113 intentos
2823 2073 2939 2112 esse
2984 2063 3343 2116 tantummodo
3386 2061 3587 2130 jejunio
3626 2071 3677 2117 et

2145 2146 2410 2210 orationi;
2447 2154 2817 2213 permanentes
2850 2148 2901 2199 in
2936 2148 3087 2212 locis,
3118 2150 3170 2202 in
3199 2150 3391 2218 quibus
3409 2151 3692 2207 renuntia-

2147 2243 2335 2295 verunt
2355 2232 2544 2287 smculo
2567 2251 2581 2296 ς
2609 2249 2705 2287 nec
2729 2234 3100 2288 ecclesiasticis
3148 2250 3315 2304 neque
3336 2224 3687 2291 molaribus-

2146 2323 2368 2391 negotiis
2396 2324 2799 2386 communicare,
2836 2323 2917 2375 vel
2959 2324 3010 2376 in
3037 2324 3212 2390 aliquo
3237 2338 3355 2376 esse
3399 2324 3675 2387 molestos,

2145 2414 2356 2479 propria
2410 2413 2725 2466 monasteria
2775 2414 3077 2469 deserentes
3105 2432 3117 2467 :
3148 2416 3247 2468 nisi
3276 2414 3413 2468 forte
3439 2415 3517 2468 eis
3541 2429 3682 2482 prta-

2145 2502 2369 2570 cipiatnr
2392 2511 2605 2570 propter
2622 2518 2755 2570 opus
2781 2507 3134 2565 necessarium
3168 2508 3242 2560 ab
3264 2507 3516 2576 episcopo
3541 2508 3675 2561 civi-

2146 2590 2288 2642 tatis.
2329 2591 2535 2644 anlum
2563 2605 2687 2644 vero
2715 2594 3034 2647 monasterio
3080 2609 3290 2647 servum
3321 2595 3540 2648 obtentu
3564 2610 3673 2650 tuo

2144 2676 2297 2727 nachi
2326 2685 2537 2742 propter
2560 2678 2637 2730 sui
2664 2677 2859 2731 domini
2885 2680 3258 2733 conscientiam
3281 2681 3461 2746 recipi.
3487 2681 3687 2736 Trans—

2143 2765 2464 2832 gredientem
2494 2781 2617 2819 \eio
2644 2768 2659 2819 l
2683 2782 2776 2820 anc
2804 2769 3157 2825 deﬁnitonem
3200 2778 3430 2823 nostram
3459 2785 3670 2824 excom-

2142 2852 2463 2906 municatum
2524 2870 2637 2907 esse
2702 2856 3049 2918 decrevimus,
3095 2872 3162 2910 ne
3214 2872 3403 2911 nomen
3468 2857 3682 2911 Domini

2142 2942 2547 3008 blaspltcmctu..
2622 2944 2986 2998 Verumtamen
3067 2946 3365 3013 episcopum
3430 2947 3675 3002 convenit

2143 3037 2501 3096 competenter
2563 3033 3000 3103 monasteriorum
3049 3031 3428 3099 providentiam
3466 3046 3674 3101 gerere.

2357 3115 2532 3169 Conon
2558 3117 2879 3185 Agatltcnsia,
2908 3133 3011 3170 arra
3042 3116 3106 3170 19
3136 3114 3285 3186 [Cum
3316 3115 3425 3185 27].

2208 3205 2572 3257 Monasterium
2603 3220 2730 3258 vero
2745 3219 2957 3266 novum,
2975 3205 3069 3257 nisi
3084 3205 3327 3271 episcopo
3339 3204 3674 3271 permittente

2140 3292 2249 3363 [aut
2275 3292 2548 3361 probante]
2582 3293 2811 3359 incipere
2840 3301 2929 3343 aut
2958 3292 3174 3344 fundare
3192 3305 3343 3343 nemo
3366 3300 3675 3358 praesumat.

2138 3379 2376 3431 Monachi
2407 3387 2581 3431 autem
2602 3386 2849 3445 vagantes
2877 3380 2941 3431 ad
2982 3377 3207 3429 ollicium
3235 3375 3535 3437 clericatus,
3567 3377 3672 3430 nisi

2137 3471 2215 3523 eis
2241 3470 2598 3523 testimonium
2628 3470 2790 3522 abbas
2820 3483 2944 3523 suus
2971 3468 3193 3531 dederit,
3221 3481 3389 3535 neque
3412 3467 3464 3518 in
3486 3467 3667 3519 civita—

2140 3560 2293 3617 tibus.
2355 3568 2519 3627 neque
2572 3562 2625 3611 in
2670 3558 2930 3625 parochiis
2978 3556 3304 3611 ordinentur.
3357 3553 3673 3610 Monachum

2139 3662 2283 3710 vero,
2312 3649 2410 3699 nisi
2463 3647 2666 3700 abbatis
2694 3646 2775 3698 sui
2822 3645 3079 3713 permissu
3110 3645 3225 3714 [aut
3268 3643 3582 3715 voluntate],
3609 3646 3674 3699 ad

2137 3736 2361 3790 alterum
2382 3736 2755 3788 monasterium
2780 3734 3087 3802 migrantem
3116 3733 3290 3787 nullus
3315 3733 3474 3787 abbas
3501 3734 3664 3801 susci-

2139 3838 2262 3891 pere
2290 3831 2379 3876 aut
2407 3824 2635 3875 retinere
2682 3829 2964 3892 praesumat
2990 3839 3001 3874 :
3031 3821 3122 3875 sed
3171 3822 3464 3889 ubicunque
3489 3819 3673 3883 fuerit,

2139 3912 2313 3964 abbati
2339 3926 2433 3964 suo
2456 3912 2768 3964 auctoritate
2796 3925 3053 3964 canonum
3092 3920 3380 3964 revocetur.
3407 3910 3462 3964 Si
3486 3925 3671 3964 neces—

2138 4015 2193 4053 sc
2224 3981 2353 4051 fﬁeri
2409 4000 2473 4051 ad
2498 3996 2723 4050 ollicium
2759 3997 3036 4050 clericatus
3080 3997 3352 4066 [clericum
3391 3999 3454 4051 de
3481 4012 3671 4050 mona-

2137 4089 2249 4142 chis
2296 4084 2574 4153 ordinari],
2625 4098 3031 4139 cum-consensu
3071 4085 3417 4138 et'voluntate
3461 4085 3671 4138 abbatis

2137 4175 2446 4229 monachum
2478 4182 2758 4243 praesumat
2794 4175 3084 4243 cpiscopus.
3134 4170 3285 4244 (Con.
3326 4173 3438 4243 28.)
3488 4173 3669 4228 Mona-

2134 4264 2291 4315 steria
2350 4262 2661 4330 puellarum,
2712 4261 2916 4331 longius
2958 4278 2987 4317 a
3016 4264 3347 4318 monasteriis
3380 4265 3668 4317 monacho—

2139 4364 2249 4402 rum
2275 4349 2594 4403 collocentur
2627 4357 2839 4418 propter
2868 4350 3087 4403 iusidias
3128 4349 3343 4413 diaboli,
3378 4349 3460 4403 vel
3484 4350 3669 4405 obtre~

2067 4419 2113 4477 Ῑ)
2136 4437 2391 4490 elationes
2417 4433 2813 4506 [oblocutiones]
2845 4426 3131 4488 hominum.

2764 4521 2836 4574 ΛΞ
2843 4539 2898 4576 ra
2936 4522 3019 4574 38.

2204 4611 2532 4665 Servandum
2586 4626 2793 4679 quoque
2818 4610 2880 4664 de
2908 4609 3198 4671 monachis,
3230 4624 3296 4662 ne
3326 4610 3401 4663 eis
3429 4625 3526 4679 per
3546 4607 3663 4683 [ad]

2139 4701 2399 4754 Solitarias
2423 4700 2636 4753 cellulas
2664 4700 2818 4752 liceat
2843 4713 2873 4750 a
2901 4699 3301 4765 congregatione
3345 4697 3663 4762 discedere;

2139 4786 2235 4839 nisi
2268 4784 2399 4840 forte
2444 4786 2671 4854 probatis
2701 4795 2816 4854 post
2851 4786 3098 4838 emeritos
3126 4784 3352 4850 labores,
3379 4797 3472 4839 aut
3514 4785 3669 4841 inﬁr-

2138 4874 2333 4927 mitatis
2361 4875 2686 4935 necessitae,
2716 4874 2950 4940 asperior
2976 4873 3042 4926 ab
3067 4871 3344 4926 abbatibus
3372 4873 3555 4943 regula
3579 4889 3667 4929 re-

2136 4961 2389 5015 mittatur.
2442 4961 2595 5029 (Add.
2627 4971 2672 5011 et
2704 4962 2834 5026 var.)
2873 4958 3070 5013 Tamen
3118 4957 3257 5014 intra
3298 4961 3481 5016 eadem
3511 4974 3669 5032 septa

2137 5048 2458 5110 monasterii,
2494 5048 2589 5100 sub
2607 5046 2811 5101 abbatis
2837 5056 3095 5118 potestate
3145 5057 3416 5116 separatas
3460 5050 3665 5107 habere

2132 5137 2343 5189 cellulas
2371 5138 2759 5204 perinittantur.

2203 5280 2224 5306 υ
2262 5269 2419 5322 Cone.
2461 5267 2701 5336 Chalced.
2738 5282 2785 5321 c.
2833 5267 2882 5319 7.
2923 5266 3113 5336 Interp.
3153 5281 3250 5320 nec
3297 5267 3511 5330 Dionvs.
3563 5284 3668 5325 nec

2130 5335 2247 5388 lsirl.
2278 5336 2406 5388 Vide
2432 5351 2577 5388 conc.
2596 5335 2868 5403 iAndegav.
2894 5351 2942 5390 c.
2970 5335 3020 5385 7.

2204 5403 2221 5440 ί
2263 5403 2421 5455 Cone.
2451 5402 2627 5455 Aurel.
2658 5419 2696 5464 ι,
2725 5418 2770 5455 c.
2804 5404 2885 5454 ll.

2202 5473 2225 5508 ε
2272 5469 2446 5536 Ejusd.
2472 5484 2614 5522 conc.
2654 5486 2701 5524 c.
2732 5470 2814 5523 l9.

2199 5541 2221 5577 ιι
2264 5535 2384 5589 Vitr.
2419 5536 2543 5590 Vide
2564 5545 2670 5589 not.
2700 5537 2766 5589 cl.
2796 5535 2843 5589 «Ι.
2883 5535 3162 5591 Sirmondi.

2209 5607 2217 5642 ί
2264 5604 2531 5657 Paululum
2559 5605 2727 5658 dill'ert
2749 5605 2814 5657 ab
2844 5606 3109 5671 interpret.
3143 5601 3358 5670 Dionys.
