3926 6216
324 367 347 417 ί
361 367 475 420 055

608 477 780 529 Conon
810 475 1202 535 Aurelianensis,
1236 489 1340 525 tera
1375 473 1438 525 18
1465 484 1509 522 ι.

395 566 647 620 Monacho
668 565 743 616 uti
775 562 967 622 orario,
1020 560 1092 628 [in
1113 558 1448 627 monasterio]
1471 559 1550 611 vel
1577 559 1604 597 δ
1627 558 1835 626 ciangas

311 654 520 707 habere
544 666 644 704 non
679 651 849 702 liceat.

651 735 826 789 Canon
855 735 1179 796 Arelatensis,
1210 750 1313 786 arra
1341 733 1376 785 2
1411 744 1456 783 ο.

392 829 463 884 Ut
487 827 803 881 monasteria
830 831 881 877 et
920 823 1289 876 monachorum
1333 819 1598 887 disciplina
1626 818 1689 871 ad
1716 833 1834 871 eum

303 921 617 988 pertineant
655 918 952 983 episcopum
994 915 1046 965 in
1077 913 1223 980 cujus
1271 921 1391 963 sunt
1422 908 1682 962 territorio
1709 922 1833 960 con-

305 1009 523 1062 stituta.

598 1091 771 1145 Canon
808 1089 1245 1150 Chalcedonensrs,
1277 1103 1379 1139 trra
1407 1086 1492 1138 ‘24.

383 1197 411 1222 α
451 1184 574 1248 Qua:
622 1181 779 1235 semel
808 1180 1040 1232 dedicata
1091 1185 1212 1230 sunt
1262 1173 1574 1229 monasteria
1617 1172 1834 1225 consilio

303 1275 698 1342 episc0porum,
729 1275 974 1322 maneant
1012 1272 1263 1334 perpetuo
1285 1263 1597 1316 monasteria
1625 1279 1635 1312 :
1676 1270 1728 1314 et
1751 1276 1833 1313 res

303 1376 434 1426 qua:
457 1359 521 1412 ad
542 1372 605 1411 ea
621 1355 883 1424 pertinent
910 1353 1022 1406 loca
1045 1351 1374 1405 monasteriis
1398 1362 1664 1402 reservare
1683 1363 1832 1416 opor-

302 1456 409 1506 tet,
436 1457 532 1496 nec
563 1455 711 1510 posse
739 1438 872 1492 ultra
925 1437 1040 1490 fieri
1072 1437 1342 1490 saecularia
1394 1434 1704 1488 habitacula.
1735 1433 1831 1498 Qui

302 1547 440 1584 vero
475 1532 576 1584 hoc
599 1528 712 1581 ﬁeri
751 1525 1103 1594 permiserint,
1129 1537 1386 1577 canonum
1414 1521 1685 1575 sententiis
1706 1522 1827 1572 sub-

294 1619 575 1684 }acebunt.
804 1688 808 1690 _

602 1704 780 1758 Canon
805 1702 1301 1771 Augustodunensts,
1325 1713 1428 1750 (era
1457 1696 1502 1748 Ι.

1135 358 1439 415 CANONES
1477 356 1752 412 SELECTI
1790 355 1877 426 EX
1916 354 2067 407 VET.
2109 352 2258 406 CAN.
2299 353 2616 408 COLLECT.

1857 470 1900 523 Α
1931 464 2082 532 (Ade.
2129 476 2174 518 et
2217 473 2345 535 var.)
2394 466 2540 531 Quod
2579 467 2622 519 si
2676 468 2950 520 verborum
2997 469 3433 536 increpationibus

3303 357 3431 410 {05’s
3463 389 3468 399 κ

1934 568 2035 606 non
2057 555 2458 616 emendaverint,
2497 554 2796 607 verberibus
2823 569 3178 610 coerceantur.

2289 641 2352 695 In
2379 643 2586 711 epistola
2613 643 2785 697 Siricii
2831 663 2972 712 papre
3005 649 3046 697 ε.

2000 727 2276 783 Monachus
2319 746 2542 798 quoque,
2588 747 2719 798 quos
2746 749 2949 786 morum
2999 735 3226 802 gravitas
3248 723 3438 790 et'vita

1931 825 2110 868 sancta
2160 815 2234 885 [et
2257 817 2376 870 vitae
2401 831 2462 870 ac
2487 817 2606 870 fidei
2650 819 2904 872 institutio
2936 821 3134 890 sancta]
3181 837 3436 876 commen-

1930 907 2035 966 dat,
2065 904 2368 958 clericorum
2407 900 2586 960 oiliCiis
2631 909 2896 974 aggregari
2934 917 2985 961 et
3005 919 3240 975 optamus
3266 919 3317 962 et
3344 924 3437 963 vo-

1931 990 2139 1054 lumus;
2174 991 2244 1042 ita
2278 999 2334 1043 ut
2363 989 2538 1061 (γαν.)
2583 995 2626 1044 si
2659 995 2742 1060 qui
2781 995 2913 1047 intra
2956 997 3270 1069 tricesimum
3313 1006 3440 1050 aeta-

1929 1079 1996 1131 tis
2031 1094 2220 1132 annum
2248 1089 2387 1143 sunt,
2413 1097 2506 1149 per
2539 1084 2728 1150 gradus
2761 1084 2989 1152 singulos
3018 1087 3273 1138 crescenti
3305 1095 3439 1139 tem—

1928 1181 2052 1232 pore
2094 1178 2496 1234 promoveantur
2556 1172 2822 1225 ordinibus
2879 1173 3136 1241 singulis:
3168 1183 3221 1227 et
3265 1177 3338 1228 sic
3371 1175 3437 1228 ad

1928 1252 2226 1306 diaconatus
2251 1255 2331 1308 vel
2364 1257 2652 1325 presbyteri
2685 1259 2892 1311 ordines
2933 1258 3199 1328 [insignia]
3249 1261 3437 1314 maturi

1930 1341 2166 1408 [marum
2205 1344 2372 1396 atatis
2418 1346 2824 1415 consecratione]
2854 1349 3177 1413 perveniant,
3213 1363 3276 1401 ne
3302 1348 3436 1404 saltu

1928 1427 1990 1481 a‘d
2016 1432 2342 1497 episcopatus
2382 1432 2582 1504 culmen
2620 1434 2922 1497 ascendant,
2974 1436 3073 1487 nisi
3121 1433 3293 1504 (Van)
3329 1436 3438 1487 sin-

1926 1517 2056 1582 gulis
2107 1517 2354 1586 gradibus
2382 1525 2434 1572 et
2468 1520 2596 1572 ordo
2640 1529 2692 1573 et
2744 1528 2980 1588 tempora-
3032 1520 3224 1573 fuerint
3268 1531 3436 1574 custo-

1929 1605 2053 1656 dita.

2122 1690 2185 1743 In
2212 1693 2425 1761 epistola
2451 1693 2735 1748 Innocentii
2768 1713 2912 1764 papa
2937 1697 2986 1758 ιι,
3016 1712 3119 1749 (ενα
3144 1697 3225 1748 Η.

383 1807 406 1832 ο
443 1793 752 1854 Abbatibus,
776 1791 858 1844 vel
897 1789 1164 1843 monachis
1204 1785 1492 1854 peculiares
1520 1797 1604 1837 res
1633 1781 1825 1836 habere
1856 1771 1900 1827 Β
1992 1779 2228 1833 Monachi
2253 1780 2406 1850 (Add.
2432 1793 2478 1836 et
2505 1784 2636 1855 var.)
2665 1785 2732 1839 ad
2754 1787 3031 1841 clericatus
3061 1789 3296 1841 ordinem
3324 1803 3436 1855 per-

302 1897 414 1936 on
441 1881 632 1944 liceat;
661 1889 714 1934 et
747 1877 989 1933 monachi
1036 1875 1102 1928 ab
1128 1873 1315 1926 abbate
1365 1873 1557 1925 victum
1591 1879 1644 1923 et
1671 1869 1828 1922 vesti-

301 1979 422 2023 tum
450 1976 761 2023 consuetum
779 1965 1056 2032 accipiant.

691 2066 693 2068 ·
967 2051 1100 2103 Αἶγα
1123 2051 1174 2103 8.

376 2145 447 2200 Ut
474 2145 719 2199 monachi
765 2143 934 2197 abbati
965 2156 1078 2202 suo,
1122 2139 1202 2192 vel
1243 2139 1509 2206 proposito
1549 2137 1653 2190 sint
1697 2137 1824 2190 obe-

299 2234 527 2287 dientes.

966 2317 1098 2370 lira
1125 2323 1175 2377 6.

376 2410 444 2463 Ut
474 2410 524 2462 in
553 2409 849 2462 civitatibus
883 2408 1047 2459 errari
1104 2422 1205 2458 non
1255 2406 1606 2466 inveniantur,
1645 2401 1822 2472 (γαν.)

297 2499 404 2551 nisi
429 2514 554 2552 casu
583 2513 676 2565 pro
697 2498 988 2551 humilitate
1015 2496 1285 2548 mittantur
1321 2512 1332 2544 :
1365 2502 1418 2546 et
1446 2502 1568 2545 tunc
1597 2507 1713 2545 cum
1743 2492 1824 2543 lit-

299 2587 432 2640 teris
469 2587 670 2640 abbatis
695 2585 775 2640 sui
799 2586 863 2637 ad
892 2584 1315 2637 archidiaconum
1341 2580 1649 2649 dirigantur.

654 2677 656 2679 ’
817 2672 950 2724 Αἶγα
975 2672 1006 2723 5
1031 2671 1178 2740 {Cum
1207 2669 1314 2739 10].

370 2763 441 2816 Ut
467 2772 758 2829 compatres
783 2763 955 2815 nullus
977 2763 1348 2814 monachorum
1374 2759 1561 2812 audeat
1590 2757 1781 2811 habere
1806 2775 1818 2820 ;

295 2867 399 2906 nec
429 2850 834 2904 familiaritatem
881 2858 1248 2902 extraneorum
1304 2848 1599 2900 mulierum.
1644 2847 1706 2898 Et
1734 2846 1822 2913 qui

297 2939 544 2993 inventus
577 2936 755 3001 fuerit,
793 2936 1026 2990 severius
1069 2936 1380 3004 corrigatur.

938 3022 1071 3076 Αἶγα
1101 3023 1184 3076 10.

1923 1868 2205 1931 venientes,
2239 1884 2342 1922 non
2382 1871 2620 1923 debenta
2665 1874 2825 1939 priori
2882 1876 3147 1942 proposito
3191 1875 3438 1928 deviare:

1921 1960 1975 2005 et
2000 1953 2138 2022 quod
2189 1955 2277 2007 diu
2330 1967 2688 2021 servaverunt,
2719 1960 2772 2011 in
2830 1961 3029 2012 meliori
3079 1961 3240 2029 gradu
3286 1962 3438 2028 positi

1924 2044 2166 2097 amittere
2210 2060 2312 2098 non
2366 2047 2571 2101 debent.
2611 2050 2711 2114 Qui
2751 2058 2870 2104 ante
2906 2050 3220 2119 baptismum
3260 2065 3442 2104 corru-

1920 2140 2039 2199 ptus
2068 2131 2184 2195 fuit,
2225 2135 2268 2187 si
2310 2143 2427 2202 post
2458 2137 2772 2205 baptismum
2810 2140 2994 2204 nubat,
3044 2138 3198 2209 [Add.
3230 2149 3276 2192 et
3307 2138 3438 2197 vani

1921 2218 2062 2273 nullo
2085 2221 2241 2274 modo
2261 2230 2435 2289 potest
2455 2224 2519 2276 ad
2541 2223 2844 2278 clericatum
2867 2227 3087 2280 admitti.

2380 2310 2441 2363 In
2466 2313 2655 2380 synodo
2683 2313 2896 2366 Nicwna
2925 2317 2966 2367 ί.

1991 2397 2044 2451 Si
2079 2402 2196 2466 quis
2230 2401 2284 2452 in
2307 2402 2622 2454 monasterio
2644 2403 2868 2455 nutritus
2902 2419 3064 2471 usque
3093 2406 3159 2457 ad
3182 2420 3440 2461 summum

1923 2487 2172 2549 studium,
2205 2496 2258 2541 et
2283 2489 2611 2555 postmodum
2639 2489 2957 2552 discesserit,
2987 2492 3087 2544 nisi
3128 2502 3440 2556 revertatur,

1923 2573 2206 2636 desertoris
2245 2576 2544 2629 discrimine
2572 2577 2868 2630 damnetur.
2913 2576 2967 2631 Si
3015 2581 3130 2645 quis
3158 2581 3439 2649 susceperit

1922 2665 2230 2717 monachum
2283 2665 2528 2728 alienum,
2579 2667 2730 2719 ambo
2776 2670 3260 2723 excommunicandi
3303 2680 3441 2724 sunt.

1925 2750 1938 2800 i
1972 2752 2106 2804 Puer
2145 2766 2310 2818 usque
2348 2752 2414 2804 ad
2441 2752 2504 2804 12
2537 2768 2702 2806 annos
2735 2754 2802 2806 sit
2850 2755 2900 2806 in
2945 2763 3200 2822 potestate
3255 2759 3441 2824 patris.

1923 2839 2068 2891 Tunc
2127 2848 2178 2891 et
2233 2841 2476 2908 deinceps
2524 2849 2697 2908 potest
2745 2843 3081 2912 semetipsum
3132 2847 3440 2900 monachum

1923 2924 2111 2979 facere.
2144 2924 2289 2994 (Cap.
2325 2929 2430 2997 15.)
2468 2929 2641 2988 Infans
2663 2945 2757 2997 pro
2795 2930 2995 2984 infante
3042 2941 3213 2999 potest
3251 2933 3358 2986 dari
3389 2935 3440 2987 in

1923 3014 2258 3076 monasterio,
2289 3017 2527 3081 quamvis
2556 3018 2714 3070 alium
2764 3020 3026 3072 vovisset:
3058 3029 3228 3074 tamen
3260 3021 3440 3076 melius

371 3113 439 3168 Ut
469 3112 767 3166 mulieribus
791 3127 842 3163 in
869 3113 1242 3164 monasterium
1265 3110 1494 3164 virorum
1525 3109 1820 3163 nullatenus
1847 3098 1890 3158 C
1921 3113 1997 3156 cst
2037 3109 2211 3154 votum
2259 3103 2492 3172 implere,
2548 3122 2613 3160 ne
2642 3123 2760 3160 rcus
2789 3109 2838 3160 in
2889 3115 3007 3160 voto
3044 3109 3344 3162 inveniaris.
3380 3110 3446 3164 Et

292 3201 455 3260 liceat
478 3201 694 3269 ingredi.
727 3199 1033 3262 Statuimus,
1067 3207 1121 3251 ut
1154 3198 1324 3252 nullus
1353 3199 1662 3250 monachum
1692 3197 1819 3249 alte-

295 3293 409 3343 rius
440 3290 632 3356 absque
646 3289 903 3355 permissu
926 3287 1128 3340 abbatis
1150 3287 1226 3339 sui
1250 3294 1531 3354 praesumat
1551 3287 1776 3338 retinere
1801 3301 1814 3349 ;

294 3379 388 3432 sed
426 3393 543 3431 cum
569 3379 812 3430 inventus
835 3375 993 3430 fuerit
1014 3390 1226 3444 vagans,
1252 3377 1316 3428 ad
1345 3375 1528 3428 cellam
1551 3375 1815 3442 propriam

295 3475 592 3531 revocetur,
622 3467 691 3521 ibi
716 3466 866 3534 juxta
893 3466 1099 3533 culpam
1129 3465 1299 3518 meriti
1323 3465 1666 3532 coercendus.

910 3555 1075 3607 ’ΛΞΜ
1105 3553 1228 3608 15.’

362 3649 441 3702 De
468 3647 744 3701 abbatibus
779 3633 925 3710 vero,
962 3645 1042 3698 vel
1092 3644 1382 3708 monachis,
1417 3645 1489 3696 ita
1536 3643 1815 3697 observare

297 3736 543 3791 convenit
570 3744 629 3788 ut
653 3734 906 3803 quidquid
927 3733 1209 3788 canonicos
1233 3732 1381 3795 ordo,
1410 3740 1465 3785 et
1495 3731 1670 3800 regula
1697 3745 1817 3784 san-

296 3827 367 3878 cti
410 3824 672 3878 Benedicti
721 3821 922 3883 edocet,
985 3820 1246 3874 custodire
1298 3819 1372 3888 [et
1407 3818 1624 3886 implere
1658 3817 1730 3887 et]
1763 3819 1815 3870 in

291 3893 539 3969 omnibus
575 3912 814 3966 debeant.
849 3909 904 3964 Si
943 3911 1082 3963 enim
1109 3910 1221 3963 lucc
1247 3910 1423 3962 omnia
1452 3909 1680 3979 legitime
1704 3908 1816 3962 fue-

291 4006 402 4059 rint
429 3999 606 4072 (Var.)
634 4001 890 4055 custodita
918 3999 983 4052 ab
1031 3999 1306 4053 abbatibus
1355 3998 1439 4052 vel
1465 4000 1734 4052 monachis
1762 4000 1814 4052 in

291 4091 628 4146 monasteriis
655 4089 915 4151 omnibus,
954 4096 1008 4142 et
1034 4103 1282 4140 numerus
1313 4087 1685 4140 monachorum
1709 4086 1815 4140 Deo

291 4181 520 4251 propitio
569 4179 864 4248 augebitur,
912 4184 964 4230 et
1009 4177 1231 4229 mundus
1272 4175 1443 4228 omnis
1488 4191 1582 4245 per
1632 4190 1813 4229 eorum

289 4271 558 4324 orationes
583 4269 817 4322 assiduas
838 4266 1080 4320 omnibus
1123 4267 1276 4320 matis
1299 4266 1498 4321 carebit
1532 4266 1799 4334 contagiis

298 4360 315 4398 ί
358 4359 416 4415 Si
445 4360 563 4428 quis
589 4365 762 4413 autem
793 4357 921 4421 hmo,
946 4372 1061 4426 quae
1103 4374 1133 4411 a
1155 4358 1304 4412 nobis
1342 4359 1568 4428 propitio
1597 4358 1703 4412 Deo
1728 4360 1810 4412 in-

1917 3197 2054 3262 quod
2077 3198 2238 3251 semel
2265 3212 2530 3264 egressura
2555 3207 2635 3251 est
2662 3198 2724 3251 de
2755 3197 2905 3250 labiis
2945 3199 3046 3250 tuis
3069 3200 3308 3260 observa,
3340 3200 3438 3254 sic-

1917 3292 1973 3336 ut
1998 3285 2281 3353 promisisti
2311 3286 2528 3340 Domino
2557 3287 2663 3340 Deo
2693 3296 2798 3340 tuo.

2491 3395 2709 3450 CAPUT
2754 3397 2854 3450 [.ll.

1916 3500 1978 3537 DE
2023 3500 2121 3538 DEO
2161 3499 2426 3561 SACRATISK
2453 3501 2683 3549 PUELLIS,
2733 3501 2800 3539 ET
2857 3503 3197 3541 MONASTERIIS
3242 3505 3435 3544 εικυι.

2283 3573 2460 3628 Canon
2488 3575 2779 3643 Africanus,
2808 3593 2911 3630 tera
2933 3578 2998 3631 58
3024 3578 3066 3630 Ιί.

1983 3663 2076 3716 Vir
2127 3665 2214 3732 qui
2262 3664 2519 3733 religiosis
2566 3665 2774 3719 feminis
2815 3669 3193 3735 praeponendus
3241 3679 3336 3733 est,
3371 3673 3436 3726 ab

1914 3750 2156 3820 episcopo
2179 3753 2277 3806 loci
2307 3755 2576 3820 probetur.

2240 3840 2414 3895 Canon
2440 3842 2840 3907 Aurelianensis,
2868 3860 2973 3897 tera
2998 3845 3033 3898 6
3077 3877 3110 3901 ι.

1981 3931 2347 4000 Uteptscopus
2394 3931 2574 3987 curam
2619 3945 2767 4002 gerat
2794 3937 2857 3990 de
2900 3936 3187 4005 puellarum
3242 3954 3427 3996 mona-

1913 4019 2089 4072 steriis
2141 4018 2276 4089 [quae
2307 4022 2358 4073 in
2403 4036 2494 4074 sua
2541 4022 2754 4076 civitate
2804 4025 3083 4078 constituta
3131 4027 3270 4097 sunt]
3297 4045 3308 4080 :
3338 4042 3434 4084 nec

1912 4105 2189 4161 abbatissm
2213 4107 2406 4178 aliquid
2433 4111 2584 4165 liceat
2610 4119 2789 4166 contra
2819 4114 3048 4182 regulam
3082 4115 3270 4170 facere.

2168 4195 2342 4250 Canon
2367 4199 2685 4266 Agat/tensis,
2716 4217 2820 4252 trra
2843 4202 2874 4255 9
2893 4200 3042 4270 [Cum
3073 4203 3180 4273 19].

1982 4282 2415 4339 Sanctimonialcs
2444 4288 2681 4354 quamvis
2709 4288 2812 4340 vita
2847 4290 3079 4356 probata:
3125 4289 3430 4359 [quamlibet

1912 4372 2017 4425 vita
2048 4388 2227 4425 eorum
2251 4383 2314 4425 et'
2335 4388 2508 4428 mores
2533 4375 2736 4443 probati
2760 4374 2884 4445 sint]
2928 4383 3047 4428 ante
3092 4391 3281 4429 annum
3303 4388 3430 4431 ata-

290 4450 475 4504 stituta
499 4456 637 4511 sunt,
655 4450 930 4502 tentaverit
954 4449 1125 4515 aliqua
1154 4449 1566 4518 transgressione
1584 4464 1810 4512 caesare,
1839 4434 1887 4491 Ῑ)
1915 4463 1978 4514 iis
2002 4477 2109 4516 sua,
2129 4479 2191 4515 η
2215 4479 2315 4516 non
2341 4434 2592 4517 νειεηιιίιν,

291 4531 343 4591 si
370 4538 534 4591 abbas
551 4544 648 4598 est,
673 4537 821 4590 annis
849 4538 1016 4590 tribus
1034 4538 1327 4591 communio
1350 4538 1397 4590 ei
1425 4538 1772 4607 suspendatur
1795 4554 1811 4600 ς

291 4630 333 4682 si
363 4627 694 4695 praepositus,
739 4626 888 4680 annis
915 4627 1150 4689 duobus;
1182 4627 1225 4679 si
1257 4629 1561 4688 monachus,
1588 4636 1678 4679 aut
1697 4642 1813 4680 ver—

293 4724 527 4784 beretur,
551 4729 640 4774 aut
682 4720 1066 4785 communione,
1103 4727 1154 4773 et
1181 4734 1371 4772 mensa:
1411 4719 1810 4786 participatione

294 4813 462 4864 tribus
488 4810 640 4863 annis
664 4810 917 4879 privetur.

509 4897 684 4952 Canon
708 4899 1024 4966 Agathensis,
1063 4913 1166 4950 rem
1188 4896 1253 4950 56
1283 4895 1432 4966 [Cum
1474 4896 1585 4966 58].

360 4988 628 5043 Monachis
675 4986 942 5057 [clericis].
997 4988 1108 5038 sine
1156 4985 1593 5038 commendatitiis
1620 4984 1811 5038 litteris

295 5080 542 5150 episcopi,
562 5077 640 5130 vel
656 5075 857 5130 abbatis
885 5077 964 5127 sui
991 5075 1197 5129 licentia
1219 5091 1318 5128 non
1346 5082 1516 5143 pateat
1535 5076 1805 5142 evagandi.

363 5223 386 5249 ι
427 5208 586 5262 Cone.
616 5206 791 5261 Aurel.
817 5221 855 5266 ι,
885 5221 930 5258 c.
957 5205 1040 5258 (ὶο.

362 5279 388 5316 b
425 5278 546 5330 Var.
574 5277 702 5330 Vide
727 5285 835 5328 not.
863 5277 927 5327 cl.
953 5274 1000 5325 J.
1024 5275 1184 5328 Sirm.

362 5356 382 5383 ο
424 5346 618 5399 Concil.
647 5345 788 5397 Arel.
820 5360 869 5405 v,
892 5359 936 5396 c.
961 5343 1010 5394 2.
1297 5391 1305 5401 ,

359 5414 385 5452 «ι
425 5414 697 5481 lntcrpret.
721 5427 817 5466 nec
853 5411 1061 5481 Dionys.
1087 5425 1180 5464 nec
1210 5411 1327 5463 Isid.

365 5495 388 5519 ε
422 5481 554 5534 Add.
585 5489 638 5535 et
654 5496 765 5534 var.

370 5550 387 5587 ί
433 5549 576 5602 Mult.
615 5549 732 5602 add.
784 5559 836 5602 et
862 5565 972 5601 var.
1015 5551 1087 5603 De
1111 5549 1191 5603 bis
1235 5549 1516 5602 canonibus
1549 5551 1662 5604 vide
1701 5559 1806 5604 not.

301 5617 392 5672 viri
422 5617 489 5672 cl.
517 5614 562 5670 ι.
591 5617 870 5672 Sirmondi.

2264 4550 2440 4604 Canon
2477 4553 2815 4620 Epaunensis,
2862 4569 2964 4605 tera
2994 4552 3079 4605 ΞΟ.

1978 4637 2276 4709 [Episcopo,
2306 4641 2629 4709 presbytero,
2660 4648 2712 4693 et
2735 4640 2951 4694 diacono
2981 4641 3059 4693 vel
3087 4642 3292 4694 caeteris
3321 4642 3426 4698 cle-

1909 4724 2078 4794 ricis]
2121 4725 2260 4779 Viris
2309 4727 2373 4780 ad
2425 4724 2664 4788 feminas,
2708 4727 2850 4779 horis
2894 4725 3190 4792 praeteritis,
3228 4727 3279 4779 id
3318 4736 3415 4792 est,

1909 4813 2210 4866 meridianis
2241 4813 2323 4866 vel
2366 4815 2694 4881 vespertinis,
2746 4814 3082 4882 prohibemus
3134 4829 3420 4870 accessum.

1908 4903 2032 4968 Qum
2062 4910 2255 4966 tamen,
2286 4905 2328 4955 si
2366 4918 2522 4957 causa
2548 4903 2724 4966 fuerit,
2757 4911 2815 4956 ut
2839 4905 2903 4957 ab
2930 4905 3172 4972 episcopo
3211 4905 3422 4965 videan-

1910 5002 2013 5054 tur,
2051 5009 2170 5048 cum
2222 4994 2516 5048 testimonio
2561 4994 2985 5064 presbyterorum
3025 5001 3077 5048 et
3112 4993 3419 5048 clericorurn

1909 5082 2200 5135 videantur.

1982 5213 2006 5249 ε
2041 5207 2118 5279 Ad
2141 5207 2425 5279 Himerium
2456 5209 2527 5261 Ta
2540 5225 2741 5279 rracon.
2771 5224 2882 5279 cap.
2912 5212 2993 5264 l5.

1980 5280 2003 5317 δ
2201 5277 2506 5330 Victricium
2569 5277 2868 5345 episcouum
2930 5280 3417 5348 Rotbomagensent,

1980 5362 2024 5396 n.
2129 5383 2140 5396 .

1913 5361 2024 5400 CGD.
2059 5361 2140 5396 τυ.

1975 5362 2024 5462 Ii).
2200 5428 2346 5466 conc.
2378 5413 2571 5467 Nicaea.
2597 5430 2656 5477 ιι,
2686 5431 2732 5469 c.
2760 5414 2844 5468 2i.

1982 5494 1994 5528 J
2047 5481 2174 5534 Vide
2202 5481 2315 5551 Vet.
2342 5482 2455 5551 eod.
2485 5485 2756 5550 paeniteat.
2785 5483 2980 5539 Thcod.
3011 5499 3122 5551 cap.
3152 5480 3234 5551 ll.

1981 5552 1999 5588 ιι
2042 5551 2114 5602 Μ.
2141 5551 2191 5603 in
2217 5549 2332 5602 cod.
2356 5548 2511 5604 Barb'.
2542 5553 2626 5605 59.
2656 5553 2813 5607 Cone.
2851 5570 2898 5607 Iv
2923 5548 3098 5608 Carth‘.
3130 5566 3174 5603 c.
3215 5548 3308 5605 97.

1988 5619 1999 5654 ¹
2042 5619 2198 5673 Cone.
2229 5618 2419 5672 Arelal.
2453 5636 2499 5678 v,
2532 5638 2577 5672 c.
2608 5621 2658 5672 5.
