3926 6216
459 315 592 372 1059

1270 320 1574 378 (ΖΑΝΟΝΕΞ
1613 325 1885 380 SELECTl
1924 328 2012 381 EX
2054 330 2201 385 VET.
2234 331 2382 387 CAN.
2423 333 2745 390 GOLLECT.

3454 339 3588 398 5060

454 421 682 494 quandiu
709 421 760 472 in
784 419 978 476 scelere
1024 433 1254 488 manent,
1275 440 1375 479 non
1405 428 1630 481 tidelium
1653 430 1972 486 Christiano—
1997 435 2046 494 Δ
2072 433 2134 488 In
2157 439 2368 503 epistola
2398 440 2579 493 Leonis
2604 458 2747 510 papw
2775 443 2840 493 ad
2870 441 3148 508 Rusticum,
3180 464 3282 498 trra
3313 449 3373 500 l0
3405 449 3474 518 lc.
3512 451 3588 520 6]-

454 525 593 571 rum,
617 510 706 561 sed
735 518 930 563 tantum
957 521 1049 566 aut
1085 514 1349 580 gentilium
1375 555 1388 576 ,
1438 525 1526 568 aut
1577 521 1973 574 cathccumeno-

453 609 589 656 rum,
620 595 696 648 vel
717 610 1178 664 energumenorum
1221 601 1386 653 locum
1415 611 1642 656 teneant.
1669 606 1730 658 Et
1752 609 1794 659 si
1823 624 1852 658 a
1883 623 1973 661 ne-

455 680 756 734 fandissimo
787 684 984 736 scelere
1023 699 1077 737 se
1099 700 1399 752 segregare,
1437 697 1591 754 atque
1616 692 1678 741 ad
1713 688 1972 757 publicam

451 768 814 833 paenitentiam
837 770 1320 835 redirenoluerint,
1365 776 1497 826 inter
1548 791 1637 830 eos
1685 780 1974 832 habeantur

455 857 542 923 qui
572 858 756 923 spiritu
793 859 1148 924 periclitantur
1176 863 1469 926 immundo;
1523 866 1600 916 vel
1630 867 1788 919 etiam
1840 869 1973 922 inter

453 956 562 1006 eos,
590 944 653 996 de
673 947 859 1010 quibus
887 945 997 1012 ipsa
1021 948 1211 999 veritas
1258 949 1382 1001 dicit
1411 967 1423 1000 :
1454 949 1510 1001 Si
1547 951 1821 1005 Ecclesium
1873 971 1970 1006 non

451 1033 691 1096 audierit,
717 1036 779 1085 sit
805 1035 891 1085 tibi
921 1037 1047 1086 sicut
1071 1037 1296 1090 ethnicus
1323 1050 1366 1089 et
1391 1041 1705 1104 publicanus.

834 1118 1012 1171 Conon"
1035 1123 1388 1188 Ancyritanus,
1418 1143 1520 1178 atra
1549 1127 1598 1178 6.

519 1216 542 1242 ι
587 1203 688 1268 Qui
721 1220 838 1257 cum
868 1208 1152 1274 pecudibus
1179 1212 1316 1263 coitu
1352 1215 1490 1266 misti
1520 1224 1642 1267 sunt
1669 1255 1682 1277 ,
1714 1224 1803 1268 aut
1828 1232 1970 1271 more

453 1291 709 1356 pecudum
741 1295 936 1346 incesta
967 1310 1082 1347 cum
1132 1303 1531 1366 consanguineis
1576 1306 1966 1370 commiserunt,

451 1387 541 1430 aut
581 1395 697 1431 cum
729 1382 972 1434 masculis
1002 1385 1400 1440 concubuerunt
1449 1391 1533 1456 qui
1573 1400 1692 1444 ante
1717 1392 1782 1444 20
1808 1408 1972 1448 annos

447 1466 616 1518 :etatis
650 1481 754 1519 sua:
799 1468 900 1520 tale
925 1470 1120 1522 crimen
1147 1464 1476 1537 admiserint,
1511 1476 1574 1528 15
1600 1479 1750 1531 annis
1775 1479 1825 1531 in
1855 1496 1968 1547 poe-

446 1553 665 1604 nitentia
695 1556 895 1608 exactis
924 1595 938 1620 ,
966 1559 1190 1611 orationi
1230 1569 1429 1614 tantum
1459 1564 1708 1631 incipiant
1751 1568 1970 1634 partici-

447 1656 591 1708 pare.
626 1645 749 1696 Post
780 1646 892 1697 hatc
919 1648 1273 1714 quinquennio
1305 1651 1354 1700 in
1383 1654 1746 1708 communione
1772 1657 1968 1723 simpli-

2140 521 2389 576 Ancillam
2417 535 2619 592 oportet
2639 542 2666 578 a
2698 536 2812 582 toro
2835 528 3078 595 abjicere,
3112 542 3162 583 et
3188 548 3408 588 uxorem
3439 537 3587 606 inge-

2071 623 2224 660 nuam
2254 608 2428 678 [certe
2457 612 2812 682 ingenuitatis}
2843 616 3095 682 accipere.
3127 618 3237 671 Hoc
3281 635 3384 673 non
3414 623 3584 690 dupli-

2071 695 2207 748 catio
2231 697 2448 767 conjugii
2471 708 2570 764 est,
2598 702 2686 753 sed
2716 701 2979 766 profectus
3003 705 3307 758 honestatis.

2655 787 2790 840 Ibid.
2820 805 2928 855 cap.
2948 783 3014 842 ’2.

2140 872 2162 908 ε
2192 870 2246 922 Si
2280 879 2428 936 pater
2455 881 2542 924 aut
2559 882 2725 926 mater
2747 877 3010 943 proprium
3034 878 3240 932 aﬁlium
3266 894 3417 934 sacro
3457 884 3586 950 bap-

2070 953 2221 1006 tismo
2250 959 2555 1022 susceperit,
2593 957 2645 1009 hi
2683 961 2894 1014 omnino
2921 977 2950 1012 a
2975 960 3214 1031 coniugio
3257 976 3583 1033 separentur.

2642 1043 2776 1100 Ibid.
2803 1063 2913 1114 cap.
2943 1049 2994 1100 3.

2136 1126 2160 1163 δ
2193 1125 2248 1177 Si
2277 1129 2394 1193 quis
2419 1129 2502 1181 vir
2537 1138 2628 1181 aut
2667 1131 2855 1185 mulier
2882 1132 3155 1188 tiliastrum
3199 1146 3290 1189 aut
3318 1137 3587 1208 tiliastram

2067 1224 2266 1265 asacro
2292 1213 2434 1268 fonte
2462 1218 2740 1284 exceperit,
2771 1228 2861 1272 aut
2903 1222 2968 1274 ad
3008 1224 3460 1280 conﬁrmationem
3512 1238 3580 1282 te-

2066 1298 2239 1349 nuerit
2268 1317 2280 1350 :
2312 1299 2443 1352 tales
2470 1302 2768 1356 omnimodo
2794 1319 2824 1356 a
2851 1305 3089 1375 coniugio
3111 1309 3354 1379 disjungi.

2630 1387 2763 1439 Ibid.
2801 1405 2912 1458 cap.
2945 1391 2996 1443 t.

2141 1471 2157 1507 ί
2191 1469 2246 1522 Si
2288 1471 2402 1538 quis
2431 1473 2482 1525 in
2528 1477 2884 1542 captivitatem
2909 1481 3097 1535 ductus
3120 1483 3362 1537 ancillam
3394 1487 3587 1542 ibidem

2067 1557 2582 1624 acceperituxorem,
2607 1572 2659 1616 et
2681 1567 3007 1632 postmodum
3035 1569 3100 1622 ad
3121 1572 3385 1639 proprium
3411 1588 3596 1628 rever-

2067 1659 2153 1697 sus
2180 1645 2452 1713 ingenuam
2485 1648 2644 1702 ducat
2671 1664 2684 1702 :
2713 1660 2768 1704 et
2788 1653 2977 1724 iterum
3005 1655 3056 1708 in
3085 1659 3335 1725 pnedicto
3357 1659 3473 1714 loco
3493 1663 3584 1715 ubi

446 1728 492 1781 ci
512 1728 873 1794 perdurantes,
902 1741 1018 1798 post
1038 1732 1104 1784 20
1126 1748 1290 1788 annos
1310 1750 1427 1789 cum
1447 1737 1708 1792 oblatione
1732 1741 1798 1794 ad
1823 1717 1966 1796 com-
2002 1717 2042 1774 Β
2069 1731 2305 1784 “Cmam
2320 1734 2752 1801 δθῧυίδάιιοδιιπν
2779 1747 2832 1791 θι
2860 1741 3122 1796 invenerit
3147 1744 3312 1812 ipsam
3341 1747 3583 1801 300mm”

446 1814 744 1881 munionem
792 1818 1160 1885 suscipiantur.
1190 1821 1506 1876 Discutiatur
1531 1833 1584 1878 et
1615 1826 1720 1878 vita
1763 1841 1964 1894 eorum,

443 1899 612 1965 qualis
641 1899 736 1952 fuit
761 1903 812 1954 in
860 1905 1166 1969 paenitentia
1200 1947 1213 1971 ,
1250 1917 1302 1960 et
1331 1909 1398 1961 ita
1429 1911 1564 1964 hanc
1591 1912 1967 1969 humanitatem

442 1995 847 2050 consequantur.
879 1988 977 2052 Qui
1014 2005 1135 2043 vero
1169 1995 1596 2058 perseverantius
1619 1997 1718 2050 hoc
1740 1999 1967 2054 crimine

447 2069 597 2123 abusi
627 2080 764 2134 sunt,
790 2073 856 2125 20
890 2077 1039 2129 annis
1083 2078 1441 2143 pmnitentiam
1471 2082 1632 2134 solam
1662 2087 1964 2152 suscipiant.

443 2155 540 2220 Qui
568 2172 693 2212 vero
727 2170 841 2226 post
869 2163 936 2215 20
956 2178 1210 2217 annorum
1237 2175 1464 2232 aetatem,
1492 2171 1571 2222 vel
1595 2174 1754 2226 etiam
1775 2191 1965 2230 uxores

443 2244 697 2299 habentes
721 2249 773 2300 in
799 2251 896 2303 hoc
914 2253 1110 2306 crimen
1134 2255 1429 2321 inciderint,
1458 2259 1517 2311 51
1540 2263 1689 2316 annis
1707 2267 1965 2332 paeniten-

444 2329 518 2381 tia
549 2339 662 2384 acta
695 2335 760 2386 ad
811 2339 1227 2392 communionem
1264 2349 1464 2397 tantum
1503 2329 1845 2405 admittantur
1871 2372 1883 2406 :
1911 2355 1962 2406 in

449 2430 550 2482 qua
573 2423 936 2476 communione
984 2425 1336 2493 quinquennio
1371 2433 1730 2499 perdurantes,
1758 2439 1960 2504 plenam

443 2505 860 2560 communionem
905 2524 1021 2562 eum
1058 2512 1318 2567 oblatione
1367 2519 1638 2585 recipiant.
1667 2521 1811 2586 Quod
1838 2527 1882 2579 si
1911 2537 1961 2581 ct

445 2603 639 2642 uxores
663 2591 932 2658 habentes,
959 2605 1151 2664 etpost
1173 2599 1240 2652 50
1267 2617 1432 2656 annos
1455 2608 1623 2661 aetatis
1645 2609 1694 2661 in
1724 2611 1820 2664 hoc
1837 2629 1959 2682 pro-

439 2674 566 2741 lapsi
596 2686 717 2730 sunt
741 2681 957 2743 crimen,
989 2684 1053 2736 ad
1075 2688 1271 2739 exitum
1301 2697 1501 2743 tantum
1546 2674 1954 2752 communicent.

442 2762 567 2826 llos,
596 2767 683 2832 qui
709 2768 842 2821 sicut
885 2781 1026 2824 muta
1056 2775 1296 2827 vixerunt
1321 2779 1583 2844 animalia,
1608 2785 1695 2849 qui
1739 2794 1793 2838 et
1825 2801 1880 2841 se
1907 2799 1961 2843 et

438 2845 570 2899 alios
596 2850 888 2916 hujusmodi
918 2864 1129 2920 peccato
1151 2845 1656 2930 contaminaverunt,
1705 2870 1841 2924 inter
1867 2888 1957 2928 eos

436 2949 592 2990 orare
621 2938 826 3003 debent,
855 2943 942 3010 qui
988 2951 1296 3015 tempestate
1315 2948 1597 3020 iactantur,
1625 2959 1711 3024 qui
1744 2973 1772 3010 a
1801 2963 1952 3017 nobis

440 3028 780 3094 energumeni
810 3028 1178 3100 intelliguntur.

1071 3121 1205 3175 .Era
1232 3125 1316 3178 i9.

509 3200 657 3265 bQui
707 3203 1016 3258 adulterium
1043 3206 1416 3272 commiserint.
1466 3217 1495 3267 7
1539 3233 1702 3272 annos
1749 3232 1957 3289 oportet

439 3284 810 3352 perfectionem
841 3296 1086 3362 consequi
1133 3299 1418 3353 secundum
1466 3304 1710 3370 pristinos
1740 3284 1949 3376 gradus.

1066 3383 1139 3435 Αἰ
1143 3401 1201 3436 ra
1224 3385 1311 3438 20.

509 3467 530 3496 ε
561 3458 804 3514 Mulieres
828 3477 942 3531 qua:
963 3463 1304 3536 fornicamur,
1327 3481 1380 3524 et
1402 3481 1582 3540 partus
1605 3490 1728 3531 suos
1743 3490 1946 3544 necant,

437 3545 519 3599 vel
540 3557 814 3618 conceptos
840 3554 1126 3618 excutiunt,
1162 3573 1326 3626 usque
1349 3562 1415 3614 ad
1439 3563 1636 3617 exitum
1661 3568 1727 3622 ab
1774 3569 1951 3623 Eccle-

438 3635 516 3686 sia
546 3646 909 3695 removeantur
935 3645 1217 3699 secundum
1245 3649 1493 3714 pristinOs
1517 3656 1728 3722 gradus.
1757 3658 1950 3713 Huma—

436 3723 554 3776 nius
581 3733 750 3778 autem
799 3742 934 3782 nunc
961 3730 1252 3800 definimus,
1285 3746 1342 3792 ut
1375 3739 1438 3802 ll)
1464 3743 1614 3797 annis
1648 3747 1948 3811 paenitentia

435 3813 513 3865 eis
541 3813 816 3867 tribuatur.

1071 3909 1204 3962 Αἶγα
1228 3912 1314 3964 24.

517 3984 542 4021 ἀ
574 3983 770 4053 Siquis
817 4005 1058 4057 sponsam
1087 3997 1302 4060 habens,
1355 4005 1518 4056 sorori
1563 4005 1673 4071 ejus
1719 4010 1950 4066 intulerit

445 4070 643 4133 vitium,
674 4081 725 4124 et
746 4086 926 4140 postea
955 4093 1169 4133 uxorem
1193 4085 1400 4158 duxerit
1421 4104 1532 4141 eam
1553 4108 1708 4158 quam
1729 4097 1950 4162 despon-

431 4169 658 4224 saverat,
688 4173 740 4216 et
767 4165 848 4217 illa
875 4183 989 4234 quae
1015 4171 1193 4225 vitium
1220 4177 1490 4241 pertulerit
1515 4180 1697 4247 laqueo
1717 4200 1773 4237 se
1799 4201 1948 4252 pere-

436 4248 590 4299 merit
623 4265 634 4298 :
662 4263 841 4304 omnes
889 4256 977 4319 qui
1009 4256 1129 4309 facti
1156 4261 1307 4328 hujus
1330 4265 1530 4318 consilii
1555 4277 1675 4321 sunt
1705 4271 1768 4324 {0
1793 4248 1942 4327 annis

439 4331 489 4383 in
517 4335 821 4399 paenitentia
844 4340 1159 4407 redigantur.

762 4421 936 4476 Conon
960 4429 1330 4485 Aurelianensis
1360 4446 1402 4497 θ,
1426 4421 1529 4489 tera
1553 4439 1604 4490 2.

499 4499 552 4551 Si
581 4517 694 4566 qua:
733 4507 973 4563 mulieres
1002 4512 1195 4566 fuerint
1220 4517 1271 4567 in
1293 4521 1547 4576 adulterio
1575 4540 1692 4578 cum
1736 4529 1941 4586 clericis

431 4585 780 4654 deprehensae,
817 4594 1018 4650 clericis
1040 4599 1360 4656 districtione
1393 4609 1619 4662 adhibita
1648 4611 1666 4648 ι
1696 4615 1850 4666 etiam
1888 4627 1940 4669 et

432 4675 734 4732 mulieribus
755 4720 768 4743 ,
798 4689 851 4734 et
872 4698 901 4734 a
925 4684 1223 4740 civitatibus
1264 4691 1386 4756 ipsa:
1406 4694 1650 4751 mulieres
1673 4702 1936 4769 expellan-

434 4768 536 4812 ῑυΓ.

499 4942 522 5007 ς
554 4930 744 5007 interp.
774 4950 867 4988 nec
898 4937 1107 5007 Dionys.
1139 4960 1233 4999 nec
1258 4947 1376 5002 Isid.

502 4997 527 5033 ι)
552 4997 661 5069 δυο
683 4997 892 5069 pionvs.
922 4997 1138 5062 ncc'lsid

502 5073 521 5135 ξ
549 5063 669 5135 δρα
683 5063 890 5135 Dion-ys.
919 5088 1012 5126 nec
1036 5075 1134 5129 lsid

499 5128 1009 5220 :Raululum'diilert
1056 5128 1120 5196 ab
1144 5145 1262 5220 lsid.
1298 5148 1488 5220 interp.

502 5206 526 5269 ξ
552 5196 745 5269 ροηεὶι.
775 5201 951 5257 Aurel.
983 5223 1052 5269 tv,
1085 5196 1244 5267 cui):

505 5262 527 5338 ξ
557 5263 677 5338 μωο
696 5269 897 5334 desunt,
923 5275 1012 5326 sed
1038 5262 1137 5329 alia
1162 5262 1277 5334 add.
1307 5293 1360 5337 et
1382 5300 1488 5338 var.

503 5331 527 5412 ξ
550 5329 670 5412 μειί
682 5341 736 5384 et
773 5329 1374 5412 quaz'sequunturine'd.
1393 5329 1779 5411 desiderantur.
1805 5362 1930 5412 Vide

434 5403 608 5481 tamen
624 5399 893 5481 liespo—nsa
919 5399 1162 5481 Stephani
1191 5399 1394 5481 papmﬁll
1407 5399 1750 5479 ad
1767 5399 1928 5479 biit:

437 5476 750 5520 nlacensmm
791 5476 1321 5551 monachorum,'cap.
1352 5488 1382 5537 4
1405 5502 1465 5539 ex
1507 5476 1926 5556 eademiepis—tol—a

2067 1817 2225 1870 alium
2245 1820 2414 1873 virum
2430 1822 2704 1877 habentem
2738 1843 2750 1876 :
2778 1826 2898 1880 huic
2908 1827 3082 1882 licebit
3099 1829 3186 1883 alii
3201 1845 3257 1884 se
3272 1833 3590 1903 «iniungere

2030 1962 2036 1979 ,Α
2067 1906 2294 1971 mulieri,
2325 1908 2568 1962 defuncta
2622 1919 2792 1966 tamen
2820 1913 2906 1968 illa
2950 1916 3192 1986 ingenua,
3219 1934 3374 1988 quam
3399 1933 3585 1988 postea

2063 2003 2352 2059 acceperat.

2133 2145 2144 2192 i
2183 2146 2237 2200 Si
2265 2163 2329 2202 ex
2358 2151 2597 2220 coniugio
2621 2085 3241 2226 graviter
3267 2161 3583 2227 inﬁrmetur,

2060 2245 2116 2288 ut
2142 2251 2244 2290 non
2272 2240 2436 2305 possit
2459 2241 2525 2292 ab
2566 2241 2654 2295 illo
2683 2244 2910 2297 debitum
2938 2247 3181 2314 persolvi,
3207 2250 3273 2302 ob
3318 2251 3415 2305 hoc
3443 2270 3582 2305 nui.-

2059 2337 2216 2388 quam
2239 2323 2414 2377 licebit
2447 2339 2538 2379 eos
2564 2328 2743 2380 dividi.

2061 2408 2124 2460 In
2150 2410 2359 2477 epistola
2397 2412 2680 2493 Innocentii
2701 2432 2846 2484 papte
2871 2418 2937 2469 ad
2964 2418 3273 2493 Exuperium
3296 2425 3582 2493 episcopum

2546 2481 2870 2547 Tolosanum,
2904 2501 3016 2555 cap.
3041 2481 3092 2540 ϐξ

2127 2563 2152 2602 ιι
2174 2564 2271 2630 Qui
2317 2567 2696 2622 interveniente
2749 2574 2965 2640 repudio
3001 2575 3161 2628 etiam
3198 2592 3292 2645 pro
3318 2580 3580 2634 adulterio

2057 2650 2266 2704 dimissa
2287 2644 2374 2705 alii
2399 2669 2457 2707 se
2482 2658 2822 2724 copulaverit,
2845 2674 2936 2712 eos
2958 2661 3008 2712 in
3024 2644 3245 2730 utraque
3269 2675 3418 2732 parte
3431 2667 3577 2721 adul-

2057 2745 2196 2790 teros
2225 2753 2342 2793 esse
2371 2744 2704 2798 manifestum
2744 2755 2822 2799 est
2849 2747 3133 2801 secundum
3171 2752 3296 2805 illud
3326 2773 3337 2806 :
3375 2753 3476 2819 Qui
3498 2759 3574 2809 di-

2057 2830 2245 2902 miserit
2269 2847 2474 2884 uxorem
2500 2849 2662 2897 suam,
2684 2846 2730 2888 et
2750 2836 2948 2890 duxerit
2976 2840 3150 2902 aliam,
3175 2845 3469 2896 moechatur.
3492 2845 3578 2900 Si-

2057 2917 2262 2980 militer,
2291 2921 2376 2987 qui
2409 2920 2670 2974 dimissam
2694 2923 2915 2990 duxerit,
2944 2930 3221 2980 mwchatur
3241 2943 3259 2979 :
3281 2940 3333 2984 et
3359 2933 3474 2987 ideo
3503 2943 3584 2987 ta-

1978 3004 2026 3068 C
2055 3003 2130 3058 les
2153 3019 2335 3060 omnes
2365 3010 2728 3063 communione
2766 3013 3066 3079 privandos.

2617 3098 2753 3152 Ibid.
2792 3117 2904 3155 can.
2936 3102 3020 3155 10.

2617 3117 2753 3152 ισια.
2792 3117 2850 3152 ca
2889 3139 2904 3153 .
2936 3117 3020 3155 ιυ.

2125 3201 2139 3220 ι
2173 3183 2226 3237 Si
2260 3200 2393 3239 unus
2413 3200 2478 3239 ex
2497 3194 2502 3198 ‘
2521 3187 2761 3257 coniugio
2784 3117 2946 3243 ﬁlifim
2969 3200 3059 3245 aut
3083 3191 3240 3248 ﬁliam
3265 3195 3483 3251 alterius
3509 3200 3575 3252 de

2048 3285 2199 3327 sacro
2225 3274 2366 3326 fonte
2400 3276 2711 3341 susceperit,
2740 3285 2828 3330 aut
2861 3278 2926 3331 ad
2949 3278 3180 3333 chrisma
3214 3285 3455 3349 tenuerit,
3486 3287 3570 3339 vel

2048 3361 2111 3413 ad
2137 3360 2547 3418 Christianitatis
2571 3368 2876 3433 mysterium
2906 3387 2917 3420 ε
2952 3371 3106 3424 ambo
3142 3380 3198 3426 et
3217 3389 3356 3426 uxor
3397 3385 3451 3429 et
3490 3379 3576 3430 vir

2048 3455 2340 3514 compatres
2365 3449 2596 3504 existunt
2624 3455 2926 3518 parentibus
2968 3457 3203 3523 infantis,
3242 3463 3363 3529 quia
3405 3464 3488 3516 vir
3518 3477 3566 3518 et

2046 3535 2235 3587 mulier
2255 3551 2380 3590 caro
2407 3553 2509 3590 una
2532 3538 2701 3594 eEecti
2731 3551 2873 3596 sunt.

2045 3619 2110 3672 Iu
2134 3622 2345 3689 cpistola
2365 3623 2537 3677 Siricii
2563 3643 2708 3695 papa:
2735 3629 3100 3748 didicenesium
3132 3640 3418 3709 episcopum
3447 3660 3565 3711 cap-

2115 3787 2150 3812 ιη
2171 3775 2225 3829 Si
2254 3792 2417 3838 sanus,
2433 3779 2514 3831 vir
2540 3779 2796 3850 leprosam
2823 3788 3028 3840 duxerit
3048 3805 3281 3855 uxorem,
3306 3802 3395 3846 aut
3421 3805 3540 3863 post

2046 3862 2254 3915 modum
2276 3865 2324 3916 ei
2349 3869 2706 3933 supervenerit
2725 3870 2889 3938 lepra,
2906 3889 2997 3941 sep
3014 3885 3231 3940 irentur,
3256 3894 3320 3931 ne
3341 3862 3568 3948 concep-

2046 3946 2082 3996 ti
2110 3947 2199 3998 tilii
2229 3947 2369 4016 lepra
2385 3953 2728 4007 maculentur.
2758 3957 2860 4012 Fas
2885 3975 3110 4028 namque
3137 3973 3236 4027 est,
3258 3975 3313 4016 ut
3335 3946 3568 4021 mundus

2045 4033 2109 4083 ad
2139 4035 2384 4087 mundam
2409 4034 2672 4106 iungatur.

2046 4113 2112 4171 Iit
2145 4122 2354 4188 epistola
2386 4123 2567 4178 Leonis
2591 4145 2754 4195 papw.
2786 4132 2866 4252 adi
2894 4133 3148 4189 Nicetium
3196 4143 3476 4209 episcopum
3512 4155 3563 4204 η,

2698 4213 2808 4252 can.
2881 4238 2893 4250 .

2698 4213 2808 4264 cap.
2844 4213 2893 4252 1.

1970 4292 2019 4350 D
2110 4272 2240 4336 Cum
2291 4289 2384 4341 per
2434 4277 2669 4334 bellicam
2697 4283 2896 4338 cladem
2949 4289 3248 4346 dividantur
3292 4298 3554 4367 conjugia.

2047 4359 2218 4428 (Mult.
2249 4365 2377 4431 var.)
2413 4375 2466 4418 et
2492 4370 2735 4423 mulieres
2755 4387 2868 4438 quas
2896 4382 3243 4434 remanserint
3283 4359 3409 4440 viris

2043 4448 2331 4523 destituta},
2360 4463 2446 4505 aut
2475 4456 2811 4526 interemptos
2835 4473 3036 4530 putent,
3069 4478 3156 4521 aut
3183 4485 3444 4540 nunquam
3470 4493 3556 4531 re-

2039 4552 2283 4595 versuros
2317 4560 2328 4593 :
2361 4551 2412 4596 et
2465 4543 2856 4621 [sollicitudine]
2907 4555 3184 4611 solitudine
3230 4573 3444 4630 cogente
3483 4567 3553 4619 ad

2039 4627 2244 4694 aliquod
2278 4630 2575 4697 coniugium
2619 4638 2937 4692 transierunt
2967 4658 2980 4692 :
3009 4652 3062 4695 et
3090 4643 3160 4698 illi
3183 4649 3271 4712 qui
3294 4627 3552 4715 putaban-

2038 4723 2122 4766 tur
2144 4718 2357 4782 perisse.
2388 4728 2745 4786 revertantur;
2790 4723 2965 4796 (Αάά.)
2997 4737 3119 4784 tunc
3158 4735 3371 4788 remotis
3394 4737 3556 4790 malis

2035 4815 2148 4866 qua:
2163 4802 2418 4857 hostilitas
2445 4806 2632 4872 intulit,
2662 4812 2940 4880 unicuique
2963 4817 3098 4882 quod
3120 4817 3345 4887 legitime
3360 4824 3545 4880 habuit

2033 4965 2219 5020 Leonis
2242 4969 2279 5020 Ι.

2099 5036 2124 5072 h
2156 5034 2375 5100 Capitul.
2405 5037 2438 5089 ι.
2473 5054 2527 5100 v,
2558 5055 2604 5094 c.
2639 5040 2690 5094 5.

2105 5101 2260 5178 ίδῖξεξ-
2291 5102 2352 5178 εξι
2384 5104 2563 5178 scen.
2591 5107 2652 5178 Π.
2679 5124 2793 5178 cap-
2824 5116 2876 5167 δ.

2099 5177 2112 5243 ξ
2151 5168 2264 5243 viti.
2298 5170 2358 5220 Β.
2388 5168 2566 5243 subii.
2597 5168 2654 5234 ll,
2681 5168 2795 5243 ca'p.
2825 5182 2875 5233 2.

2098 5235 2121 5328 ξ
2513 5243 2594 5292 ed.
2613 5243 2724 5296 Vid.
2745 5234 2943 5312 'polius.
2957 5250 3032 5314 Β.
3054 5253 3229 5322 Steph.
3261 5257 3324 5322 ll,
3343 5274 3460 5328 cap.
3479 5263 3541 5315 5.

2100 5301 2116 5339 ι
2144 5303 2491 5355 Desideratur.

2092 5367 2760 5464 Ξχὶξξηξὶᾈωρ.
2775 5380 2822 5441 9,
2846 5396 2908 5433 ex
2932 5385 3081 5450 epist.
3107 5387 3274 5444 Siricii
3300 5408 3447 5464 papa:
3469 5402 3552 5456 ad

2027 5434 2312 5507 'limerium
2343 5434 2660 5507 episéOpum.

2094 5512 2119 5537 ιι
2145 5503 2220 5555 Ad
2246 5501 2476 5558 Nicetam
2497 5501 2791 5576 episcopum
2821 5515 3221 5583 Aquileiensem.
