3926 6216
232 304 384 364 1061

1063 301 1365 357 canones
1401 299 1672 356 SELECTI
1707 261 1981 354 EXVET.
2022 297 2171 354 CAN.
2213 299 2529 356 coccscr.

3246 305 3377 362 1069.

233 409 567 464 reformetur
594 407 736 476 (Cap.
777 407 849 473 9..)
882 407 986 459 Nec
1012 415 1181 458 tamen
1228 407 1495 474 culpab'ﬂis
1517 409 1774 474 judicetur
1803 407 1846 462 Α
1874 404 2074 470 cipibus
2095 415 2213 473 post
2234 407 2546 473 baptismum
2567 421 2780 474 poscere
2807 418 3026 464 mortem
3053 411 3151 480 [vel
3173 415 3381 481 sangui-

228 493 364 557 ille,
409 494 482 563 [et
526 505 770 561 tanquam
801 494 954 544 alieni
981 493 1114 558 juris
1156 492 1425 560 pervasor]
1459 494 1544 558 qui
1595 506 1767 557 perso-

231 596 376 634 nam
400 581 511 648 ejus
539 583 731 636 mariti,
778 583 862 646 qui
891 580 997 645 jam
1027 596 1126 632 non
1157 595 1269 632 esse
1295 581 1655 640 :estimabitur,
1688 596 1770 631 as-

232 668 497 733 sumpsit.
535 679 557 705 ιι
591 666 643 717 Si
671 683 795 717 vero
836 667 1018 733 aliqua!
1045 667 1287 717 mulieres
1316 665 1513 716 malunt
1541 681 1657 716 cum
1691 665 1768 716 vi-

234 753 327 803 ris
363 753 446 804 hic
475 755 754 812 colimrerc,
787 768 940 818 quam
969 752 1032 803 ad
1063 753 1348 818 legitimum
1381 752 1549 804 redire
1590 753 1772 818 conju-

233 839 416 904 gium,
457 838 640 889 merito
673 846 792 890 sunt
840 839 1144 889 damnandae
1169 856 1180 899 ;
1207 839 1278 889 ita
1327 847 1383 888 ut
1409 838 1781 898 commtmione,

232 925 541 990 priventur,
579 926 697 990 quia
744 926 865 990 ips-.e
891 926 1247 985 ostenduntur,
1281 940 1380 976 non
1411 939 1503 992 pro
1547 925 1796 976 necessi~

232 1021 376 1073 tate,
407 1013 495 1064 sed
520 1028 613 1078 pro
653 1013 1021 1064 incontinentia
1074 1027 1166 1063 sua
1203 1013 1300 1064 hoc
1349 1012 1553 1074 fecisse,
1587 1021 1640 1064 et
1671 1027 1772 1065 non

234 1098 327 1150 eis
382 1098 654 1164 placuisse,
706 1099 842 1165 quod
877 1099 985 1151 haec
1035 1100 1270 1151 remissio
1320 1101 1487 1166 potuit
1539 1101 1769 1166 expiare.
1841 1097 1846 1100 ’

235 1183 488 1235 Redeunt
512 1199 635 1252 ergo
671 1185 735 1236 ad
775 1200 924 1237 suum
977 1178 1175 1237 rectum
1234 1186 1517 1238 voluntaria
1550 1187 1770 1240 redinte-

235 1270 490 1334 gratione
537 1269 831 1336 conjugium
890 1271 1084 1338 absque
1118 1273 1222 1325 ullo
1262 1273 1541 1340 opprobrio
1590 1291 1602 1326 :
1654 1277 1772 1342 quia

235 1366 390 1408 sicut
415 1357 492 1408 ha:
517 1358 757 1410 mulieres
786 1376 900 1427 quae
946 1362 1134 1413 reverti
1162 1363 1225 1414 ad
1249 1363 1388 1414 viros
1428 1378 1548 1415 suos
1573 1364 1771 1428 nolunt,

240 1443 427 1510 impiae
473 1453 591 1496 sunt
641 1446 891 1497 habendae
917 1485 929 1508 ,
965 1447 1032 1498 ita
1067 1446 1164 1499 illa:
1204 1462 1317 1513 qua:
1352 1449 1400 1499 in
1442 1448 1681 1501 affectum
1711 1465 1775 1502 ex

241 1530 364 1584 Deo
390 1531 572 1583 initum
598 1534 836 1596 redeunt,
865 1534 1052 1588 merito
1090 1535 1372 1588 laudabiles
1393 1536 1705 1601 judicandzc.

613 1619 676 1672 In
700 1623 909 1688 epistola
942 1622 1226 1676 Innocentii
1253 1643 1414 1692 papa.

1867 490 2005 560 nem]
2020 493 2239 561 alicujus
2253 495 2315 547 de
2330 504 2493 546 reatu.
2520 494 2682 558 Quam
2702 511 2810 550 rem
2834 499 3094 565 principes
3115 515 3383 567 nunquam

1867 580 1977 632 sine
2004 581 2320 647 cogitatione
2343 583 2679 654 [cognitione]
2706 588 3015 649 concedunt,
3046 589 3134 640 sed
3160 591 3226 641 ad
3247 574 3386 655 judi—

1866 680 1953 717 ces
1977 667 2194 719 crimina
2220 667 2328 735 ipsa
2357 683 2560 736 semper
2582 672 2853 723 remittunt
2871 713 2882 730 ,
2912 682 2965 724 ut
2997 688 3150 725 causa
3177 677 3384 741 cognita

1869 751 2041 822 (Var.)
2074 751 2356 819 judicetur.
2386 755 2510 818 Quze
2545 771 2662 808 cum
2692 757 3000 828 [quazsitori]
3029 776 3210 812 secure
3233 763 3389 815 fuerit

1868 837 2118 904 delegata,
2152 849 2239 892 aut
2265 841 2522 894 absolutio
2545 850 2630 893 aut
2657 841 2920 896 damnatio
2948 861 3042 910 pro
3057 849 3389 912 negotiiqua—

1869 922 2014 976 litate
2036 925 2333 990 proferatur
2356 946 2366 979 :
2395 937 2444 980 et
2469 929 2589 981 dum
2621 929 2789 997 legum
2818 932 2866 982 in
2894 933 3153 997 improbos
3178 949 3390 988 εχει-ω

1870 1017 1956 1062 tur
1976 1012 2279 1076 auctoritas,
2311 1015 2410 1066 erit
2436 1016 2686 1068 distortor
2712 1016 2976 1086 [dictator]
3005 1013 3264 1073 immunis.

2439 1105 2659 1158 CAPUT
2692 1107 2817 1160 LVI.

1872 1207 1936 1244 νε
1962 1208 2244 1259 ntsmns,
2273 1210 2340 1260 ετ
2369 1209 2622 1255 venturus,
2656 1212 2721 1247 ετ
2745 1212 3005 1250 uomcums
3038 1217 3048 1249 :
3078 1213 3142 1250 ET
3175 1214 3235 1252 υε
3268 1216 3387 1253 αλιι-

2304 1279 2554 1315 ’ΠΥΙΤΑΤΕ
2581 1280 2644 1315 ET
2677 1277 2963 1316 DISCORDIA.

2177 1351 2352 1403 Conon
2381 1352 2757 1403 Aurelianensis
2776 1392 2789 1413 ,
2817 1369 2920 1403 trra
2949 1352 3008 1403 15
3043 1353 3082 1404 τ.

1941 1436 2036 1501 Qui
2067 1435 2195 1490 falso
2239 1445 2488 1491 accusant
2531 1438 2723 1492 fratres
2768 1456 2910 1502 suos,
2961 1439 3183 1510 [placuit
3209 1481 3222 1502 ,
3251 1443 3388 1513 etc.]

1871 1540 2037 1593 usque
2065 1527 2130 1579 ad
2148 1527 2343 1579 exitum
2369 1542 2471 1581 non
2498 1529 2897 1583 communicent.

2037 1601 2039 1604 ⁴
2225 1614 2415 1667 Ὀαηοη
2444 1614 2737 1668 Haticensis
2763 1619 2786 1655 ⁸
2809 1634 2912 1668 ara
2935 1618 3016 1668 Π.

317 1707 350 1745 ιι
374 1707 518 1760 Sicut
548 1709 810 1772 mulieres,
842 1711 882 1761 si
919 1711 1171 1765 convicta:
1217 1712 1407 1766 fuerint
1436 1714 1776 1780 adulterasse,

1948 1700 2145 1768 Siquis
2181 1701 2311 1755 alios
2361 1703 2425 1755 ad
2469 1702 2655 1756 falsum
2703 1705 3055 1758 testimonium
3099 1706 3179 1758 vel
3224 1708 3387 1776 perju-

232 1795 446 1864 judicio
472 1798 779 1850 sacerdotali
810 1801 1172 1853 communione
1193 1802 1466 1868 privantur
1496 1818 1508 1855 :
1542 1806 1780 1858 similiter

239 1891 299 1935 et
331 1883 450 1946 viri,
481 1884 523 1937 si
548 1884 736 1938 detecti
752 1885 1264 1940 fuerintadulterium
1297 1891 1635 1967 commisisse,
1668 1907 1777 1945 om-

240 1974 480 2032 nimodis
507 1989 536 2027 a
566 1979 930 2030 communione
959 1979 1338 2034 submovendos
1381 1996 1497 2034 esse
1543 1983 1779 2037 decerni-

243 2077 391 2115 mus.

837 2156 1057 2211 CAPUT
1084 2159 1190 2211 LV.

242 2254 312 2291 DE
348 2255 770 2296 REVERTENTIBUS
805 2261 868 2296 Αῐ)
903 2261 1110 2298 ΒΕΕΚἸΑ
1156 2263 1278 2301 POST
1329 2264 1611 2303 DEPOSITUII
1643 2265 1776 2303 ιιιιι-

320 2324 424 2360 τιμε
462 2324 718 2362 εικοιίιῑιι
750 2326 764 2362 ἒ
791 2327 855 2364 ΕΤ
883 2323 944 2364 οε
975 2330 1056 2367 HIS
1095 2329 1178 2376 QUI
1212 2332 1332 2369 POST
1363 2333 1658 2371 BAPTISMUM
1691 2333 1777 2371 Λυ-

323 2390 799 2430 ιιιΜετιιΑγειυΝτ.

631 2467 806 2518 Conon
848 2466 1111 2526 Nico-mus.
1135 2487 1240 2521 avra
1269 2471 1331 2523 18
1356 2481 1400 2523 ο.

321 2549 349 2587 ά
382 2548 436 2603 Si
463 2551 572 2616 qui,
590 2561 706 2618 post
729 2552 1019 2618 depositum
1051 2555 1248 2607 militia:
1275 2557 1635 2624 cingulum,ad
1658 2572 1778 2626 pro-

243 2637 428 2704 prium
456 2639 704 2690 vomitum
731 2651 1084 2703 revertuntur,
1113 2651 1169 2694 ut
1200 2646 1444 2710 pecunias
1472 2646 1537 2699 ad
1561 2661 1778 2700 usuram

246 2725 440 2777 darent
467 2733 519 2777 et
547 2727 749 2779 abirent
786 2744 967 2783 rursus
1014 2733 1078 2783 ad
1111 2733 1374 2792 militiam,
1406 2733 1469 2785 ιο
1497 2737 1646 2789 annis
1674 2738 1778 2790 sint

247 2809 393 2861 inter
420 2811 742 2876 pmnitentes,
762 2823 877 2879 post
894 2816 1411 2880 primumtriennium
1442 2827 1548 2896 quq
1568 2821 1778 2876 fuerunt

242 2897 392 2949 inter
411 2898 697 2952 audientes.
727 2899 831 2953 lloc
854 2903 1111 2968 pt'mcipue
1135 2905 1460 2969 observetur,
1493 2899 1557 2972 uti
1573 2910 1776 2963 animus

247 2999 435 3040 eorum
466 2996 518 3040 et
548 2987 746 3042 fructus
774 2992 1085 3058 ptenitcntia
1114 2994 1439 3047 observetur.
1467 2997 1529 3048 Et
1553 2999 1774 3064 quiem-
1803 2980 1847 3042 ο

249 3089 356 3140 que
385 3075 436 3126 in
465 3075 708 3142 lacrymis
735 3084 787 3127 et
823 3079 1069 3143 operibus
1095 3081 1244 3132 bonis
1272 3093 1688 3148 perseverantes,
1724 3096 1776 3139 et

251 3161 447 3213 bonum
496 3177 625 3229 opus
651 3178 768 3216 cum
818 3167 1036 3219 veritate
1069 3166 1468 3232 demonstrant;
1501 3185 1617 3224 cum
1661 3182 1779 3241 post

251 3258 463 3318 tempus
513 3259 760 3305 statutum
791 3253 1010 3306 orationi
1062 3258 1316 3324 coeperint
1357 3261 1771 3324 communicare,

251 3337 374 3389 licet
423 3339 717 3405 episcopum
747 3341 1025 3394 humanius
1071 3343 1264 3411 aliquid
1293 3346 1432 3399 circa
1465 3362 1555 3400 eos
1599 3363 1772 3416 agere.

253 3427 311 3478 Si
339 3427 428 3495 qui
469 3440 593 3479 vero
641 3427 994 3483 indifferenter
1042 3433 1322 3486 habuerint
1371 3436 1570 3504 lapsum
1601 3453 1773 3501 suum,
1836 3440 1839 3443 ’

250 3518 306 3563 et
335 3510 573 3565 sufﬁcere
599 3512 694 3566 sibi
721 3516 856 3581 quod
873 3517 1147 3570 ecclesiam
1171 3521 1495 3575 intraverunt
1518 3523 1777 3577 arbitran-

253 3605 358 3662 tur,
384 3600 470 3651 isti
491 3602 663 3653 omnia
688 3610 919 3670 tempora
942 3611 1132 3659 statuta
1150 3609 1498 3676 complebunt.

252 3683 483 3750 Epistula
527 3685 809 3740 Innocentii
838 3705 982 3825 paleae
1022 3692 1103 3812 at;
1107 3692 1445 3828 1[Exuperium
1488 3698 1773 3766 episcopum

449 3809 454 3814 η
938 3775 1038 3825 .ap.
1135 3798 1147 3810 .

449 3809 454 3814 η
892 3775 1038 3825 μορ.
1071 3775 1147 3825 0|.

325 3849 348 3876 ε
377 3837 475 3902 Qui
505 3848 638 3906 post“
661 3841 976 3908 baptismum
1010 3847 1506 3904 administraverunt
1528 3891 1542 3914 ,
1589 3860 1642 3906 et
1669 3863 1776 3908 ter-

253 3935 431 3980 menta
456 3939 819 3991 exercuerunt,
852 3941 941 3985 aut
968 3934 1126 3987 etiam
1155 3939 1429 4004 capitalem
1461 3945 1773 3999 sententiam

252 4013 581 4079 protulerunt
611 4032 625 4078 ;
659 4017 721 4069 de
752 4017 834 4070 bis
869 4020 995 4071 nihil
1021 4021 1239 4090 legimus
1266 4040 1295 4076 a
1327 4025 1610 4092 majoribus
1641 4031 1774 4083 defi'

253 4101 440 4153 uitam.
477 4102 821 4157 Meminerunt
843 4109 982 4159 enim
1005 4124 1033 4160 a
1064 4111 1168 4163 Deo
1195 4121 1479 4178 potestates
1501 4117 1595 4169 has
1617 4116 1776 4171 fuisse

251 4202 549 4252 concessas,
590 4199 643 4244 et
665 4202 878 4261 propter
919 4196 1201 4252 vindictam
1230 4203 1502 4256 noxiorum
1547 4206 1774 4272 gladium

253 4273 418 4329 fuisse
439 4280 746 4345 permissum
777 4288 830 4332 et
857 4282 946 4334 Dei
981 4285 1273 4339 ministrum
1316 4289 1573 4343 vindicem
1599 4293 1648 4345 in
1672 4293 1771 4346 hu-
1797 4278 1851 4341 Ῑ)

254 4363 480 4429 iusmodi
499 4367 784 4421 natum.De
805 4358 886 4422 his
903 4371 970 4422 ita
989 4381 1043 4423 ut
1061 4373 1312 4428 hactenus
1327 4386 1588 4431 servatum
1607 4390 1687 4434 est
1701 4383 1776 4436 sic

253 4451 528 4513 habemus,
550 4469 614 4505 ne
634 4463 722 4507 aut
747 4456 1073 4523 disciplinam
1097 4471 1352 4527 evertere,
1375 4476 1463 4518 aut
1487 4477 1666 4520 contra
1690 4485 1776 4522 au-

253 4538 552 4601 claritatem
577 4541 776 4594 Domini
795 4545 975 4597 venire
997 4548 1279 4602 videamur.
1297 4553 1424 4619 Ipsis
1439 4563 1611 4606 autem
1629 4556 1680 4608 in
1699 4573 1773 4610 ra—

253 4623 396 4678 tione
419 4627 835 4697 reddenda'gesta
851 4646 941 4686 sua
963 4637 1136 4688 omnia
1155 4640 1521 4694 servabuntur.
1537 4642 1683 4712 (Cap.
1699 4646 1773 4715 5.)

255 4713 368 4768 Hec
390 4715 546 4768 etiam
563 4719 829 4771 sciscitare
841 4721 1068 4785 voluisti,
1093 4726 1266 4795 inda.)
1295 4737 1350 4780 ut
1363 4731 1403 4782 si
1419 4730 1570 4785 liceat
1589 4747 1617 4784 a
1639 4713 1776 4800 prin-

319 4889 347 4916 II
386 4878 536 4964 Plura
721 4895 772 4938 et
797 4887 884 4964 hic
903 4891 1082 4964 incipit
1121 4903 1214 4964 cap
1240 4894 1298 4964 vi.
1320 4892 1518 4948 Cretera
1557 4915 1671 4964 qum
1697 4918 1774 4954 se-

257 4955 485 5033 qu‘uu‘tujr
515 4950 663 5033 mult'.
690 4967 800 5033 var:
830 4956 951 5033 Viti.
977 4950 1134 5033 Resp.
1162 4950 1408 5027 Stephan.
1444 4964 1504 5033 ιι,
1535 4950 1662 5033 ςείᾑξ-
1685 4950 1768 5022 ἡ).

324 5013 358 5096 ιζ
383 5015 496 5096 Vid.
524 5030 606 5084 ep.
630 5016 744 5070 Inn.
775 5020 794 5072 ι
820 5023 883 5074 ad
913 5013 1266 5090 [εὶιιυρείτίυιιι.⁵
1285 5045 1398 5096 cap.

259 5078 376 5132 add.
411 5090 464 5134 et
487 5078 599 5134 var.

325 5157 348 5232 ξ
377 5147 526 5232 9.1.2
549 5152 598 5232 in
626 5150 796 5232 Getae.
928 5157 977 5207 in
1012 5161 1197 5232 interp:
1232 5162 1440 5232 Dionys.
1475 5177 1524 5221 et
1553 5169 1667 5222 lsid.

322 5212 350 5294 ἦ
380 5215 654 5294 ξευιιειυω
677 5220 847 5294 differt
874 5224 1061 5294 interp.
1100 5212 1219 5280 lsid.

328 5292 350 5385 ἶ
798 5373 834 5418 ι,
866 5372 912 5410 c.
948 5360 1028 5412 Η.

327 5417 353 5455 ε
380 5415 542 5470 Cone.
573 5415 842 5475 Matiscou.
874 5443 909 5478 ι.

326 5486 351 5521 ιι
383 5483 505 5537 Var.
536 5484 664 5540 Vide
703 5502 847 5544 conc.
879 5495 1057 5548 Venet.
1083 5511 1127 5550 c.
1166 5509 1210 5550 ι.

1876 1789 2008 1863 rium
2035 1789 2211 1858 (γαν.)
2245 1791 2556 1852 attraxerit,
2582 1792 2662 1845 vel
2690 1791 3021 1861 [quacunque
3045 1794 3393 1863 corruptionel

1874 1862 2254 1939 soilicitaverit,
2288 1877 2396 1942 ipse
2441 1879 2650 1942 quidem
2699 1894 2870 1945 neque
2916 1881 2979 1932 ad
3028 1862 3226 1933 exitum
3256 1898 3386 1936 com.

1874 1965 2102 2017 municet
2130 1980 2142 2016 :
2167 1975 2218 2016 ct
2259 1967 2329 2017 illi
2358 1964 2490 2033 (Md
2515 1977 2560 2018 et
2585 1967 2716 2036 oar.)
2761 1969 2850 2035 qui
2880 1984 2999 2022 eum
3041 1973 3205 2023 secuti
3253 1981 3394 2036 sunt,

1874 2054 1938 2105 ah
1963 2057 2106 2107 omni
2135 2066 2256 2109 sunt
2298 2059 2595 2111 testimonio
2620 2060 2950 2126 prolibendi,
2979 2069 3030 2113 et
3059 2060 3271 2116 infamia
3305 2079 3391 2118 no-

1874 2142 2143 2200 tabuntur.
2979 2195 2992 2218 ._

2083 2227 2258 2282 Conon
2287 2232 2604 2298 Agathemis,
2637 2249 2741 2304 tera
2770 2234 2856 2288 36.
2891 2233 3043 2304 [Cum
3074 2236 3184 2304 37].

1942 2314 2238 2369 Homicidas
2263 2327 2316 2369 et
2337 2317 2498 2382 falsos
2520 2314 2680 2373 testes
2697 2323 2719 2359 ιι
2736 2325 3097 2378 communione
3119 2327 3397 2392 privandos

1874 2420 2039 2474 usque
2069 2410 2132 2460 ad
2157 2411 2517 2476 paenitentiam
2547 2421 2600 2464 et
2625 2412 3053 2467 satisfactionem.

2219 2495 2396 2554 Conon
2423 2498 2774 2566 Lugdunensis
2804 2503 2846 2562 ί,
2873 2518 2976 2553 (era
3006 2502 3059 2554 ὅ.

1945 2580 1958 2628 i
2013 2579 2069 2634 Si
2109 2584 2227 2651 quis
2282 2585 2544 2638 hominem
2575 2589 2626 2639 in
2679 2591 3029 2656 captivitatem
3058 2594 3281 2656 duxerit,
3313 2607 3405 2649 aut

1878 2670 2248 2734 transmiserit,
2271 2666 2541 2740 ostiuequo
2570 2687 2689 2727 eum
2717 2677 2768 2727 in
2800 2677 2913 2729 loco
2938 2691 3033 2730 suo
3059 2683 3403 2748 revocaverit,

1876 2759 2241 2812 couununione
2267 2760 2518 2828 privetur.
3409 2770 3412 2774 ‘

2229 2845 2405 2900 Canon
2433 2849 2788 2918 Ancyritanus,
2819 2869 2924 2905 trra
2949 2853 3036 2906 Si.

1946 2933 1973 2972 ιι
2003 2932 2057 2986 Si
2093 2935 2212 3002 quis
2256 2936 2544 2990 voluntarie
2580 2940 2915 2994 homicidium
2943 2941 3142 3004 fecerit,
3179 2943 3393 2998 submit-

1879 3030 1954 3074 tat
1981 3036 2038 3074 se
2077 3023 2142 3075 ad
2183 3023 2561 3091 prenitentiam,
2602 3034 2655 3078 et
2681 3027 2746 3079 ad
2790 3029 2988 3081 exitum
3019 3027 3227 3081 tantum
3255 3046 3391 3084 como

1877 3111 2122 3163 municet.

2491 3180 2624 3233 (Era
2646 3181 2785 3235 221.

1943 3275 1982 3302 ιιι
2011 3264 2109 3329 Qui
2146 3280 2272 3318 vero
2315 3281 2440 3322 casu
2482 3261 2830 3324 homicidium
2861 3273 3064 3336 fecerit,
3109 3285 3229 3342 post
3252 3277 3282 3327 7
3309 3291 3404 3329 an-

1876 3367 2058 3404 norum
2107 3355 2469 3421 paenitentiam
2511 3360 2859 3412 communicet
2904 3361 3182 3414 secundum
3209 3361 3403 3431 gradus

1875 3439 2204 3491 constitutos.
2235 3440 2357 3493 [hec
2376 3456 2502 3494 vero
2527 3444 2805 3499 humanior
2829 3446 3078 3511 definitio,
3110 3450 3388 3517 quinquen-

1875 3521 1946 3574 nii
1974 3524 2221 3591 temporis
2239 3527 2407 3594 spatio
2429 3530 2745 3583 continetur.

2093 3609 2270 3664 Canon
2291 3612 2634 3681 Epaunenris,
2664 3635 2768 3671 aera
2798 3619 2864 3672 9.4
2892 3619 3042 3690 [Can.
3065 3622 3157 3694 24]

1946 3693 1998 3746 Si
2034 3697 2151 3761 quis
2184 3712 2389 3750 servum
2418 3704 2828 3777 propriumﬁine
2854 3693 3173 3762 conscientia
3207 3709 3401 3777 jndicis

1876 3781 2140 3844 occiderit,
2189 3785 2383 3838 biennii
2436 3793 2683 3859 temporis
2721 3799 3258 3852 excommunicatione
3284 3801 3382 3868 ple-

1876 3876 2049 3920 ctatur
2083 3867 2409 3938 [effusionem
2450 3879 2716 3946 sanguinis
2751 3882 3018 3951 expiabit].

2235 3959 2408 4014 Camn
2435 3965 2745 4020 Arelatensis
2773 3979 2798 4005 ³³
2828 3987 2930 4022 αντα
2952 3971 3036 4024 53.
3336 4020 3342 4027 .

1949 4045 2003 4098 Si
2024 4049 2140 4113 quis
2166 4047 2495 4112 famulorum,
2528 4051 2822 4122 [cujuslibet
2850 4059 3161 4113 conditionis
3189 4072 3278 4114 aut
3306 4078 3386 4132 ge-

1878 4134 2040 4204 neris]
2068 4137 2216 4203 quasi
2243 4138 2310 4190 ad
2333 4140 2743 4194 exacerbemur]:
2767 4145 2965 4196 donniui
2994 4147 3394 4222 districtionem.

1880 4238 1936 4276 se
1965 4223 2243 4292 [diabolica
2290 4226 2516 4293 repletus
2551 4226 2748 4299 furore]
2776 4234 3113 4298 percusserit,
3164 4236 3316 4303 (Add.
3349 4246 3396 4291 et

1877 4309 2008 4380 var.)
2031 4313 2380 4382 nequidquam
2408 4314 2474 4366 ad
2501 4303 2766 4370 donninum
2813 4321 3024 4374 sceleris
3059 4322 3211 4376 alieni
3239 4327 3402 4391 perti-

1878 4400 2020 4453 nebit
2047 4400 2253 4467 injuria.

2268 4489 2333 4540 In
2356 4490 2564 4559 epistola
2587 4509 2730 4560 papa?
2754 4493 2929 4546 Leonis
2955 4503 2996 4547 ο.

1942 4572 2164 4642 Captivi,
2189 4576 2278 4641 qui
2303 4576 2645 4632 immolatitiis
2670 4581 2799 4632 cibis
2822 4580 3014 4634 fuerint
3038 4583 3232 4650 polluti,
3264 4585 3398 4651 (var.

1873 4671 1919 4712 et
1941 4658 2086 4727 add.)
2107 4661 2428 4728 paenitentis
2449 4663 2800 4719 satisfactione
2825 4676 3133 4734 purgentur;
3155 4683 3269 4734 quae
3291 4681 3392 4724 nun

1875 4757 1980 4800 tam
2029 4750 2277 4816 temporis
2321 4750 2656 4818 longitudine,
2686 4767 2840 4819 quam
2887 4752 3058 4804 cordis
3086 4754 3394 4808 contritione

3295 4473 3319 4486 κ

1949 4915 1961 4983 i
1991 4914 2148 4983 Cone.
2179 4914 2415 4983 Lugdun.
2448 4933 2506 4978 tt,
2535 4926 2580 4970 c.
2604 4921 2651 4971 5.

1947 4982 1960 5028 i
2000 4982 2144 5034 Mult.
2176 4982 2286 5034 var.
2304 4991 2357 5034 et
2385 4986 2503 5037 add.

1945 5049 2267 5144 :n'nllfilll‘l‘et.
2301 5066 2396 5104 nec
2421 5051 2630 5122 Dionys.
2661 5068 2756 5106 nec
2782 5054 2901 5107 Isid.
2927 5055 3039 5108 Vid.
3068 5068 3195 5106 conc
3222 5053 3390 5122 Epau-

2130 5116 2157 5144 ⁷
2554 5116 2567 5122 _
3265 5116 3280 5122 _

1876 5116 2351 5255 l:8?sliiiferjpf.Isid.
2379 5200 2481 5239 non
2523 5185 2810 5255 distinguit.
2857 5203 2884 5240 a
2931 5187 3260 5255 przecedenti.
3285 5187 3387 5243 Sed

1873 5249 1965 5303 Gr.
1995 5259 2050 5319 et
2081 5249 2290 5319 Dionys.

1942 5317 2186 5387 mlnterp.
2205 5317 2304 5387 nec
2329 5320 2538 5387 Dionys.
2567 5334 2661 5375 nec
2690 5321 2809 5374 Isid.

1945 5394 1967 5420 η
1999 5384 2157 5438 Οοηοῖ
2187 5385 2326 5438 Arei.
2354 5399 2406 5439 u;

1946 5461 1964 5471 "
2014 5453 2082 5506 κά
2111 5451 2343 5506 Nicetam
2365 5468 2590 5523 episcop.
2620 5439 3019 5523 Aquileiensem.
