3926 6216
611 353 738 405 1063

602 454 860 522 pensanda
887 461 983 506 est.
1011 450 1117 503 sive
1153 452 1250 503 hoc
1280 447 1444 503 fames
1466 448 1761 510 extorserit,
1793 449 1901 500 sive
1927 455 2096 499 terror
2125 447 2169 501 Α
2203 466 2208 474 ·

603 541 798 610 (ω).

610 648 617 655 ·
896 627 1083 686 'Canon
1116 627 1491 692 Africanorum,
1514 639 1614 675 αντα
1639 623 1703 675 47
1733 635 1777 673 η.

631 750 636 754 -
666 715 983 766 Dissideutes
1009 714 1299 780 episcopos,
1329 713 1371 764 si
1401 725 1504 763 nou
1528 712 1679 764 timor
1721 709 1828 772 Dei,
1873 709 2096 776 synodus

597 800 912 855 reconciliet.
1004 838 1007 841 .
1349 835 1352 838 λ

1193 886 1325 937 Αἶγα
1362 886 1428 938 48
1456 887 1482 923 δ

660 975 1026 1027 Discordantes
1059 974 1292 1033 clericos,
1324 973 1596 1040 episcopus
1623 973 1704 1022 vel
1749 971 1964 1025 ratione.
2017 970 2097 1022 vel

593 1069 854 1129 potestate
870 1061 934 1113 ad
976 1061 1305 1113 concordiam
1335 1061 1507 1112 trahat
1533 1058 1881 1110 inobedientcs
1905 1075 1917 1108 ;
1944 1070 2098 1126 syno-

594 1152 689 1202 dus
717 1165 810 1219 per
831 1138 1097 1203 audaciam
1129 1148 1486 1218 [audientiam]
1514 1148 1743 1202 damnet.

907 1227 910 1231 ’
1182 1235 1312 1287 Αἶγα
1346 1235 1412 1288 49
1453 1245 1495 1285 ς.

659 1321 956 1377 Oblationes
977 1324 1331 1376 dissidentium
1360 1322 1598 1381 fratrum,
1627 1333 1794 1385 neque
1841 1320 1890 1368 in
1918 1334 2092 1371 sacra-

591 1412 670 1463 rio
689 1425 852 1477 neque
878 1412 935 1469 in
956 1403 1308 1478 gazopbilacio
1333 1407 1666 1473 recipiantur.
1722 1435 1735 1451 .

918 1497 1093 1549 Canon
1124 1496 1448 1551 Arelatensis.
1477 1511 1579 1546 (era
1615 1493 1680 1546 80
1709 1493 1752 1544 ἀ.

654 1587 718 1639 Hi
747 1586 831 1652 qui
860 1585 1079 1653 publicis
1106 1585 1242 1636 inter
1258 1597 1314 1635 se
1337 1583 1475 1635 odiis
1513 1582 1873 1641 exardescunt,
1906 1582 1972 1632 ab
2010 1593 2096 1633 ec-

587 1673 743 1726 clesia
796 1678 1162 1724 removeantur
1206 1668 1307 1736 [ab
1349 1667 1709 1720 ecclesiasticis
1756 1667 2092 1721 conventibus

589 1757 925 1826 removendi],
953 1758 1119 1808 donec
1142 1755 1205 1806 ad
1232 1769 1411 1820 pacem
1448 1753 1662 1806 redeant
1687 1751 2016 1822 [recurram].

957 1841 1130 1896 Canon
1162 1843 1475 1909 Agathensis,
1503 1856 1605 1892 arra
1635 1841 1718 1892 50.

651 1932 956 1998 Quicunque
980 1931 1117 1993 odio,
1137 1937 1226 1984 aut
1244 1929 1519 1995 longinqua
1541 1927 1677 1979 inter
1705 1941 1760 1980 se
1786 1927 2092 1980 lite-dissen-

586 2020 750 2074 serint
796 2018 998 2086 (Adi),
1030 2032 1058 2068 ι
1102 2015 1460 2069 sacerdotibus
1486 2022 1785 2080 arguantur.
1835 2011 1986 2079 (Add.
2043 2025 2090 2064 et

588 2105 718 2174 oar.)
762 2107 827 2158 Et
869 2105 914 2156 si
958 2104 1237 2158 emendare
1281 2101 1949 2162 uoluenint,communione
1982 2101 2089 2165 pel-

587 2194 770 2245 lantur.

872 2276 1046 2330 Conon
1070 2276 1494 2344 Carthaginenn's,
1517 2292 1620 2328 trra
1655 2275 1718 2328 79
1743 2285 1783 2324 θ.

651 2367 841 2419 Eorum
868 2367 1020 2428 dona,
1047 2365 1135 2432 qui
1177 2377 1429 2434 pauperes
1453 2365 1765 2432 opprimunt,
1796 2375 1825 2414 ι
1851 2363 2091 2415 sacerdo-

587 2454 720 2507 tibus
739 2452 1027 2506 refutanda.
1421 2467 1425 2471 ’

1137 2539 1353 2593 CAPUT
1379 2537 1528 2590 LVII.

1144 2617 1214 2678 ne.
1245 2641 1523 2679 EXPOSITIS.

883 2713 1057 2767 Canon
1083 2714 1476 2774 Aurelianensis,
1514 2729 1618 2786 qu
1643 2713 1702 2765 51
1738 2711 1778 2763 ι.

653 2802 706 2857 Si
758 2804 1021 2870 expositus
1072 2811 1192 2854 ante
1220 2801 1493 2853 ecclesiam
1538 2800 1888 2866 cujuscunque
1932 2797 2090 2852 fuerit

585 2891 912 2943 miseratione
923 2890 1188 2947 collectus,
1212 2887 1599 2940 contestationis
1618 2895 1774 2954 portat
1793 2886 2082 2954 epistolam.

585 2979 645 3030 Et
671 2984 713 3030 si
743 2979 794 3031 is
815 2979 900 3044 qui
925 2978 1169 3030 collectus
1193 2985 1290 3039 est,
1340 2977 1474 3028 intra
1503 2975 1678 3028 decem
1708 2977 1817 3028 dies
1841 2977 2088 3041 quaesitus

583 3066 886 3133 agnitusque
914 3081 1014 3117 non
1040 3066 1209 3122 fuerit.
1252 3079 1463 3116 securus
1479 3046 1683 3116 'babeat
1726 3063 1816 3129 qui
1859 3062 2084 3129 collegit.

587 3154 608 3190 ⁵
631 3152 684 3206 Si
714 3168 834 3206 vero
858 3161 971 3220 post
995 3152 1296 3217 praedictum
1321 3159 1520 3216 tempus
1540 3150 1726 3216 aliquis
1746 3149 2091 3200 calumniator

582 3239 854 3313 astiterit,
883 3248 937 3290 ut
957 3239 1213 3292 homicida
1234 3236 1510 3300 iudicetur.

1118 3331 1333 3394 CAPUT
1369 3341 1536 3394 LVIII.

1162 3466 1222 3500 DE
1252 3466 1297 3502 LI
1307 3465 1503 3502 BERTIS.

954 3555 1127 3607 Canon
1165 3555 1452 3616 Toletanus,
1475 3571 1580 3606 trra
1609 3555 1638 3605 7
1665 3558 1711 3606 δ.

651 3643 860 3702 Liberti,
886 3642 972 3707 qui
989 3657 1052 3693 ex
1083 3643 1350 3706 mancipiis
1369 3641 1604 3692 ecclesia
1640 3641 1704 3692 ab
1732 3642 1972 3708 episcOpo
2015 3641 2090 3692 fa-

583 3731 650 3782 cti
677 3733 813 3788 sunt,
846 3727 996 3796 (Add.
1033 3738 1076 3779 et
1120 3731 1246 3791 var.)
1287 3728 1337 3779 in
1363 3727 1598 3780 libertate
1622 3738 1992 3794 permaneant;
2039 3737 2090 3778 et

583 3826 752 3868 Limen
778 3831 805 3866 a
832 3815 1117 3883 patrocinio
1145 3815 1386 3866 Ecclesize
1412 3813 1540 3882 [tam
1583 3815 1699 3880 ipsi,
1740 3829 1895 3880 quam
1922 3815 1986 3865 ab
2014 3815 2091 3866 eis

581 3903 854 3973 progeniti]
885 3920 982 3956 nou
1004 3905 1262 3957 recedant.
1290 3905 1368 3956 Ab
1395 3905 1510 3956 aliis
1530 3919 1735 3970 quoque
1762 3905 1931 3956 liberti
1979 3913 2088 3956 tra-

581 3995 673 4046 diti
712 3993 966 4052 ecclesiis,
987 3994 1066 4044 vel
1095 3993 1461 4055 commendati,
1502 3994 1788 4059 patrocinio
1813 3993 2088 4060 episcopali

582 4088 825 4147 regantur
849 4077 1044 4146 (Add.).

747 4166 925 4220 Conon
969 4168 1348 4234 Agathenensis,
1390 4182 1493 4218 a'ra
1526 4166 1587 4219 27
1617 4165 1762 4240 [Cum
1807 4167 1913 4236 29].

647 4256 884 4309 Libertos
921 4255 1145 4321 legitime
1196 4254 1357 4306 factos
1398 4254 1475 4322 [Si
1526 4254 1808 4305 necessitas
1837 4255 2085 4324 exegerit]

583 4341 808 4395 Ecclesia
858 4350 1079 4393 tueatur.
1112 4340 1258 4403 Quod
1307 4339 1488 4410 [Quos]
1519 4342 1558 4392 si
1586 4341 1701 4406 quis
1728 4347 1847 4392 ante
1876 4343 2088 4394 audien-

585 4430 706 4482 tiam
749 4442 837 4480 eos
866 4427 996 4496 [aut]
1023 4427 1332 4496 pervadere,
1360 4435 1450 4478 aut
1499 4427 1788 4493 exspoliare
1839 4440 2088 4491 pncsum-

580 4517 758 4587 pserit,
789 4516 853 4569 ab
873 4516 1088 4568 ecclesia
1114 4514 1414 4582 repellatur.

716 4602 721 4608 ’
923 4600 1097 4653 Canon
1117 4601 1494 4662 Aurasicorum,
1519 4615 1620 4651 cra
1643 4600 1674 4653 6
1700 4604 1741 4653 ί.

645 4691 704 4743 In
733 4691 948 4746 ecclesia
970 4689 1330 4752 manumissos,
1373 4688 1454 4740 vel
1494 4702 1586 4756 per
1611 4698 1979 4748 testamentum
2005 4705 2089 4744 ee-
2117 4715 2125 4728 ι

585 4778 756 4832 cleaia
783 4778 1184 4836 commendatos,
1215 4777 1256 4828 si
1283 4779 1398 4842 quis
1440 4778 1490 4829 in
1519 4777 1820 4833 servitutem
1841 4781 1921 4835 vel
1942 4781 2091 4832 obse-

585 4865 786 4934 quium,
829 4864 911 4915 vel
954 4865 1018 4916 ad
1050 4863 1364 4924 colonariam
1408 4865 1750 4918 conditionem
1794 4866 2089 4935 imprimere

585 4949 878 5014 tentaverit,
905 4949 1350 5002 animadversione
1391 4951 1740 5005 ecclesiastica
1766 4962 2085 5006 coerceatur.

656 5127 680 5154 ⁸
711 5115 784 5170 Id.
809 5116 861 5168 in
888 5114 1002 5168 cod.
1030 5115 1180 5168 Barb.
1207 5113 1362 5168 Cone.
1391 5129 1441 5167 iv
1463 5113 1638 5168 Carth.
1669 5133 1717 5170 c.
1742 5118 1826 5170 25.

654 5182 683 5222 δ
709 5173 783 5249 Id.
808 5184 859 5235 in
889 5183 1003 5236 cod.
1033 5181 1181 5234 Barb.
1207 5180 1362 5249 Cone.
1395 5181 1636 5249 Cartliag.
1663 5199 1710 5237 c.
1733 5186 1814 5238 59.

655 5261 677 5288 ε
701 5248 755 5318 Id
785 5249 834 5301 iu
863 5249 1168 5318 cod._Barb.
1208 5248 1290 5318 (ιθ.
1314 5249 1509 5303 Coucil.
1539 5247 1782 5318 Cairthag.
1812 5267 1857 5304 c.
1880 5248 1964 5305 99.

653 5317 678 5355 ά
706 5317 862 5371 Coac.
888 5316 1027 5369 Arel.
1056 5333 1116 5373 ιι.
1137 5331 1184 5370 c.
1215 5315 1299 5368 50.

659 5398 680 5424 ε
708 5384 763 5438 In
787 5384 902 5438 cod.
927 5384 1079 5437 Bard.
1111 5385 1179 5437 id.
1215 5381 1372 5437 Coac.
1404 5399 1473 5438 iv.
1514 5384 1694 5440 Cartb.
1725 5401 1770 5440 c.
1801 5385 1884 5441 04.

663 5454 680 5488 ¹
709 5452 862 5506 Cone.
887 5450 1027 5505 Arei.
1051 5465 1109 5513 ιι,
1136 5465 1183 5504 c.
1206 5450 1291 5505 5i.

663 5522 686 5556 ⁸
713 5519 823 5573 Vid.
855 5533 1000 5573 conc.
1031 5518 1256 5573 Vasense
1283 5535 1319 5584 ι,
1343 5534 1389 5572 c.
1423 5519 1504 5572 I0.

1388 343 1692 401 CANONES
1729 342 1997 397 semen
2034 338 2125 392 ax
2164 339 2312 393 var.
2346 301 2502 392 eis.
2543 336 2864 392 eorum.

3574 331 3723 387 1061

2565 443 2740 496 Canon
2769 443 3099 512 Epauncnsis,
3147 457 3252 495 tera
3276 441 3329 497 8.

2265 529 2511 596 Mmcipia
2541 531 2806 582 monachis
2827 529 2943 582 data
2977 530 3042 581 ab
3064 530 3250 582 abbate
3283 544 3387 581 non
3415 527 3575 582 liceat
3595 541 3720 581 rna-

2196 616 2419 666 numitti.
2466 615 2713 682 Injustum
2760 624 3032 683 putamus,
3083 624 3139 667 ut
3189 614 3461 666 monachis
3510 613 3718 666 ruralia

2194 717 2348 767 opera
2380 703 2751 769 [quotidianum
2796 703 2967 754 rurale
3016 701 3166 768 opbsl
3211 701 3542 762 facientibus,
3572 701 3717 753 seni

2193 800 2370 838 eorum
2397 788 2655 840 libertatis
2683 788 2790 839 otio
2813 789 3091 853 potiantur.

2454 873 2628 926 Canon
2656 875 2972 940 Agat/tensis,
3006 892 3108 927 trra
3134 873 3166 928 6
3189 874 3337 944 [Cum
3371 872 3445 944 η.

2260 962 2399 1025 Quos
2427 963 2489 1014 de
2517 964 2678 1014 servis
2722 963 2953 1014 ecclesia:
3001 963 3151 1031 (Var.
3177 965 3392 1030 etadd.)
3436 963 3719 1031 etiscopus

2192 1047 2418 1098 libertati
2469 1049 2686 1109 dederit,
2725 1064 2753 1100 a
2805 1037 3410 1115 succeSSoribus‘placuit
3453 1049 3717 1102 custodiri

2193 1140 2310 1184 cum
2339 1133 2432 1185 lioc
2457 1133 2591 1200 quod
2613 1135 2687 1186 eis
2707 1135 3053 1186 manumissor
3072 1135 3125 1186 in
3150 1133 3388 1186 libertate
3408 1128 3715 1186 contulerit.

2192 1218 2337 1281 Quod
2358 1226 2525 1277 tamen
2542 1219 2783 1284 jubemus
2805 1219 3163 1282 20501idorum
3187 1218 3577 1289 [numerumet]
3604 1234 3718 1272 mo-

2191 1304 2311 1356 dum
2342 1307 2390 1357 in
2435 1308 2608 1366 terris,
2633 1307 2709 1357 vel
2736 1308 2917 1367 vineis.
2965 1307 3043 1360 vel
3071 1304 3346 1374 hosptiolo
3374 1316 3575 1368 tenere,
3607 1320 3718 1358 non

2191 1394 2441 1460 amplius;
2477 1393 2630 1460 (Add.
2660 1403 2705 1445 et
2729 1395 2858 1462 var.)
2886 1395 3005 1459 quia
3049 1393 3367 1446 minusculas
3396 1409 3482 1446 res
3509 1402 3601 1445 aut
3627 1406 3720 1446 ec-

2190 1480 2359 1531 clesia:
2406 1481 2574 1532 minus
2629 1479 2803 1544 utiles,
2848 1479 3140 1549 peregrinis
3186 1479 3268 1533 vel
3309 1480 3533 1542 clericis,
3565 1472 3717 1532 salvo

2184 1563 2300 1629 jure
2323 1565 2569 1625 ecclesiae,
2603 1566 2653 1618 in
2680 1581 2832 1618 usum
2871 1567 3102 1632 praestari
3131 1566 3496 1632 permittimus.

2467 1648 2643 1702 Canon
2663 1651 3038 1704 Aurelianensis
3067 1667 3129 1712 ιι,
3163 1650 3176 1697 i
3224 1667 3326 1702 mra
3346 1651 3431 1703 52.

2122 1723 2166 1781 Β
2257 1737 2471 1790 Cineres
2501 1735 2648 1805 (l’ar.
2679 1738 2907 1803 etadd.)
2935 1753 3062 1790 vero
3085 1737 3240 1799 servi,
3269 1753 3357 1790 seu
3387 1745 3440 1789 et
3485 1739 3719 1805 posteri-

2186 1831 2267 1876 tas
2297 1838 2476 1875 eorum
2505 1824 2556 1874 in
2583 1823 2717 1880 loco.
2748 1825 2800 1876 in
2824 1839 2926 1890 quo
2954 1834 3138 1876 auctor
3162 1839 3344 1877 eorum
3369 1827 3393 1863 ιι
3419 1825 3715 1891 depositus,

2190 1912 2239 1962 in
2267 1926 2326 1962 ca
2359 1925 2475 1977 quin
2504 1911 2782 1962 constituta
2809 1920 2889 1964 est
2932 1927 2962 1963 a
2988 1912 3245 1965 defunctis
3273 1893 3445 1978 studio
3468 1917 3719 1968 sacerdo-

2188 2000 2258 2050 tis
2285 1999 2580 2054 conditione
2606 2009 2960 2064 permaneant.
2990 2000 3079 2053 Ille
3113 1999 3226 2070 [Cui
3251 2010 3510 2069 praecepto
3527 2003 3573 2055 si
3593 2004 3716 2070 quis

2187 2084 2510 2136 saecularium
2541 2086 2778 2137 humanae
2814 2086 3111 2151 cupiditatis
3157 2086 3401 2156 impulsu]
3453 2101 3581 2140 vero
3620 2089 3714 2154 qui

2188 2169 2287 2221 hoc
2317 2172 2593 2223 crediderit
2643 2174 2976 2235 obviandum,
3024 2172 3202 2242 (ναν.)
3245 2189 3408 2242 usque
3436 2176 3502 2227 ad
3525 2189 3714 2229 veram

2185 2258 2594 2309 emendationem
2623 2259 2688 2310 ab
2715 2260 2932 2311 ecclesia
2965 2261 3326 2327 suspendatur.

2473 2341 2648 2394 Canon
2675 2344 3051 2398 Aurelianensis
3079 2362 3130 2399 tv
3148 2386 3162 2406 ,
3193 2362 3296 2398 trra
3317 2346 3349 2398 6
3375 2345 3415 2399 ³.

2257 2430 2563 2496 Quicunque
2589 2431 2759 2484 liberti
2791 2432 2913 2484 facti
2958 2442 3096 2496 sunt,
3139 2433 3288 2502 (Var.
3320 2445 3367 2486 et
3396 2435 3541 2505 add.)
3591 2436 3637 2489 si
3685 2452 3714 2487 a

2188 2532 2497 2585 quocunque
2541 2521 2730 2586 pulsati
2757 2519 2969 2583 fuerint,
3017 2523 3082 2575 ab
3105 2523 3324 2576 ecclesia
3366 2523 3717 2576 defendantur

2184 2613 2372 2670 praeter
2397 2620 2487 2657 cas
2533 2606 2731 2674 culpas,
2762 2609 2948 2674 quibus
2975 2611 3118 2677 leges
3144 2609 3388 2663 collatam
3415 2612 3586 2664 servis
3631 2627 3714 2664 ro-

2187 2707 2373 2744 vocare
2398 2693 2663 2760 jusserunt
2690 2695 2998 2748 libertatem.
3333 2751 3342 2757 ,

2524 2777 2699 2830 Canon
2727 2780 3031 2833 Arelatensis
3049 2792 3113 2844 ω,
3143 2798 3247 2834 εει-α
3271 2781 3357 2836 34.

2256 2863 2314 2917 Si
2339 2866 2456 2933 quis
2479 2867 2527 2918 iu
2557 2868 2775 2920 ecclesia
2803 2870 3177 2922 manumissum
3207 2859 3485 2924 crediderit
3531 2873 3717 2938 ingra-

2187 2957 2400 3009 ticulum
2455 2956 2675 3026 [ingrati
2733 2957 2917 3028 titulo]
2961 2959 3343 3021 revocandum,
3397 2975 3501 3012 non
3557 2960 3717 3014 aliter

2116 3007 2160 3064 ϐ
2189 3045 2357 3106 liceat,
2390 3007 2491 3098 nisi
2538 3007 2654 3098 gum
2694 3048 2854 3113 gestis
2880 3007 3016 3114 apud
3054 3055 3171 3099 acta
3201 3048 3519 3116 municipum
3563 3063 3715 3102 reum

2187 3147 2319 3186 esse.

2550 3200 2724 3255 Canon
2754 3195 3126 3272 Lugdunensis,
3155 3217 3260 3257 trra
3289 3204 3338 3257 7.

2255 3295 2560 3361 Quicunque
2585 3303 2766 3356 contra
2802 3296 3017 3371 libertos
3045 3296 3289 3349 Ecclesia
3316 3298 3716 3352 commendatos

2189 3385 2441 3434 actionem
2469 3383 2644 3451 habet,
2668 3397 2768 3434 non
2799 3384 2985 3435 audeat
3011 3384 3333 3451 magistratui
3361 3399 3456 3438 eos
3477 3387 3715 3451 tradere,

2138 3487 2144 3492 -
2189 3467 2277 3518 sed
2298 3467 2350 3518 in
2371 3449 2829 3534 episcopi'judicio,
2851 3484 2964 3536 quae
2991 3449 3115 3522 sunt
3137 3471 3374 3524 veritatis
3393 3449 3711 3526 audianturt

2187 3554 2305 3618 quia
2325 3552 2526 3620 justum
2549 3563 2647 3616 est,
2672 3563 2728 3606 ut
2774 3564 2954 3608 contra
2983 3557 3416 3612 calumniatorum
3443 3562 3714 3616 versutia;

2187 3627 2550 3704 defenduntur,
2597 3643 2684 3708 qui
2734 3640 3042 3697 immortalis
3083 3645 3320 3702 ecclesiae
3363 3648 3715 3714 patrocinium

2187 3725 2559 3791 concupiscant
2588 3745 2599 3776 :
2631 3735 2682 3780 et
2709 3728 2798 3794 qui
2825 3728 2946 3790 hoc,
2991 3731 3130 3797 quod
3170 3745 3200 3784 a
3244 3731 3396 3784 nobis
3440 3732 3716 3788 decretum

2187 3820 2286 3873 est,
2317 3803 2656 3879 prrevaricarc
2682 3815 2980 3878 teutaverit,
3007 3816 3336 3885 irreparabili
3361 3817 3715 3873 damnationis

2191 3916 2297 3952 suzc
2319 3900 2574 3952 sententia
2595 3899 2831 3954 feriatur.
3163 3899 3192 3906 “
3369 3961 3380 3967 ,

2421 4004 2489 4039 DE.
2507 4005 2587 4040 IIIS
2613 4004 2695 4048 QUI
2729 4006 2794 4042 AD
2820 4006 3099 4044 ECCLBSIAI
3127 4007 3468 4047 CONFUGWNT.

2499 4075 2685 4128 ‘Canon
2714 4078 3092 4132 Aurelianensis
3117 4091 3167 4142 ιι,
3197 4097 3300 4133 mra
3333 4082 3378 4133 1.

2257 4163 2557 4228 Homicida),
2589 4165 2828 4228 adulteri,
2851 4165 3009 4229 fures,
3036 4168 3082 4240 si
3117 4168 3183 4221 ad
3203 4169 3476 4223 ecclesiam
3523 4167 3713 4224 confu-

2190 4251 2380 4316 gerint,
2405 4249 2580 4318 (ναν.)
2598 4249 2742 4315 juxta
2770 4253 2973 4319 priores
2999 4267 3227 4307 canones
3246 4262 3298 4307 et
3317 4255 3455 4322 quod
3478 4254 3562 4310 lex
3601 4255 3714 4310 Ro-

2187 4350 2339 4388 mana
2389 4338 2660 4389 constituit
2695 4339 3040 4402 obserVetur,
3070 4347 3129 4391 ut
3169 4340 3236 4392 ab
3278 4340 3513 4394 ecclesiae
3556 4343 3713 4396 atriis

2186 4423 2267 4474 vel
2306 4423 2459 4475 domo
2493 4424 2717 4491 episcopi
2763 4437 2865 4476 non
2893 4425 3202 4488 trahantur;
3240 4427 3332 4479 sed
3358 4427 3411 4480 iu
3437 4428 3713 4497 evangelia

2188 4507 2307 4578 [nec
2342 4507 2491 4561 aliter
2516 4511 2828 4576 consignari,
2874 4511 2972 4564 nisi
3003 4511 3067 4563 ad
3113 4513 3403 4585 evangelia]
3432 4515 3571 4571 datis
3627 4533 3713 4572 aa-

2185 4593 2487 4656 oramentis,
2528 4594 2590 4648 de
2623 4603 2809 4657 morte,
2839 4596 2904 4649 de
2948 4597 3215 4650 debilitate
3255 4607 3309 4652 et
3331 4599 3397 4653 de
3421 4602 3568 4656 omni
3594 4617 3713 4673 pai-

2187 4695 2370 4733 narum
2408 4696 2597 4748 genere
2646 4684 2750 4735 sint
2791 4685 2960 4737 securi
2997 4703 3009 4736 :
3041 4686 3120 4740 ita
3164 4695 3222 4740 ut
3264 4689 3348 4742 cui
3385 4704 3510 4745 leua
3549 4690 3713 4749 fuerit

2185 4769 2498 4822 criminosus
2524 4808 2536 4831 ,
2587 4769 2653 4823 de
2700 4771 3054 4828 satisfactione
3104 4775 3394 4828 conveniat.
3462 4775 3620 4842 Quod
3667 4781 3710 4836 si

2185 4865 2513 4910 sacramenta
2538 4873 2630 4911 sua
2656 4860 2772 4924 quis
2791 4861 3063 4914 violaverit
3090 4859 3230 4931 [quis
3256 4862 3530 4918 convictus
3555 4862 3711 4934 fuerit

2186 4946 2574 5013 violasse,,reus
2592 4947 2856 5016 periurii].
2883 4947 3037 5016 (Add.
3073 4958 3118 5002 et
3150 4947 3282 5018 var.)
3304 4949 3372 5003 ab
3396 4953 3544 5007 omni
3563 4952 3711 5010 Clui-

2259 5122 2283 5159 h
2308 5118 2465 5174 Cone.
2494 5115 2657 5174 Tolct.
2685 5135 2767 5183 ιιι,
2789 5135 2835 5174 c.
2861 5120 2909 5174 6.

2264 5190 2275 5258 ᾖ
2303 5187 2460 5258 (ἶᾲοιιο.
2496 5190 2730 5258 Arausic.
2765 5205 2800 5250 ι.
2830 5204 2877 5242 e.
2902 5189 2949 5241 7.

2260 5255 2273 5300 i
2319 5255 2476 5308 Cone.
2506 5257 2680 5308 Aurel.
2705 5270 2776 5310 iv.

2259 5323 2282 5359 ι
2308 5322 2429 5374 Var.
2461 5324 2574 5376 Vid.
2606 5332 2713 5375 not.
2744 5325 2842 5376 vir.
2881 5326 2944 5379 cl.
2975 5326 3020 5380 J.
3054 5326 3210 5381 Sim.

2265 5385 2279 5426 ¹
2308 5389 2465 5442 Cone.
2492 5390 2666 5442 Aurel.
2695 5407 2746 5450 v.
2775 5408 2820 5445 c.
2850 5392 2896 5445 7.

2258 5469 2295 5494 ιιι
2316 5457 2472 5511 Cone.
2498 5458 2633 5509 Arel.
2661 5475 2716 5511 ιι.

2257 5534 2284 5560 ³
2305 5523 2444 5579 Cone
2470 5525 2642 5578 Aurel.
2680 5541 2713 5575 i.
