3926 6216
539 339 675 390 1067

1153 460 1282 510 Αἶγα
1307 461 1373 511 8‘2
1401 474 1444 510 ει.

615 549 631 591 ι
659 556 740 596 um
768 544 1020 596 haereticis
1046 559 1211 612 neque
1235 546 1502 604 oramlmn,
1537 559 1700 611 neque
1725 544 2045 611 psallendum

541 635 641 679 est

881 695 1053 748 Canon
1082 698 1404 759 Arelatensis,
1432 713 1532 747 trra
1565 698 1614 748 II
1651 698 1692 748 δ.

612 783 797 836 Puella:
825 782 841 850 (
854 781 996 849 Var.)
1040 783 1213 836 ﬁdeles
1256 799 1368 850 qua:
1412 797 1466 836 se
1517 782 1790 850 gentilibus
1805 778 2044 846 jungunt,

544 869 738 936 placuit
781 879 835 920 ut
883 870 1141 937 aliquanto
1174 879 1401 936 tempore
1430 885 1458 920 a
1498 869 1856 922 communione
1896 882 2046 934 sepa-

529 967 746 1011 rentur.

945 1024 1119 1077 Conon
1152 1024 1448 1086 Militianus,
1482 1040 1581 1074 a'ru

613 1111 669 1164 Si
707 1113 822 1178 quis
854 1114 1076 1174 mulieri,
1108 1115 1148 1165 si
1174 1114 1288 1180 quis
1327 1111 1550 1164 Iudaicze
1595 1112 1834 1178 pravitati
1872 1110 2048 1176 conju-

543 1198 644 1264 gali
691 1200 933 1250 societate:
979 1201 1344 1268 conjungitur,
1400 1215 1428 1249 a
1471 1199 1768 1251 Christiano
1813 1205 1947 1248 cmtu
1997 1203 2049 1246 ct

528 1286 906 1337 communione
932 1296 1212 1352 separetur.

900 1371 1072 1424 Canon
1108 1371 1403 1438 Cangsnsis,
1441 1387 1544 1422 αντα
1577 1370 1636 1420 14
1673 1381 1713 1420 ε.

607 1457 634 1497 ἀ
673 1457 726 1512 Si
752 1475 852 1527 qua
881 1461 1060 1511 mulier
1087 1460 1150 1511 ad
1177 1461 1274 1511 hoc
1294 1459 1428 1510 virili
1454 1466 1594 1510 veste
1621 1459 1802 1518 utitur,
1841 1466 1896 1508 ut
1927 1458 2047 1508 viri—

542 1543 641 1598 lem
667 1545 896 1597 habitum
926 1547 1177 1606 inmolet,
1208 1546 1480 1597 anathema
1502 1545 1587 1595 sit.

1169 1632 1300 1683 Ᾰὶνα
1339 1631 1419 1682 I5.

610 1732 634 1756 ε
674 1720 728 1771 Si
755 1719 874 1786 quis
913 1719 1244 1784 dereliquerit
1288 1718 1523 1784 proprios
1567 1717 1717 1776 liiios,
1748 1725 1804 1766 ut
1847 1714 2043 1766 virilem

537 1807 771 1873 habitum
803 1799 1053 1865 immittet,
1085 1807 1360 1858 anathema
1387 1807 1476 1858 cit.

1165 1892 1297 1944 zEra
1337 1891 1417 1945 16.

615 1983 630 2018 ί
673 1980 727 2034 Si
773 1982 862 2049 qui
898 1979 984 2033 ﬁlii
1025 1990 1288 2048 parentes,
1319 1981 1541 2034 maxime
1575 1978 1751 2032 ﬁdeles
1802 1978 2050 2044 despexe-

545 2072 664 2131 rint,
694 2077 784 2120 aut
806 2069 1075 2120 occasione
1102 2067 1361 2135 religionis
1390 2081 1492 2117 non
1530 2066 1607 2116 eis
1631 2063 1860 2116 debitum
1888 2064 2049 2115 hono-

541 2172 650 2209 rem
684 2155 1017 2214 reddiderint,
1045 2153 1320 2203 anathema
1351 2152 1435 2202 sit.

877 2245 880 2247 λ
1126 2257 1146 2264 ·
1175 2238 1305 2290 ἉΕνα
1336 2239 1419 2290 I7.

610 2335 635 2370 Β
674 2331 875 2392 Mulier,
901 2343 1016 2397 quze
1039 2327 1186 2395 quasi
1217 2326 1515 2395 religionem
1550 2323 1814 2391 cogitans,
1846 2337 2049 2375 comam

540 2419 639 2473 sibi
671 2418 1035 2486 amputaverit,
1065 2417 1336 2468 anathema
1367 2415 1453 2466 sit.

879 2505 1056 2558 Canon
1082 2503 1427 2563 Laodicensis,
1455 2517 1557 2553 wra
1591 2501 1646 2552 I7
1678 2501 1724 2552 ιι.

611 2601 626 2636 ί
678 2596 878 2648 Nullum
926 2595 1274 2648 Christianum
1323 2591 1528 2644 lavacra
1578 2605 1693 2641 cum
1747 2582 2052 2640 mulieribus

543 2686 733 2740 habere
772 2684 1059 2737 communia
1083 2723 1095 2744 ,
1125 2684 1246 2751 quia
1273 2691 1354 2735 est
1380 2690 1432 2733 et
1461 2679 1594 2748 apud
1620 2678 1835 2746 gentiles
1876 2690 2053 2742 repre-

542 2773 741 2825 hensio.
1409 2831 1414 2833 Α
1453 2831 1455 2833 ι

1147 2834 1279 2886 Ᾰίηι
1307 2835 1367 2886 51
1406 2831 1447 2882 i.

611 2925 722 2980 Non
749 2932 952 2980 Oportet
981 2923 1223 2979 mulieres
1252 2919 1451 2989 ingredi
1479 2919 1541 2971 ad
1569 2917 1749 2970 altare.

1091 3009 1306 3062 CAPUT
1351 3006 1501 3060 LXII.

1049 3094 1110 3130 DE
1147 3090 1550 3130 CATECIIlYiIl-ZNIS.

1136 3165 1270 3217 Era
1310 3165 1371 3216 I8
1403 3165 1428 3201 ¹ί

613 3259 690 3314 Ad
733 3255 1094 3324 baptisterium
1120 3249 1476 3305 catechumeni
1517 3259 1782 3313 nunquam
1818 3242 2052 3309 frequen-

549 3357 678 3403 tem.
751 3413 924 3465 Conon
963 3411 1338 3468 Anrasicorum,
1379 3422 1482 3458 (era
1511 3404 1731 3471 191εα11η
1760 3399 1868 3467 20]·
1913 3466 1916 3468 .

613 3505 656 3555 A
707 3500 930 3554 ﬁdelium
972 3496 1327 3549 benedictione
1362 3531 1377 3554 ,
1421 3492 1577 3543 etiam
1628 3489 1762 3541 inter
1815 3483 2058 3539 domesti-

543 3609 637 3644 cas
684 3590 972 3645 orationes,
1015 3586 1065 3636 in
1094 3592 1342 3651 quantum
1380 3593 1563 3633 cavere
1605 3585 1682 3630 est
1730 3575 1928 3646 [caveri
1969 3586 2060 3641 po—

554 3677 698 3747 test],
711 3655 1015 3742 segregandi
1032 3670 1444 3735 informamlique
1469 3673 1609 3724 sunt,
1624 3671 1681 3714 ut
1701 3678 1756 3714 se
1779 3669 2022 3713 revocent
2044 3676 2054 3707 :

554 3775 610 3818 et
639 3764 846 3834 (Desunt
875 3759 993 3826 ista)
1030 3759 1072 3810 si
1109 3757 1332 3826 grandes
1369 3763 1488 3808 sunt
1529 3752 1694 3811 liberi,
1726 3747 2060 3804 benedicendi

543 3859 696 3913 sunt,
731 3847 904 3918 (ναν.)
933 3847 1114 3898 scmoti
1143 3843 1444 3896 offerantur.

835 3934 1014 3988 Canon
1037 3931 1467 4000 Curthaginensis,
1493 3945 1595 3982 arra
1625 3928 1691 3978 9.1
1733 3925 1771 3978 ι.

619 4027 938 4093 Baptismum
989 4021 1274 4089 percipiant
1317 4019 1578 4085 neophyti,
1623 4026 1675 4069 et
1709 4011 2004 4080 aliquandiu
2034 4027 2060 4062 a

555 4113 858 4165 lautioribus
883 4109 1046 4176 epulis
1073 4116 1124 4159 et
1159 4104 1465 4172 spectaculis
1498 4103 1643 4156 liberi
1676 4103 1832 4170 ιειιιι.
1869 4117 1967 4150 om.
2000 4100 2061 4149 li-

556 4198 709 4268 beri],
737 4207 792 4248 et
812 4213 838 4248 a
864 4193 1165 4261 coniugibus
1187 4192 1498 4247 abstineant.

1098 4298 1312 4354 CAPUT
1347 4297 1518 4350 LXIII.

1026 4385 1086 4419 υε
1125 4381 1599 4419 ρολιυῐυιτιοκιιιυε.
1670 4392 1681 4404 ο

880 4455 1054 4508 Canon
1079 4453 1511 4512 Chalcedonensis,
1537 4470 1637 4504 tl’t'u
1678 4452 1750 4502 18.

632 4561 667 4614 φ
697 4547 749 4598 Si
777 4545 950 4598 clerici
988 4545 1066 4595 vel
1104 4541 1341 4594 monachi
1373 4539 1558 4606 reperti
1587 4538 1772 4590 fuerint
1798 4537 2066 4603 conjuran-

569 4645 646 4688 tes
675 4641 762 4686 aut
802 4621 1154 4698 conspirantes
1176 4638 1262 4680 aut
1289 4627 1502 4680 insidias
1523 4636 1772 4692 ponentes
1792 4625 2062 4692 episcouis,

569 4734 658 4777 aut
681 4724 904 4779 clericis.
933 4723 996 4773 de
1031 4721 1187 4787 gradu
1225 4719 1434 4786 proprio
1461 4711 1784 4779 abiieiautur.

639 4847 660 4872 ει
701 4834 773 4884 1ν1.
806 4834 854 4884 in
887 4833 1000 4882 t‘u'I.
1033 4830 1182 4881 llarl).
1212 4841 1416 4880 (‘thJV
1444 4829 1706 4892 Carthag,
1735 4840 1778 4876 α.
1815 4825 1896 4874 72.

640 4904 664 4939 ιδ
702 4904 857 4951 (lonc.
892 4902 1082 4949 Arelal.
1117 4914 1152 4948 ι.

642 4981 660 5003 ⁸
697 4970 852 5020 Cone.
882 4966 1169 5032 Gaugrens.

638 5037 662 5072 ἀ
694 5035 881 5100 Interp.
910 5028 1360 5100 nec'Dionys._nec
1391 5028 1508 5078 Isid.

645 5113 666 5138 ο
707 5103 808 5154 Nec.
837 5097 1047 5168 Dionys.
1077 5097 1171 5151 nec
1192 5097 1314 5168 Isid.

650 5169 665 5204 ε
710 5169 811 5220 Nec
843 5165 1047 5235 Dionvs.
1073 5180 1167 5218 nec
1192 5165 1313 5235 Isid.

645 5237 671 5302 ε
707 5235 812 5287 Nec
841 5231 1048 5302 Dion'ys.
1079 5249 1173 5302 nec
1198 5231 1316 5302 Isid.

643 5299 664 5334 η
709 5303 863 5354 Cone.
900 5298 1172 5352 Laudiceni
1197 5314 1244 5351 c.
1270 5298 1355 5349 30.

653 5373 664 5409 ι
704 5369 976 5432 Interpret.
1003 5381 1113 5419 nec.
1146 5366 1358 5432 Dionys.
1392 5377 1483 5416 nec
1510 5362 1629 5414 Isid.

653 5436 664 5482 l
710 5437 771 5488 C.
799 5434 863 5486 M
890 5436 1078 5501 Interp.
1108 5434 1224 5485 Isid.

650 5502 672 5538 ι
713 5503 865 5554 Cone.
900 5498 1130 5555 Arausic.
1163 5517 1199 5562 I,
1230 5514 1275 5551 c.
1306 5498 1367 5549 I9

659 5567 670 5603 ι
713 5568 766 5618 In
795 5571 903 5622 cod.
937 5569 1086 5622 Barb.
1121 5561 1223 5621 id.:
1251 5580 1397 5618 conc.
1431 5579 1476 5617 iv
1504 5564 1703 5629 Cartb.,
1730 5577 1776 5616 c.
1802 5561 1884 5616 86.

1355 344 1657 402 cauo-5‘35
1696 336 1964 400 semen
2002 347 2087 398 ex
2131 346 2275 400 ver.
2317 349 2463 399 cax.
2503 347 2816 400 COLLECT.

2037 468 2042 470 ’
2066 461 2113 514 Α

2099 607 2196 622 Iul-nr

3518 345 3657 396 I063

2449 458 2619 509 Conon
2646 457 3015 509 Aurelianensis
3043 467 3090 518 ιι,
3115 473 3216 508 trra
3239 458 3294 508 2|
3311 497 3322 506 .

2209 543 2262 594 Si
2289 545 2374 610 qui
2403 545 2704 595 clericorum
2743 546 2760 611 (
2786 543 2915 594 Add.
2953 553 2997 594 et
3028 559 3130 594 var.
3161 543 3211 592 in
3240 543 3380 605 edd.)
3431 541 3660 592 rebelles

2144 631 2278 681 inter
2313 645 2368 682 se
2399 640 2720 683 sacramenta
2764 631 2998 681 dederint
3021 668 3033 690 ,
3079 640 3169 681 aut
3209 628 3498 681 chartulam
3523 645 3654 680 citu-

2143 718 2466 784 scripserint;
2519 734 2634 771 cum
2679 719 2773 770 hoc
2819 718 2881 769 ad
2923 719 3172 785 synodum
3216 729 3425 769 ventum
3474 716 3652 772 fuerit,

2137 804 2284 869 juxta
2309 805 2541 856 ordinem
2575 813 2625 856 et
2659 818 2993 870 personarum
3019 805 3318 872 qualitatem
3359 802 3652 854 vindicetur

2145 892 2193 960 [ιι
2224 891 2548 958 pontificibus
2586 893 2672 957 qui
2700 899 2820 944 tunc
2843 893 2895 944 in
2923 908 3078 944 unum
3111 893 3312 944 collecti
3341 890 3581 957 fuerint].

2681 977 2896 1030 CAPUT
2933 977 3107 1030 LXIV.

2659 1061 2720 1097 DE
2758 1060 3124 1098 ENBRGUNENIS.

2467 1129 2642 1184 Conon
2669 1132 3042 1200 Africanorum,
3069 1150 3172 1185 tera
3197 1132 3261 1184 6'2
3290 1143 3333 1182 ο.

2211 1218 2360 1271 Omni
2405 1219 2488 1272 die
2529 1221 2799 1272 exorcista:
2835 1220 3196 1286 cnergumenis
3238 1234 3422 1270 manus
3489 1219 3660 1283 impa-

2115 1343 2119 1350 -
2142 1317 2286 1361 naut.

2745 1373 2876 1424 zEra
2911 1372 2975 1424 65
3006 1383 3045 1423 τ’.

2212 1460 2507 1512 Pavimcnta
2537 1459 2804 1511 domorum
2833 1459 2921 1511 Dei
2949 1459 3280 1526 energmneni
3307 1459 3478 1524 scopis
3504 1474 3659 1510 mun-

2145 1550 2265 1602 dent
2292 1547 2562 1617 [verram].
2785 1613 2822 1617 _
2925 1593 2971 1617 ﬂ.

2754 1613 2895 1682 lEra.
2917 1613 2982 1664 64
3007 1623 3052 1663 τι.

2213 1701 2586 1769 Encrgmncnis
2623 1701 2672 1753 in
2714 1701 2866 1753 domo
2891 1700 2980 1752 Dei
3009 1699 3369 1752 assistentibus
3393 1689 3660 1768 [assiden-

2149 1788 2303 1856 tibus]
2331 1827 2342 1846 ,
2383 1788 2550 1839 victus
2576 1788 2906 1854 quotidianus
2939 1800 3030 1856 per
3054 1787 3341 1840 exorcistas
3363 1797 3664 1856 opportuno

2149 1883 2374 1940 tempore
2402 1875 2738 1926 ministretur.

2464 1958 2640 2012 Canon
2660 1961 3039 2023 Aurasicorum,
3069 1978 3173 2015 tera
3201 1963 3262 2016 15
3291 1973 3331 2014 τ.

2217 2049 2559 2117 Encrgumeni
2591 2049 2836 2117 baptizati
2859 2088 2873 2111 ,
2912 2049 2954 2102 si
2995 2048 3080 2118 [de
3117 2053 3423 2119 purgatione
3453 2067 3548 2103 sua
3574 2068 3666 2105 cu-

2147 2144 2265 2187 rant
2293 2134 2365 2203 et]
2409 2135 2737 2188 sollicitudini
2784 2135 3091 2189 clericorum
3127 2150 3183 2188 se
3216 2139 3453 2199 tradunt,
3495 2141 3667 2191 moni-

2151 2226 2315 2291 tisque
2339 2225 2717 2290 obtemperant,
2745 2224 3051 2277 omnimodis
3075 2227 3476 2286 communicent,
3505 2227 3667 2293 (Add.

2149 2322 2193 2361 et
2222 2327 2324 2362 ναν.
2354 2311 2406 2360 in
2427 2309 2565 2373 edd.)
2613 2309 2689 2361 vel
2720 2310 2982 2364 muniendi
3011 2310 3076 2363 ab
3101 2311 3309 2364 incursu
3367 2313 3667 2364 dzemonum

2151 2398 2229 2449 vel
2257 2396 2528 2464 purgandi.

2268 2473 2272 2476 ’
2749 2466 2882 2518 dira
2915 2466 2978 2518 14
3009 2479 3052 2519 ³.

2219 2553 2594 2620 Ilnergumenis
2607 2562 2659 2606 et
2685 2556 3087 2617 catechumenis,
3118 2559 3169 2610 in
3190 2567 3439 2625 quantum
3467 2573 3668 2625 oppor-

2141 2643 2344 2700 tunitas
2381 2643 2677 2708 permiserit
2716 2643 2816 2712 [vel
2857 2645 3141 2699 necessitas
3179 2645 3451 2714 exegerit],
3481 2647 3550 2698 de
3577 2647 3670 2698 ba-

2153 2730 2340 2796 ptismo
2374 2729 2762 2782 consulendum.

2649 2819 2777 2872 Λῗνα
2803 2821 2864 2874 19
2899 2819 3034 2890 [eam
3059 2820 3165 2890 I8].

2220 2905 2437 2970 Placuit,
2476 2905 2626 2974 (Var.
2655 2916 2700 2959 et
2728 2907 2873 2975 add.)
2901 2915 2955 2959 ut
2977 2907 3253 2974 Evangelia
3278 2907 3677 2962 catechumenis

2155 2991 2410 3060 legantur.

2698 3059 2915 3114 CAPUT
2965 3060 3116 3114 LXV.

2707 3164 2769 3201 DE
2804 3165 3109 3204 CIIRISMATE.

2477 3236 2649 3290 Canon
2680 3238 3056 3304 Africanorum,
3084 3252 3186 3288 arra
3209 3238 3274 3290 87
3312 3242 3349 3288 ‘.

2223 3326 2517 3394 Presbyteri
2565 3326 2652 3392 qui
2691 3340 2784 3392 per
2822 3325 3073 3378 dioeceses
3115 3332 3235 3376 sunt
3275 3322 3549 3393 [ecclesias
3593 3341 3676 3379 re-

2157 3414 2305 3484 gum]
2326 3429 2474 3475 ,,non
2511 3428 2539 3466 a
2565 3413 2877 3481 quibuslibet
2903 3413 3190 3480 episcopis,
3221 3414 3312 3467 sed
3339 3429 3368 3466 a
3395 3414 3538 3476 suis;
3580 3431 3678 3468 nec

2157 3517 2249 3568 per
2291 3503 2591 3555 viciniorem
2642 3499 2942 3570 [juniorem]
2987 3501 3269 3563 clericum,
3319 3501 3409 3554 sed
3451 3509 3548 3554 aut
3582 3517 3681 3568 per

2158 3593 2383 3658 seipsum
2410 3629 2423 3651 ,
2473 3599 2559 3641 aut
2599 3604 2691 3656 per
2719 3589 2860 3640 illum
2905 3590 2990 3654 qui
3035 3589 3321 3642 sacrarium
3347 3597 3520 3656 tenet,
3553 3599 3679 3642 ante

2159 3679 2369 3732 Pascha:
2394 3677 2771 3730 solemnitatem
2794 3669 3017 3728 chrisma
3046 3683 3242 3743 petant.

2695 3765 2912 3818 CAPUT
2950 3764 3124 3817 LXVI.

2161 3875 2220 3912 DE
2259 3870 2519 3919 EXSL‘DUIIS
2556 3870 2869 3909 ιιοιιτυοιιυιι
2908 3871 2973 3908 ΕΤ
3009 3868 3316 3907 δερυιειιιει
3347 3866 3412 3905 ετ
3447 3865 3515 3904 κε
3557 3868 3678 3904 PM--

2447 3965 2451 3968 -
2485 3941 2562 3978 LE
2595 3939 2752 3976 SUPER
2784 3937 3012 3976 CORPOBA
3051 3937 3338 3975 ΡοειΑΝτυιι.

2514 4009 2690 4063 Conon
2723 4009 3011 4072 Toletanus,
3039 4024 3144 4061 cera
3170 4008 3227 4060 21
3262 4019 3306 4058 α.

2232 4099 2604 4167 Iieligiosorum
2635 4112 2851 4164 corpora
2890 4096 3042 4166 (Add.
3083 4105 3127 4149 et
3157 4112 3260 4149 var.
3310 4096 3363 4148 in
3381 4093 3528 4163 edd.)
3557 4109 3680 4148 cum

2164 4173 2373 4256 psalmis
2409 4188 2784 4250 tantummodo,
2819 4196 2871 4240 et
2897 4182 3224 4254 psallentium
3259 4180 3470 4238 vocibus
3495 4183 3566 4236 ad
3598 4199 3679 4235 se-

2168 4279 2345 4346 pulcra
2392 4275 2602 4330 deferri.
2660 4276 2787 4328 Nam
2826 4274 3042 4329 funebre
3083 4289 3291 4328 carmen
3328 4272 3491 4342 [quod
3524 4272 3676 4342 vulgo

2097 4341 2144 4400 θ
2167 4341 2424 4422 defunctis
2464 4367 2662 4420 cantari
2694 4365 2878 4435 solet],
2926 4365 3006 4418 vel
3029 4374 3235 4431 pectora
3265 4341 3438 4428 (ναν.)
3469 4341 3679 4420 caedem

2163 4455 2372 4506 omnino
2396 4455 2745 4536 prohibemus.

2519 4542 2693 4594 Conon
2721 4543 3056 4600 Arrernensis,
3083 4558 3183 4594 trra
3207 4541 3238 4593 4
3269 4550 3309 4592 ν.

2231 4629 2618 4685 01,:servandum
2646 4631 2708 4680 de
2740 4628 2904 4697 palliis
2926 4630 3012 4700 [ne
3039 4628 3226 4698 pallis].
3259 4631 3337 4682 vcl
3369 4631 3679 4684 ministeriis

2164 4719 2370 4780 divinis,
2405 4733 2469 4770 ne
2491 4715 2848 4770 defunctorum
2883 4731 2905 4756 ι
2940 4733 3154 4784 corpora
3181 4717 3547 4771 obvolvantur.

2232 4839 2269 4864 πι
2308 4827 2496 4878 Parum
2522 4825 2689 4894 differt
2712 4828 2774 4876 ab
2806 4826 2991 4891 interp.
3018 4826 3224 4894 Dioriys.

2235 4905 2258 4929 η
2297 4894 2493 4957 Concil.
2524 4892 2698 4945 Aurel.
2729 4910 2806 4944 ιιι.

2235 4970 2258 4994 ο
2297 4961 2367 5028 Id.
2398 4961 2448 5011 in
2477 4963 2589 5014 cod.
2616 4961 2798 5028 Burin;
2838 4974 2982 5012 conc.
3007 4977 3054 5011 iv
3081 4961 3344 5028 Car.hag.,
3371 4976 3419 5009 c.
3449 4960 3544 5028 90.

2237 5039 2262 5076 ι)
2297 5027 2368 5078 Id.
2402 5029 2452 5079 in
2475 5029 2589 5081 cod.
2615 5026 2797 5088 Barb.;
2828 5043 2973 5079 conc.
3003 5043 3052 5080 IV
3079 5026 3340 5092 Carthag.,
3371 5041 3418 5077 c.
3448 5027 3547 5079 99.

2233 5107 2258 5144 τι
2297 5095 2370 5148 Id.
2401 5095 2451 5146 in
2487 5095 2602 5147 cod.
2627 5094 2812 5155 Barb.;
2837 5109 2984 5146 COIIC.
3010 5094 3280 5161 Carthag.,
3311 5111 3357 5146 c.
3385 5093 3475 5144 92.

2239 5174 2259 5200 ν
2298 5162 2490 5216 Concil.
2523 5161 2754 5212 Arausic.
2781 5177 2818 5222 ι,
2851 5178 2895 5214 c.
2931 5163 3007 5212 14.

2237 5244 2257 5268 ³
2293 5231 2452 5283 Cone.
2477 5229 2805 5291 Arausican.,
2831 5245 2878 5280 c.
2911 5230 2994 5280 15.

2243 5302 2258 5334 ί
2299 5298 2371 5349 Id.
2399 5297 2448 5347 in
2482 5295 2594 5348 cod.
2619 5296 2806 5357 Barhs,
2835 5311 2979 5347 conc.
3009 5310 3057 5346 iv
3079 5295 3278 5347 ιζςιιιιιι..
3307 5310 3355 5345 c.
3381 5297 3476 5347 56.

2236 5377 2262 5402 ιι
2300 5362 2493 5418 Concil.
2522 5363 2684 5416 Tolet.
2717 5378 2800 5425 ut,
2823 5379 2868 5415 c.
2892 5363 2978 5413 22.

2238 5441 2264 5466 ν
2299 5431 2455 5487 Coac.
2481 5430 2790 5482 Arvernens.
2823 5430 2984 5482 celeb.
3015 5443 3150 5480 anno
3178 5429 3291 5489 853;,
3325 5445 3372 5482 c.
3401 5432 3438 5485 5

2241 5513 2267 5538 ι
2307 5500 2426 5553 Var.
2455 5499 2568 5551 edd.
2599 5498 2710 5550 V'id.
2744 5505 2848 5549 not.
2875 5497 2939 5548 cl.
2968 5494 3012 5548 J.
3039 5497 3194 5549 Sirm.
