3926 6216
219 424 339 477 1069

854 534 981 586 ίΕνα
1018 538 1068 589 8.

276 621 347 672 Ne
372 621 435 671 ad
464 622 752 687 nuptiarum
777 627 1014 671 ornatum
1059 618 1345 672 ministeria
1385 621 1553 674 divina
1583 636 1711 688 pra:-

208 716 409 759 stentur
434 707 584 776 (Add.
613 709 663 757 in
691 705 848 769 edd.).
1196 758 1215 765 _

553 792 724 844 Cauon
760 792 1068 855 .llatirensis,
1094 810 1197 847 arra
1222 793 1285 844 18
1313 805 1357 843 η.

271 880 654 948 Comperimus,
688 881 901 931 necdum
943 880 1088 948 (Var.
1129 880 1266 945 edd.)
1309 878 1551 931 marcidis
1577 893 1715 930 mor-

207 978 414 1021 tuorum
457 968 786 1033 corporibus,
836 967 1067 1033 sepulcra
1107 966 1349 1026 reserari,
1380 965 1457 1015 vel
1486 965 1637 1031 (Add.
1668 975 1713 1015 et

207 1056 335 1123 oar.)
388 1053 485 1106 alia
518 1070 731 1122 corpora
764 1036 1081 1122 superponi.’
1102 1055 1322 1120 ideoque
1351 1054 1627 1105 statuimus
1658 1046 1712 1104 ut

206 1145 371 1198 nullus
398 1144 639 1208 deinceps
668 1144 765 1193 boe
786 1156 941 1209 agere
969 1151 1269 1207 przesumat.

728 1250 944 1303 CAPUT
981 1250 1176 1301 LXVII.

598 1332 657 1368 DE
695 1332 942 1370 LECTIONE
981 1334 1045 1368 AD
1086 1331 1302 1368 MENSAM.

578 1404 748 1455 Conon
780 1402 1043 1454 Toletanus
1065 1403 1114 1465 ι),
1146 1419 1249 1454 mra
1280 1402 1327 1452 7.

268 1494 397 1557 Quia
420 1493 586 1545 solent
624 1496 805 1544 crebro
845 1494 893 1542 in
922 1492 1115 1545 mensis
1142 1491 1320 1543 otiosae
1347 1490 1528 1542 fabulze
1553 1490 1713 1542 inter-

203 1582 341 1647 poni,
365 1581 513 1646 (Var.
533 1590 577 1631 et
601 1580 719 1630 add.
744 1580 795 1629 in
819 1578 956 1644 edd.)
982 1579 1096 1630 ideo
1120 1579 1395 1631 statuimus
1419 1586 1475 1629 ut
1498 1578 1547 1628 in
1572 1577 1710 1631 omni

203 1668 507 1719 sacerdotali
536 1665 615 1717 vel
641 1665 994 1731 religiosorum
1023 1665 1257 1717 convivio
1287 1666 1385 1717 hoc
1418 1664 1569 1716 lectio
1594 1678 1711 1715 san-

202 1762 279 1805 cta
312 1738 719 1821 [Scripturarum
758 1749 1071 1819 divinarum]
1104 1751 1396 1818 prohibeat.

730 1856 945 1919 CAPUT
979 1857 1195 1909 LXVIII.

537 1942 598 1978 DE
636 1940 805 1978 LAPSIS
841 1938 905 1976 ΕΤ
943 1938 1355 1977 Ραεκιτεκτιιιυε.

267 2024 288 2051 ε
315 2014 384 2068 Ut
406 2013 646 2066 sacerdos
684 2012 1039 2079 pmnitentiam
1078 2011 1491 2077 implorantibus,
1517 2013 1709 2079 alisque

202 2116 537 2169 personarum
558 2094 895 2165 "acceptione
948 2100 1304 2166 paenitentiam
1358 2099 1375 2167 [
1396 2101 1710 2165 pmnitentia:

204 2187 358 2256 leges]
397 2187 627 2253 injungat
671 2204 681 2236 :
733 2185 757 2223 ἀ
786 2195 836 2236 et
884 2192 939 2236 ut
978 2185 1374 2252 negligentiorcs
1402 2188 1710 2251 ptenitentes

205 2275 397 2326 tardius
432 2274 763 2339 recipiantur.
1108 2268 1113 2273 ’

801 2357 924 2427 Cap.
967 2359 1030 2411 19
1056 2370 1098 2409 ε.

263 2446 322 2499 Εἰ
352 2448 440 2514 qui
483 2445 841 2512 panitentiam
886 2447 935 2496 in
971 2447 1270 2499 inﬁrmitate
1299 2449 1460 2515 petit,
1493 2449 1615 2501 dum
1644 2449 1709 2519 [si

124 2536 165 2553 ί
200 2531 342 2601 casu]
372 2533 436 2583 ad
462 2546 581 2583 eum
607 2531 847 2582 sacerdos
876 2531 1124 2583 invitatus
1148 2533 1305 2594 venit,
1336 2534 1378 2585 si
1414 2534 1711 2602 [Oppressus

201 2619 517 2688 inﬁrmitate]
571 2620 907 2680 obmutuerit,
957 2628 1043 2671 aut
1092 2620 1143 2671 in
1190 2622 1485 2687 plirenesim
1530 2639 1712 2676 versus

202 2710 374 2771 fuerit,
407 2710 531 2760 dent
573 2709 923 2761 testimonium
967 2710 1054 2775 qui
1080 2723 1197 2761 eum
1229 2711 1519 2773 audierunt,
1549 2719 1601 2763 et
1626 2728 1713 2765 ae-

203 2798 357 2863 cipiat
380 2797 755 2864 posnitentiam.
794 2797 859 2848 Et
886 2798 927 2848 si
968 2799 1213 2850 continuo
1243 2800 1472 2851 creditur
1500 2804 1713 2853 moritu-

204 2901 307 2945 rus.
343 2887 706 2939 reconcilietur
749 2902 841 2953 per
886 2903 1067 2940 manus
1110 2890 1509 2955 impositionem,
1549 2899 1601 2943 et
1630 2892 1710 2943 in-

205 2970 438 3047 fundatur
468 2974 517 3024 in
549 2988 607 3024 os
631 2971 753 3041 [ori]
774 2974 885 3040 ejus
909 2974 1239 3025 eucharistia.
1270 2974 1323 3025 Si
1348 2976 1705 3041 supervixerit,

204 3058 539 3110 admoneatur
566 3073 595 3109 a
622 3060 931 3125 supradictis
955 3060 1189 3121 testibus,
1212 3061 1447 3126 petitioni
1484 3076 1589 3143 sua:
1628 3076 1711 3113 sa-
1734 3091 1778 3151 ο

207 3145 492 3208 tisfactum;
538 3155 590 3199 et
626 3148 879 3199 subdatur
919 3155 1112 3200 statuto
1138 3148 1453 3215 paenitentia:
1491 3150 1707 3217 tempori

205 3230 462 3300 [legibus],
493 3232 720 3297 quandiu
761 3233 1005 3286 sacerdos
1040 3235 1128 3300 qui
1171 3235 1525 3299 pmnitentiam
1557 3236 1709 3288 dede-

207 3317 290 3379 rit,
317 3318 633 3385 probaverit.

805 3403 929 3473 Cap.
965 3404 1033 3457 20
1058 3405 1098 3457 τ.

162 3498 165 3499 ⁷
243 3490 585 3543 Ῥωιιὶιειιιθε
621 3492 706 3557 qui
752 3491 804 3544 in
847 3490 1158 3544 infirmitate
1186 3494 1519 3546 eucliaristize
1563 3495 1712 3545 viati-

205 3590 319 3626 cum
338 3583 669 3642 acceperunt,
698 3590 799 3627 non
829 3590 883 3627 se
910 3577 1129 3627 credant
1151 3576 1434 3637 absolutos,
1460 3578 1500 3628 si
1530 3592 1711 3643 super-

207 3661 448 3723 vixerint,
470 3663 582 3713 sine
609 3674 792 3713 manus
817 3662 1169 3728 impositione.

804 3750 935 3800 (Era
962 3751 1020 3801 2|
1076 3754 1117 3801 8.

271 3834 611 3896 Pcenitentes,
633 3836 718 3902 qui
743 3844 859 3886 ante
888 3835 1167 3902 legitimam
1195 3838 1714 3902 prenitentiamexcc—

207 3923 334 3974 dunt
359 3921 577 3976 [attente
602 3922 741 3985 leges
771 3923 1086 3986 pmnitentize
1114 3923 1513 3990 exsequuntur],
1554 3924 1597 3974 si
1628 3939 1713 3975 ca-

206 4023 266 4060 su
287 4006 361 4077 [in
387 4008 573 4060 itinere
597 4006 678 4060 vel
704 4008 753 4058 in
806 4006 959 4074 mari]
984 4007 1050 4058 ibi
1075 4008 1365 4058 moriantur
1390 4008 1475 4059 ubi
1503 4010 1579 4060 eis
1632 4025 1714 4059 sa-

209 4096 389 4147 cerdos
419 4093 569 4163 (Var.
599 4093 736 4162 edd.)
790 4094 1066 4146 subvenire
1093 4109 1195 4145 non
1238 4096 1422 4161 potuit,
1466 4098 1712 4147 memoria

209 4194 386 4234 eorum
413 4163 733 4233 orationibus
762 4191 813 4233 et
833 4182 1178 4233 oblationibus
1204 4185 1610 4235 commendetur.

509 4265 682 4318 Canon
722 4266 1094 4333 Hipponiensis,
1140 4285 1242 4318 cera
1272 4269 1338 4319 42
1366 4272 1411 4319 ιι.

1011 423 1312 477 CANONES
1351 408 1620 476 SELECTI
1658 424 1745 475 EX
1784 423 2116 490 \'ET.J§AN.
2158 423 2468 479 COLLECT.

1810 623 2122 688 imponatur,
2151 638 2214 674 ne
2238 622 2467 674 Ecclesia
2487 632 2871 675 commoveatur
2896 623 3046 691 (Var.
3073 625 3232 693 edd.).

2014 706 2074 757 In
2111 707 2348 758 decretali
2386 707 2665 759 Innocentii
2691 725 2833 775 papte
2854 708 2868 755 ι
2888 748 2902 771 ,
2929 725 3031 760 (ενα
3056 710 3104 761 6.

1876 777 2272 853 Ptenitentibus,
2302 795 2411 845 sive
2439 809 2501 846 ex
2524 796 2788 861 gravibus,
2810 796 2918 847 sive
2942 810 3007 848 ex
3034 796 3316 852 levioribus

1807 878 2056 942 peccatis,
2096 878 2315 945 si_nulla
2345 878 2621 931 intervenit
2644 880 2914 947 aegritudo,
2959 882 3135 947 quinta
3184 883 3314 936 feria

1810 972 1929 1015 ante
1956 965 2146 1030 pascha
2181 966 2256 1017 eis
2285 965 2647 1017 remittendum
2662 965 2904 1018 Romanae
2926 967 3169 1020 Ecclesiae
3193 985 3319 1022 con-

1808 1051 2029 1102 suetudo
2056 1052 2397 1104 demonstrat.
2422 1054 2674 1105 Caeterum
2705 1053 2768 1105 de
2795 1053 3021 1120 pondere
3033 1054 3319 1123 [aestiman-

1809 1136 1895 1204 do]
1926 1136 2252 1199 delictorum,
2276 1139 2562 1191 sacerdotis
2590 1149 2670 1192 est
2689 1138 2945 1205 judicare,
2988 1150 3046 1193 ut
3088 1144 3318 1231 attendat

1809 1225 1874 1276 ad
1901 1224 2277 1277 confessionem
2302 1227 2621 1292 paenitentis,
2648 1234 2701 1278 et
2726 1227 2791 1279 ad
2814 1226 2988 1279 ﬁctum
3019 1226 3196 1296 [atque
3242 1224 3317 1281 15.

1804 1310 2033 1380 crymas]
2077 1313 2408 1381 corrigentis;
2435 1321 2488 1364 et
2529 1320 2653 1363 tunc
2690 1313 2933 1376 dimittat,
2967 1329 3080 1366 cum
3120 1316 3317 1391 lidcrit

1755 1453 1758 1456 .
1809 1415 2090 1468 congruam
2119 1401 2548 1454 satisfactionem.
2590 1400 2645 1453 Si
2692 1416 2816 1453 vero
2847 1399 2918 1453 'in
2965 1402 3334 1469 :egritudinem;

1808 1487 1960 1555 (Var.
1977 1498 2021 1538 et
2048 1488 2168 1539 add.
2198 1490 2251 1539 in
2279 1488 2418 1557 edd.)
2461 1489 2755 1548 incurrerit,
2801 1486 2943 1555 [ante
2978 1496 3184 1554 tempus
3221 1487 3318 1539 Pa-

1808 1572 1967 1641 scbze]
1996 1574 2096 1624 erit
2120 1574 2479 1635 relaxandum,
2507 1588 2571 1626 ne
2598 1573 2687 1642 [de
2714 1572 2920 1641 saeculo]
2951 1574 3148 1639 absque
3177 1588 3319 1625 com-

1810 1660 2050 1711 munione
2086 1659 2333 1711 disecdat.
2364 1660 2711 1711 l‘Chrismatis
2744 1659 2918 1729 (Van)
2946 1661 3119 1711 unctio
3152 1662 3319 1727 ι)ωηὶ-

1809 1744 2034 1795 tentibus
2062 1744 2260 1797 infundi
2288 1760 2389 1797 non
2404 1754 2593 1812 potest,
2610 1747 2728 1813 quia
2743 1760 2903 1814 genus
2924 1755 3012 1798 est
3024 1761 3319 1799 sacramen-

1735 1815 1779 1871 Β
1810 1838 1995 1883 torum.
2044 1832 2173 1885 Nam
2218 1834 2404 1900 quibus
2456 1834 2649 1900 reliqua
2678 1844 2999 1887 sacramenta
3046 1838 3317 1903 negantur,

1807 1918 2065 1982 quomodo
2087 1935 2245 1971 unum
2267 1934 2429 1986 genus
2442 1929 2651 1987 putatur
2674 1935 2827 1987 posse
2848 1922 3092 1973 concedi?

2146 2006 2319 2058 Canon
2353 2006 2612 2069 Nicaeam,
2650 2024 2761 2073 cap.
2814 2009 2877 2059 15
2921 2007 2979 2059 ι.
3074 1998 3075 2001 η

1876 2090 2138 2143 Morituris
2156 2101 2208 2144 et
2237 2092 2651 2145 desiderantibus
2676 2107 2778 2145 non
2804 2100 3020 2160 negetur
3042 2093 3315 2147 eucharis-

1805 2178 1902 2239 tia,
1931 2192 1992 2230 ea
2042 2187 2212 2231 tamen
2254 2181 2548 2234 conditione
2575 2190 2650 2244 ut,
2691 2183 2733 2233 si
2770 2184 3172 2249 snpervixerint,
3214 2199 3317 2237 non

1810 2266 2189 2317 communicent
2213 2276 2332 2319 ante
2361 2276 2609 2320 statutum
2636 2277 2836 2336 tempus
2863 2252 3209 2337 painitentiaa,
3238 2271 3318 2324 vel

1806 2347 2160 2413 probationem
2188 2352 2432 2418 episcopi.

2161 2435 2333 2489 Cauon
2372 2438 2751 2503 Aurasicorum,
2777 2457 2879 2492 arra
2905 2443 2956 2494 5.

1877 2521 1973 2586 Qui
2000 2524 2251 2575 recedunt
2270 2525 2332 2577 de
2362 2540 2597 2592 corpore,
2625 2526 2798 2593 (Van)
2830 2535 2945 2593 post
2964 2529 3319 2594 penitentiam

1809 2617 2097 2675 acceptam,
2127 2610 2322 2676 placuit
2360 2613 2469 2664 sine
2500 2613 2911 2676 reconciliatoria
2944 2629 3124 2669 manus
3159 2616 3321 2685 impo-

1809 2693 1993 2746 sitione
2025 2696 2399 2747 communicari
2428 2700 2599 2763 :quod
2650 2700 2915 2752 morientis
2966 2701 3157 2756 sufﬁcit
3191 2717 3323 2757 eon-

1809 2782 2071 2834 solationi.
2100 2782 2212 2835 ιιιδὶ
2243 2786 2801 2851 vero.supervixerint,
2851 2796 2989 2839 stent
3037 2789 3087 2841 in
3140 2791 3320 2844 ordine

1811 2873 1963 2943 (Var.
1993 2884 2038 2925 et
2068 2874 2187 2925 add.
2211 2876 2265 2925 in
2290 2875 2428 2942 edd.)
2450 2877 2783 2942 poenitentiae,
2816 2877 3165 2945 utlegitimam
3179 2893 3319 2932 eom-

1809 2961 2106 3022 munionem
2142 2976 2263 3012 cum
2292 2962 2733 3035 recouciliatoria‘
2760 2978 2943 3015 manus
2992 2965 3318 3032 impositione

1808 3050 2112 3116 percipiant.

2456 3138 2588 3189 xEra
2613 3137 2663 3189 ι.

1874 3223 2238 3277 Paenitentiam
2257 3225 2669 3279 desiderantibus
2682 3229 2837 3280 etiam
2852 3227 3011 3297 [Edd.
3029 3244 3123 3280 om.
3139 3230 3316 3300 etiam]

1805 3309 2011 3387 clericis
2031 3326 2132 3363 non
2154 3312 2461 3379 negandam.

2114 3393 2292 3448 Conon
2345 3398 2674 3475 Arelatensis,
2713 3417 2815 3452 cera
2867 3401 2933 3452 12
2960 3410 3007 3453 η.

1859 3482 1953 3540 ,δί
1984 3484 2057 3546 bi,
2086 3486 2173 3551 qui
2205 3486 2255 3537 in
2290 3487 2592 3553 paenitentia
2618 3489 2792 3555 positi,
2825 3491 2931 3541 vita
2976 3491 3317 3553 excesserint.

1807 3573 1999 3637 placuit
2019 3574 2212 3624 nullum
2234 3574 2427 3640 absque
2452 3576 2815 3627 communione
2838 3575 3024 3627 dimitti
3067 3575 3315 3644 [commu~

1807 3662 1960 3713 nione
1986 3676 2204 3713 vacuum
2250 3662 2438 3714 debere
2458 3663 2698 3732 dimitti];
2732 3664 2820 3715 sed
2849 3679 2942 3730 pro
2969 3678 3032 3716 eo
3054 3665 3190 3731 quod
3226 3668 3306 3718 lio.

1809 3748 2014 3799 noravit
2041 3748 2420 3813 paenitentiam,
2450 3747 2642 3799 oblatio
2665 3748 2798 3799 illius
2827 3749 3155 3816 suscipiatur.

2019 3834 2082 3884 In
2118 3829 2327 3900 epistola
2350 3834 2633 3897 Innocentii
2652 3850 2814 3900 papas,
2841 3852 2949 3899 cap.
2982 3834 3046 3886 15
3074 3842 3116 3885 ο.

1876 3920 2211 3982 Ptenitentes,
2239 3929 2470 3986 tempore
2491 3934 2592 3986 quo
2620 3921 2977 3986 pmnitentiam
2999 3928 3199 3987 petunt,
3222 3922 3318 3974 im-

1809 4008 2116 4074 positionem
2144 4020 2387 4057 manuum
2408 4014 2459 4057 et
2486 4005 2708 4057 cilicium
2732 4020 2889 4073 super
2911 4013 3065 4071 caput
3084 4019 3112 4056 a
3141 4020 3314 4060 sacer-

1811 4095 1928 4145 dote
1952 4092 2108 4161 [sicut
2132 4092 2320 4159 ubique
2340 4092 2675 4144 constitutum
2703 4091 2803 4160 est]
2832 4100 3230 4157 consequantur.
3254 4094 3317 4145 Et

1768 4225 1787 4232 -
1810 4181 1853 4231 si
1883 4189 2159 4231 anteomas
2190 4192 2291 4229 non
2336 4179 2685 4244 deposuerint,
2708 4187 3007 4230 autvestem
3052 4194 3153 4231 non
3199 4194 3311 4231 mu-

1812 4268 2054 4326 taverint,
2071 4264 2399 4335 [altjicientur
2426 4284 2438 4316 :
2468 4274 2520 4316 et
2546 4266 2644 4317 nisi
2666 4266 2817 4332 digne
2839 4264 3189 4333 paenituerint]
3212 4279 3313 4317 non

278 4354 569 4407 Secundum
595 4355 935 4407 differentiam
970 4365 1323 4421 peccatorum,
1368 4357 1592 4423 episcopi
1629 4373 1710 4408 ar—
1738 4361 1783 4415 D
1811 4355 2138 4420 recipiantur.
2188 4352 2465 4404 Juvenibus
2494 4360 2664 4404 autem
2694 4354 2992 4419 paenitentia
3036 4368 3137 4405 non
3165 4354 3313 4407 facile

210 4438 361 4492 bitrio
379 4442 690 4507 paenitentia:
712 4450 940 4508 tempora
969 4442 1331 4492 decernuntur.
1374 4446 1386 4479 ί
1416 4443 1479 4493 Et
1504 4451 1713 4508 ntprcs-

213 4525 357 4593 byter
386 4522 511 4578 'sine
553 4528 785 4579 consultu
834 4529 1056 4594 episcopi
1112 4526 1424 4594 [inconsulto
1451 4528 1711 4595 episcopo]

217 4623 312 4661 non
362 4612 659 4663 reconciliet
683 4615 1040 4678 pccnitentem,
1085 4616 1181 4664 nisi
1208 4613 1438 4665 absentia
1482 4614 1714 4681 [absente

216 4697 475 4763 episeopo,
526 4697 597 4763 et]
647 4713 737 4763 pro
785 4700 1090 4749 necessitate
1146 4709 1380 4765 cogente.
1427 4698 1712 4763 (iujuscnn-

218 4798 313 4847 que
339 4786 538 4835 crimen
565 4783 969 4851 vulgatissiumm
994 4794 1093 4846 est,
1144 4786 1206 4835 ad
1262 4786 1517 4851 publicam
1546 4787 1706 4852 paeni.

285 4961 308 4983 δι
344 4947 503 5001 Cone.
532 4948 793 5000 Metiscou.
825 4965 883 5010 ιι,
910 4964 955 5001 c.
992 4942 1070 4999 «ιτ.

288 5014 313 5050 lt
348 5014 507 5064 (Ione.
532 5015 691 5064 Tolet.
720 5029 795 5066 ιιι.

287 5090 308 5115 ε
348 5080 536 5133 Statut.
562 5080 697 5131 Eccl.
729 5081 922 5145 antiq.;
968 5080 1019 5133 in
1043 5082 1157 5133 cod.
1183 5079 1333 5131 Barb.
1361 5094 1405 5131 c.
1441 5081 1529 5140 18;
1568 5096 1713 5133 eone.

226 5160 273 5196 tv
296 5145 500 5207 Carth.,
528 5162 572 5197 ς.
609 5146 690 5198 85.

287 5213 447 5328 ἀτμίς
471 5198 643 5280 incipit
667 5214 716 5263 in
746 5226 791 5262 c.
824 5212 975 5262 Barb.
1011 5198 1057 5264 ὃ.
1084 5214 1177 5273 19;
1209 5227 1353 5265 conc.
1380 5227 1427 5263 Iv
1453 5212 1716 5278 Carthag,

338 5298 387 5328 ἶ).

226 5292 272 5329 ε.
314 5292 387 5330 Π).

295 5357 317 5382 ε
350 5338 546 5398 ln’cod.
579 5346 643 5408 B._
663 5360 708 5397 c.
733 5344 831 5405 ‘20;
862 5359 1005 5397 eone.
1036 5359 1085 5394 Iv
1112 5344 1310 5403 Carth.,
1338 5360 1383 5396 e.
1418 5345 1497 5396 76.

297 5411 313 5446 ί
345 5411 399 5463 ln
427 5412 540 5463 cod.
568 5412 623 5463 Β.
648 5426 695 5464 e.
728 5412 784 5463 21
822 5424 999 5473 ;cone.
1027 5425 1074 5463 ιν
1094 5411 1343 5468 Carth.,c.
1370 5411 1451 5462 78.

296 5480 319 5516 ε
338 5477 408 5529 ld.
440 5478 491 5529 in
513 5478 624 5528 cod.
651 5479 801 5529 Barb.
823 5493 993 5538 ;cone.
1011 5492 1058 5528 Iv
1078 5476 1277 5535 Carth.,
1297 5490 1343 5526 e.
1372 5476 1452 5527 79.

297 5546 319 5584 ιι
343 5545 497 5596 Cone.
540 5544 695 5594 Afric.
727 5559 772 5596 c.
802 5543 890 5607 iO;
932 5560 991 5596 ex
1024 5545 1135 5595 cod.
1161 5558 1273 5593 can.
1302 5543 1435 5592 l-lccl.
1461 5541 1618 5594 Afrie.
1674 5558 1718 5593 c.

1809 4440 2158 4491 committatur
2203 4445 2410 4503 propter
2465 4437 2631 4487 aetatis
2679 4437 3022 4504 fragilitatem.
3059 4438 3309 4491 V’iaticum

1812 4538 1979 4580 tamen
2009 4530 2058 4581 in
2078 4536 2243 4579 morte
2267 4525 2486 4595 [positis]
2509 4527 2746 4579 omnibus
2783 4528 3054 4580 trilmatnr.
3132 4549 3159 4563 ρ
3384 4512 3385 4515 ¹

2180 4612 2352 4663 Canon
2380 4612 2828 4679 Epaunensis,a'ra
2855 4612 2937 4664 9.3.

1878 4699 2029 4765 (Add.
2057 4708 2101 4748 et
2135 4714 2236 4749 rar.
2274 4698 2324 4747 in
2350 4698 2487 4763 edd.)
2510 4696 2604 4760 Qui
2625 4708 2741 4764 post
2760 4709 3021 4765 acceptam
3049 4700 3304 4766 paeniten-

1812 4785 1933 4835 tiam
1964 4800 2142 4835 rursus
2172 4785 2234 4834 ad
2270 4784 2531 4835 szccularia
2563 4785 2889 4842 relabuntur,
2930 4788 3307 4839 collimunicare
3352 4779 3360 4787 ’

1812 4956 1903 5009 45;
1928 4967 2070 5003 conc.
2099 4968 2151 5003 ιιι
2184 4952 2381 5013 Carth.,
2406 4968 2451 5005 c.
2484 4954 2567 5004 3i.

1885 5023 1897 5056 ί
1933 5022 2055 5069 (ian.
2082 5018 2165 5068 5‘2.

1883 5086 1895 5130 i
1933 5086 2007 5134 Ad
2032 5084 2349 5144 Decentium,
2381 5100 2424 5137 c.
2457 5087 2503 5136 7.

1882 5153 1901 5187 ι
1930 5150 2053 5215 Cap.
2075 5154 2123 5202 8.

1887 5217 1899 5253 ι
1930 5216 2066 5284 Hem
2098 5218 2147 5267 in
2176 5218 2340 5269 Gr.et
2363 5217 2566 5283 Dionys.
2596 5217 2777 5284 interp.
2808 5218 2948 5279 Ruf,
2969 5234 3015 5270 c.
3048 5218 3204 5281 t$,et
3230 5217 3303 5270 in-

1817 5283 2089 5352 terpllsid.
2119 5297 2164 5334 e.
2192 5284 2297 5352 12.,
2325 5284 2509 5348 quibus
2534 5283 2771 5337 omnibus
2809 5286 2903 5337 ista
2931 5286 3203 5352 discrepat.

1884 5348 1918 5385 In
1940 5348 2082 5416 Quod
2111 5350 2225 5400 add.
2251 5350 2502 5416 glossema
2529 5352 2679 5416 sapit.

1885 5426 1906 5450 η
1929 5415 2083 5466 Cone.
2111 5415 2329 5466 Arel.i|.

1885 5490 1907 5514 °
1935 5482 2041 5532 Vid.
2069 5494 2210 5531 conc.
2238 5481 2535 5546 Agathens.,
2562 5496 2605 5533 c.
2635 5482 2715 5536 i5.

3179 424 3313 477 {070
3406 486 3409 489 Α

1734 539 1778 593 Α
1807 534 2020 588 tentiam
2045 536 2293 602 agendam
2315 544 2433 587 ante
2462 536 2693 602 apsidam
2723 534 2996 604 [absidem]
3044 550 3225 588 manus
3262 538 3310 590 ei
