3926 6216
213 338 364 391 {073

1048 347 1353 403 CANONES
1391 352 1665 407 SELECTI
1691 357 1793 408 ΕΚ
1834 359 1979 409 VET.
2019 359 2166 411 CAN.
2205 360 2519 415 COLLECT.

3224 358 3349 422 nm

207 445 429 516 [aliam],
463 448 675 513 omnino
700 451 1011 517 cognoverit.
1053 454 1107 504 in
1129 471 1230 521 quo
1261 467 1429 509 tamen
1462 476 1563 510 non
1594 474 1743 526 regu«
1772 474 1816 524 Α
1847 479 1946 514 non
1978 465 2213 528 iuvisset.
2266 466 2555 520 Cumesset
2598 470 2647 519 in
2678 486 2843 536 poena,
2878 476 3115 538 paenituit
3144 493 3153 522 :
3193 484 3243 527 et
3268 492 3355 540 per

206 528 321 585 lam
354 534 739 598 constituimus,
773 537 860 589 sed
886 539 1023 603 quod
1070 541 1137 591 sit
1179 542 1498 597 tolerabilius
1524 548 1748 599 aestima-

207 631 363 678 mus,
385 620 502 685 quia
536 620 665 673 nihil
696 623 741 674 ei
773 622 910 674 aliud
950 628 1204 692 congruit,
1254 631 1342 694 qui
1390 633 1746 696 ptenitcntiam

206 707 402 772 gessit,
438 721 595 773 quam
630 710 883 763 castitatis
928 717 1312 777 perseverantia
1354 716 1592 783 [castitas
1639 735 1751 785 per-

204 804 470 843 severans
496 801 549 843 et
577 796 765 847 mentis
789 804 840 848 et
864 800 1121 867 corporis}

776 902 929 962 Ibid.,
971 921 1081 971 cap.
1117 907 1195 959 19.

282 999 350 1051 Hi
390 1001 536 1068 quia
565 1003 803 1069 gentibus
826 1008 959 1071 capti
989 1017 1126 1069 sunt,
1157 1010 1200 1061 si
1227 1012 1463 1064 convivio
1489 1014 1597 1065 soio
1626 1030 1749 1081 gen-

211 1084 391 1138 ‘ilium
417 1090 552 1141 escis
586 1089 924 1143 immolatitiis
953 1095 1033 1144 usi
1062 1103 1199 1154 sunt,
1234 1098 1677 1167 possuntjejuniis
1698 1110 1751 1153 et

208 1186 409 1225 manus
445 1174 775 1240 impositione
799 1182 1006 1246 purgari
1034 1181 1185 1249 (Add.
1214 1194 1262 1257 et
1289 1186 1417 1254 var.)
1443 1195 1497 1242 et
1517 1203 1750 1241 commu-

208 1260 424 1313 nicare.
451 1262 511 1315 Si
546 1272 720 1317 autem
749 1266 883 1323 idola
912 1268 1276 1335 adoraverunt,
1325 1282 1413 1326 aut
1456 1274 1749 1331 homicidiis

210 1346 294 1397 vel
330 1347 763 1407 fornicationibus
786 1358 1123 1410 contaminati
1155 1368 1296 1423 sunt,
1324 1362 1398 1413 ad
1429 1366 1748 1417 communio-

211 1450 336 1486 nem
358 1436 474 1497 "eos,
514 1439 610 1491 nisi
656 1455 749 1507 per
779 1444 1139 1509 penitentiam
1174 1448 1479 1519 [publicam]
1515 1466 1617 1503 non
1656 1454 1748 1507 ad-

211 1522 404 1573 mittL

636 1610 699 1668 In
728 1607 854 1667 libro
871 1628 893 1655 ο
910 1621 1077 1671 sancti
1096 1620 1337 1674 Pomerii.
1366 1637 1381 1651 δ

1847 548 1998 599 unius
2018 550 2272 603 sermonis
2292 554 2705 617 promissionem,
2732 557 3081 609 habitaculum
3112 559 3353 625 paradisi,

1846 634 1949 687 Deo
1976 638 2326 701 promittente,
2353 642 2656 704 promeruit.
2682 643 2812 695 Vera
2844 660 2965 711 ergo
2991 646 3051 695 ad
3082 647 3354 699 Dominum

1845 714 2112 773 conversio
2133 723 2181 773 in
2205 724 2398 775 ultimis
2420 728 2720 791 positorum,
2745 739 2913 782 mente
2937 733 3105 798 potius
3123 744 3202 785 est
3220 737 3359 786 aesti-

1846 809 2049 867 manda,
2072 802 2225 874 quam
2253 820 2497 876 tempore,
2522 812 2777 880 Propheta
2800 816 2895 870 hoc
2915 826 3192 871 attestante
3220 819 3358 888 [tali~

1845 902 1925 945 ter
1949 896 2232 964 asserente]
2261 914 2271 946 :
2306 895 2428 947 Cum
2455 914 2714 950 conversus
2746 898 2922 966 fueris,
2963 914 3008 955 et
3036 907 3355 972 ingemueris,

1846 978 2006 1047 [tunc]
2047 980 2213 1032 salvas
2250 984 2366 1032 eris.
2399 982 2525 1035 Cum
2554 998 2678 1050 ergo
2717 986 2962 1040 Dominus
2998 992 3065 1041 sit
3092 993 3260 1043 cordis
3287 993 3360 1043 in-

1843 1076 2067 1133 spector,
2091 1070 2273 1134 quovis
2290 1079 2533 1138 tempore
2556 1088 2658 1125 non
2683 1083 2763 1126 est
2784 1075 3078 1144 deneganda
3102 1080 3355 1146 pumilea-

1847 1156 1918 1208 tia
1952 1158 2222 1222 pmnitenti
2272 1158 2615 1229 [postulanti],
2648 1178 2765 1214 eum
2804 1164 2873 1215 illi
2920 1180 2974 1217 se
3017 1168 3208 1233 obliget
3253 1167 3359 1236 [ille

1846 1260 1901 1296 se
1926 1246 2183 1315 obliquetl
2205 1246 2392 1311 Iudici,
2422 1250 2503 1301 cui
2525 1250 2725 1303 occulta
2775 1254 2946 1305 omnia
2966 1259 3189 1307 'noverit
3220 1272 3359 1307 reve-

1846 1331 1963 1382 lari.
2365 1324 2379 1338 ’

2393 1421 2607 1476 CAPUT
2636 1423 2811 1475 LXIX.

2067 1540 2129 1576 DE
2165 1540 2248 1577 HIS
2282 1542 2365 1586 QUI
2404 1542 2605 1580 CONTRA
2642 1545 2866 1582 CANONES
2902 1546 3131 1583 FACHTVT.

2186 1635 2358 1689 Canon
2384 1634 2823 1701 Chalcedonensis,
2849 1656 2949 1691 tera
2978 1638 3021 1690 l.

214 1733 291 1786 De
311 1724 393 1788 his
409 1739 499 1804 qui
510 1740 701 1793 occw’te
716 1756 921 1810 peccant
942 1750 1339 1815 etpwnitentiam
1361 1752 1552 1805 occulte
1572 1765 1743 1821 agunt.
1781 1762 1823 1818 Β
1919 1753 1939 1780 °
1981 1744 2203 1811 “880135
2245 1755 2542 1799 εὲηθῐοΐυῐη
2587 1746 2801 1799 Palmm
2852 1762 2942 1813 ρετ
2986 1749 3181 1815 singula
3227 1764 3359 1801 nunc

212 1849 284 1859 —-
313 1821 379 1874 ﬂi
406 1839 533 1876 vero
548 1824 640 1892 qui
662 1830 712 1880 in
738 1830 911 1898 aliquo
936 1838 1093 1900 gradu
1118 1840 1383 1891 constituti
1409 1851 1549 1903 sunt,
1583 1852 1636 1894 et
1660 1858 1747 1896 0c-

210 1910 361 1961 culte
381 1911 578 1964 crimen
605 1915 903 1981 admittunt,
933 1921 1103 1989 (Matt.
1135 1926 1252 1990 add,
1291 1937 1335 1978 et
1375 1912 1505 1997 var.)
1548 1928 1749 1984 facilius

212 1996 625 2087 sibiDominum
642 2002 934 2071 placabunt,
958 2012 1046 2087 qui
1065 2027 1166 2065 non
1184 1996 1613 2082 humanojudicio
1626 2035 1747 2072 con-

213 2084 340 2171 victi
363 2087 561 2141 crimen
598 2104 884 2158 agnoscunt
927 2114 937 2147 :
968 2084 1057 2164 qui
1086 2110 1175 2153 aut
1217 2107 1441 2171 propriis
1472 2106 1594 2161 illud
1626 2123 1749 2162 cou-

214 2170 534 2227 fessionibus
577 2179 820 2245 produnt,
870 2193 960 2236 aut
1008 2170 1361 2259 nescientibus
1409 2194 1523 2248 aliis
1570 2198 1747 2263 quales

215 2259 315 2324 ipsi
341 2260 395 2313 in
424 2264 643 2319 occultis
664 2269 772 2321 suis
796 2272 919 2333 sint,
951 2274 1001 2325 in
1043 2290 1098 2328 se
1128 2274 1427 2334 veluntarias
1453 2259 1747 2342 excommu-

217 2344 502 2402 nicationis
536 2344 842 2408 sententiam
879 2357 1084 2412 ferunt:
1114 2366 1254 2417 etab
1280 2366 1429 2420 altari
1474 2370 1555 2421 cui
1596 2371 1741 2423 mini-

214 2434 478 2517 strabant,
502 2453 603 2491 non
625 2441 815 2502 animo,
848 2446 939 2497 sed
961 2444 1129 2501 oﬂicio
1151 2455 1395 2517 separati,
1422 2455 1578 2508 vitam
1601 2472 1747 2510 suam

216 2510 369 2590 q’uasi
414 2536 670 2582 mortuam
706 2532 985 2600 plangunt;
1036 2540 1164 2591 certi
1217 2541 1371 2608 quod,
1418 2546 1748 2599 reconciliata

216 2611 315 2664 sibi
347 2612 477 2677 Deo,
511 2614 737 2672 elIieacis
775 2624 1093 2687 ptenitentia:
1135 2625 1408 2692 fructibus,
1452 2647 1554 2685 non
1581 2633 1746 2686 solum

216 2699 411 2752 amissa
458 2705 721 2770 recipient.
753 2710 843 2761 sed
887 2712 1044 2764 etiam
1077 2715 1217 2769 cives
1250 2732 1485 2785 superum
1522 2721 1749 2774 civitatis

219 2784 411 2849 effecti,
440 2792 504 2844 ad
534 2794 721 2861 gaudia
747 2800 1058 2865 sempiterna
1086 2784 1403 2869 pervenient.

450 2920 513 2974 In
543 2926 753 2979 concilio
784 2925 1032 2984 Cwleslini
1058 2951 1203 3004 papw
1245 2939 1288 3001 δ,
1318 2957 1517 3007 cap.....

1848 1844 2008 1895 usque
2030 1832 2249 1883 conciiia
2283 1834 2611 1895 constitutas,
2647 1835 2907 1903 proprium
2949 1836 3105 1887 robur
3133 1835 3363 1887 obtinere

1845 1917 2183 1970 decrevimus.

2476 2007 2605 2059 Αἳνα
2652 2008 2730 2060 lO.

1911 2113 1935 2150 ἀ
1962 2113 2058 2177 Qui
2086 2116 2197 2167 ausi
2225 2113 2413 2166 fuerint
2440 2123 2554 2181 post
2576 2114 2924 2167 deﬁnitionem
2956 2129 3151 2182 magna:
3173 2124 3223 2167 et
3250 2115 3332 2165 uni
3352 2142 3373 2151 -

1845 2201 2059 2255 vei-salis
2087 2202 2241 2268 hujus
2278 2202 2480 2269 synodi,
2534 2203 2816 2269 quidquam
2854 2218 2916 2255 ex
2964 2203 3043 2254 bis
3090 2217 3204 2267 quae
3243 2212 3361 2253 sunt

1826 2290 2099 2357 prohibita
2136 2298 2453 2357 perpetrare,
2484 2306 2513 2341 a
2538 2292 2747 2357 proprio
2776 2291 2936 2358 gradu
2968 2291 3223 2345 recedant.

2132 2400 2305 2453 Canon
2342 2400 2677 2460 Epaunensis.
2718 2417 2820 2455 (era
2856 2401 2940 2455 40.

1912 2486 2164 2571 Quocirca
2200 2510 2309 2561 haec
2335 2524 2450 2575 qua:
2476 2524 2697 2577 superna
2725 2510 3062 2577 inspiratione
3104 2513 3362 2562 communi

1843 2609 1998 2648 sensu
2027 2595 2328 2667 [consensu]
2358 2597 2681 2664 placuerunt,
2712 2600 2770 2651 si
2809 2600 2925 2665 quis
2953 2588 3246 2651 sanctorum
3275 2614 3362 2650 an-
3444 2608 3451 2609 ’

1844 2682 2062 2734 tistitum
2091 2683 2176 2749 qui
2208 2692 2399 2736 statuta
2430 2687 2705 2750 praesentia
2745 2687 3209 2753 subscriptionibus
3246 2699 3364 2753 pro-

1844 2772 1971 2839 priis
1997 2764 2355 2835 firmaveruni,
2386 2789 2482 2827 nec
2510 2789 2612 2827 non
2640 2781 2692 2828 et
2719 2788 2847 2842 quos
2885 2789 3062 2827 eorum
3091 2775 3225 2827 Deus
3252 2790 3366 2827 esse

1844 2861 2065 2913 voluerit
2084 2877 2433 2921 successores,
2462 2863 2641 2916 relicta
2671 2863 2963 2932 integritate
2990 2864 3366 2919 observationis

1846 2949 2144 3007 excesserit,
2174 2962 2316 2999 reum
2342 2964 2399 3001 se
2420 2939 2703 3002 divinitatis
2730 2950 2926 3016 pariter
2954 2959 3002 3003 ct
3027 2948 3366 3003 fraternitatis

288 3031 609 3096 Agnovimus
642 3034 793 3103 (Var.
831 3040 884 3091 in
922 3043 1063 3113 edd.)
1101 3048 1351 3113 quosdam
1388 3052 1747 3117 pmnitentiam

1848 3035 2036 3103 iudicio
2068 3036 2295 3086 futurum
2319 3050 2433 3087 esse
2462 3046 2738 3104 cognoscat

224 3117 564 3172 morientibus
591 3120 865 3191 denegare,
890 3142 985 3181 nec
1024 3132 1226 3184 illorum
1262 3136 1530 3190 desideriis
1570 3142 1748 3200 annui,

222 3203 309 3268 qui
348 3204 523 3259 obitus
561 3208 639 3260 sui
670 3218 902 3280 tempore
930 3216 1027 3270 hoc
1052 3221 1238 3274 anima:
1276 3238 1381 3275 suae
1427 3227 1637 3293 cupiunt
1668 3245 1751 3280 rc—
1832 3238 1837 3243 ‘

224 3291 397 3344 medio
434 3296 729 3365 subvenire.
765 3302 783 3369 (
801 3300 941 3373 Var.)
971 3306 1316 3373 liorrendum,
1343 3291 1521 3375 fateor,
1547 3332 1643 3371 nec
1667 3319 1753 3370 de—

226 3380 349 3435 bere
392 3387 546 3439 tanta:
577 3388 855 3456 impietatis
893 3394 1115 3463 aliquem
1156 3402 1402 3466 reperiri,
1454 3412 1509 3456 ut
1553 3405 1615 3457 de
1661 3406 1752 3459 Dei

224 3470 433 3537 pietate,
460 3477 600 3540 quod
626 3479 762 3531 absit
787 3479 943 3547 [Edd.
970 3501 1068 3534 om.
1100 3488 1235 3551 quod
1263 3490 1436 3558 absit],
1470 3493 1707 3559 desperet
1738 3510 1750 3546 :

224 3560 377 3627 quasi
389 3575 491 3613 non
510 3566 674 3629 possit
692 3566 758 3618 ad
773 3581 827 3619 se
849 3573 1029 3635 quovis
1048 3581 1279 3640 tempore
1296 3582 1624 3632 concurrenti
1641 3598 1753 3635 suc-

225 3662 456 3711 currere,
480 3661 533 3704 et
552 3654 933 3721 periclitantem
953 3661 1049 3713 sub
1068 3676 1225 3715 onere
1238 3674 1567 3729 peccatorum
1590 3669 1756 3722 homi-

228 3746 349 3786 nem
368 3740 616 3803 pondere,
638 3756 743 3809 quo
763 3757 818 3795 se
840 3743 924 3796 ille
946 3748 1178 3813 expediri
1200 3750 1485 3816 desiderat,
1513 3754 1752 3808 liberare.

228 3820 361 3884 Quid
399 3825 513 3885 hoc,
551 3842 695 3895 rogo,
740 3830 878 3882 aliud
921 3843 1204 3901 estquam
1246 3840 1488 3895 morienti
1534 3852 1754 3896 mortem

228 3911 437 3977 addere,
487 3915 699 3984 ejusque
737 3920 966 3973 animam
1015 3937 1105 3975 sua
1145 3926 1470 3992 crudelitate,
1512 3947 1577 3983 ne
1608 3932 1758 3985 abso-

228 3998 334 4055 luta
368 4017 484 4057 esse
507 4008 690 4073 possit,
736 4010 1007 4064 occidere?
1039 4029 1155 4065 cum
1197 4014 1332 4069 Deus
1354 4018 1417 4069 ad
1445 4021 1755 4074 subvenien-

231 4090 348 4142 dum
386 4095 749 4159 paratissimus
778 4087 953 4167 (ναν.)
984 4101 1169 4155 invitat
1204 4106 1269 4157 ad
1297 4109 1671 4172 ptenitentiam,
1706 4119 1758 4162 et

232 4177 304 4231 sic
345 4182 600 4248 promittit
644 4189 904 4252 peccaturi
938 4207 947 4240 :
978 4188 1039 4241 In
1074 4192 1376 4263 quacunque
1414 4197 1494 4249 die
1528 4208 1759 4265 peccator

231 4283 494 4323 conuersus
525 4273 696 4339 fuerit.
736 4275 957 4345 [peccata
986 4282 1114 4351 ejus]
1158 4299 1257 4335 non
1286 4285 1665 4353 hnpatabuntnr
1691 4290 1755 4339 ei.

2167 3142 2343 3197 Canon
2369 3144 2760 3207 Aurelianensis,
2790 3164 2891 3198 trra
2916 3146 2981 3197 26
3009 3158 3051 3198 ε.

1917 3251 2014 3318 Qui
2044 3253 2186 3306 circa
2212 3253 2320 3305 haec
2349 3268 2464 3320 quze
2507 3253 2611 3306 Deo
2662 3253 2945 3320 inspirante
2995 3260 3181 3305 statuta
3224 3261 3363 3316 sunt,

1850 3340 2029 3393 relicta
2080 3340 2455 3393 observationis
2498 3340 2813 3407 integritate,
2852 3340 3111 3393 custodire
3157 3338 3231 3409 [et
3270 3341 3367 3391 im~

1849 3426 2018 3497 plere]
2072 3426 2355 3494 neglexerit
2374 3466 2400 3496 ,.
2439 3425 2622 3495 (ναν.)
2676 3440 2818 3478 reum
2869 3443 2925 3479 se
2964 3414 3139 3479 divino
3175 3426 3368 3491 judicio

1850 3529 1965 3568 esse
2006 3521 2285 3582 cognoscat
2329 3531 2341 3563 :
2384 3512 2503 3579 quia
2548 3527 2771 3565 canones
2817 3527 2938 3564 suos
2987 3528 3082 3565 nec
3132 3513 3370 3579 ignorare

1851 3604 2091 3669 cuiquam
2124 3599 2477 3670 [quemquam]
2510 3614 2603 3652 nec
2632 3600 3315 3666 dissimularepermittitur.

2231 3710 2405 3762 Canon
2437 3708 2727 3761 Maticensis
2757 3709 2797 3772 ί,
2824 3725 2926 3761 (era
2953 3708 3023 3763 4.,

1920 3814 2108 3868 Omnes
2136 3813 2464 3884 [autem]‘qui
2492 3814 2819 3866 definitiones
2845 3824 3048 3867 nostras
3078 3830 3170 3881 per
3194 3794 3370 3867 inube-

1854 3905 2100 3957 dientiam
2141 3917 2391 3955 evacuate
2430 3905 2766 3963 contendunt,
2811 3904 3154 3955 anathemate,
3179 3904 3374 3970 percel-

1857 3993 2046 4044 lantur.

2489 4058 2620 4111 /Era
2643 4059 2675 4110 5
2702 4061 2747 4110 ιε

1926 4168 1979 4221 Si
2004 4170 2120 4236 quis
2158 4178 2327 4221 autem
2343 4177 2632 4220 contumax
2672 4168 2861 4219 nostris
2907 4167 3115 4219 statutis
3151 4167 3375 4221 saluber-

1860 4259 2003 4309 rimis
2024 4256 2195 4319 fuerit,
2224 4271 2249 4307 a
2280 4255 2523 4309 membris
2542 4254 2783 4308 Ecclesiae
2812 4254 2951 4306 omni
2976 4262 3204 4323 tempore
3227 4270 3374 4324 sepa-

234 4352 317 4417 Εεό
350 4354 485 4409 Nolo
522 4369 730 4414 mortem
778 4367 1074 4431 peccatoris,
1112 4369 1198 4419 sed
1246 4378 1299 4420 ut
1342 4352 1676 4432 convertatur,
1714 4381 1757 4423 et
1789 4362 1831 4416 D
1861 4352 2019 4396 ι’θίητ·

233 4444 380 4505 rioat.
421 4445 654 4502 Salutem
701 4467 824 4520 ergo
865 4455 1060 4509 homini
1090 4459 1271 4511 adimit
1304 4461 1539 4525 quisquis
1574 4463 1759 4531 mortis

237 4540 467 4601 tempore
514 4536 815 4608 [speratam]
856 4545 1214 4609 pmnitentiam
1245 4547 1516 4614 denegavit
1545 4565 1556 4598 :
1593 4556 1646 4600 et
1674 4551 1761 4601 dc-

237 4622 466 4686 speravit
484 4624 547 4677 de
575 4627 849 4682 clementia
871 4632 980 4693 Dei,
1008 4635 1096 4700 qui
1117 4650 1235 4686 eum
1263 4634 1325 4685 ad
1356 4636 1760 4687 subveniendum
1786 4630 1789 4631 ⁷

240 4712 476 4766 morienti
515 4713 767 4779 sulticere,
794 4718 874 4771 vel
906 4718 980 4787 [in
1018 4722 1301 4790 momento]
1338 4738 1487 4789 posse
1516 4739 1616 4776 non
1644 4738 1762 4776 cre—

240 4794 385 4852 didit.
420 4798 733 4856 Perdidisset
757 4804 891 4858 latro
919 4809 1188 4873 praemium
1216 4810 1267 4861 in
1290 4825 1442 4861 cruce
1468 4803 1545 4861 atl'
1570 4810 1763 4863 Christi

242 4881 506 4939 dexteram
536 4891 784 4955 pendens,
821 4894 863 4945 si
903 4872 1046 4947 illum
1088 4872 1239 4948 unius
1282 4897 1429 4949 horae
1461 4898 1761 4963 pmnitentia

312 5037 550 5112 '.L_ib1__tt
590 5039 652 5091 de
695 5041 809 5092 Vita
837 5044 1257 5112 contemplativa,
1290 5060 1400 5112 cap.
1450 5048 1499 5097 7.
1531 5077 1598 5085 ——
1624 5047 1766 5099 Libri

249 5111 351 5179 tres
378 5106 441 5179 de
467 5106 580 5179 Vita
612 5110 1007 5179 contemplativa
1037 5106 1089 5179 in
1117 5112 1335 5165 Decreto
1351 5106 1591 5166 'Gratiani
1634 5124 1685 5167 et
1714 5117 1767 5167 in

248 5169 499 5248 Qperibus
521 5173 593 5248 D._
613 5169 850 5248 l‘rosrpcri
881 5179 1030 5248 vulgo
1059 5169 1148 5232 sed
1172 5180 1298 5233 falso
1328 5183 1419 5248 ipsi
1446 5182 1763 5235 tribuuntur.

249 5237 651 5317 festaturcnim
686 5237 908 5317 lsi-dorus
939 5237 1127 5315 Hispal.
1148 5249 1253 5301 nsis
1294 5237 1407 5317 cap.
1450 5251 1515 5302 l2
1556 5250 1671 5303 libri
1703 5253 1769 5304 de

249 5307 595 5377 Scriptoribus
610 5314 992 5375 ecclesiasticis,
1018 5307 1201 5369 horum
1230 5307 1477 5371 librorum
1501 5328 1766 5371 auctorem

198 5374 203 5377 “
247 5374 640 5454 esse—lulianum
669 5374 990 5454 Pomerium,
1010 5400 1163 5451 quem
1188 5402 1392 5453 quoque
1428 5386 1769 5454 prrcsel‘erunt

250 5445 447 5520 codices
494 5463 630 5520 mss.
666 5445 1041 5518 antiquissimi:
1078 5445 1219 5506 inter
1260 5445 1387 5520 quos
1430 5445 1768 5507 'rccensemns

250 5514 497 5587 optimum
519 5516 748 5587 codicem
778 5514 987 5587 capituli
1010 5514 1405 5583 Bellovacensis,
1434 5526 1567 5576 sicut
1596 5524 1658 5575 ad
1686 5532 1768 5575 me

254 5582 453 5650 scripsit
478 5583 767 5639 Ludovicus
798 5582 945 5639 llasl"
969 5589 1223 5643 facultatis
1252 5590 1556 5647 Pat‘isicnsis
1586 5590 1768 5643 doctor

2188 4432 2361 4483 Canon
2392 4432 2753 4500 Lugdunensis,
2784 4450 2888 4485 a’ra
2915 4433 2981 4486 50
3006 4436 3050 4487 δ.

1924 4542 2046 4595 Hac
2075 4557 2195 4593 vero
2224 4557 2336 4607 qua:
2371 4557 2398 4592 a
2433 4542 2581 4594 nobis
2610 4542 2944 4610 inSpirati'one
2970 4544 3140 4596 divina
3166 4544 3372 4598 deﬁnita

1859 4642 1977 4686 sunt
2006 4633 2249 4702 [tractata
2280 4633 2359 4685 vel
2401 4632 2545 4685 ﬁnita
2592 4632 2751 4701 sunt],
2803 4633 3037 4699 quisquis
3073 4633 3375 4691 excesserit,

1863 4723 2015 4791 (Add.
2068 4735 2114 4774 et
2163 4726 2291 4791 ear.)
2343 4739 2486 4775 reum
2532 4738 2588 4776 se
2633 4724 2923 4777 divinitatis
2960 4726 3183 4778 examini
3226 4730 3373 4794 quasi

1862 4809 2149 4861 divinorum
2177 4818 2529 4876 transgi'cssor
2565 4810 2943 4879 mandatorum,
2972 4826 3115 4864 reum
3156 4829 3208 4866 se
3250 4829 3373 4866 con-

1862 4898 1980 4951 cilio
2004 4897 2342 4951 fraternitatis
2368 4898 2597 4953 futurum
2626 4916 2741 4955 esse
2766 4914 3059 4971 cognoscat.

1865 5044 2193 5099 doetissimus
2224 5050 2276 5095 et
2303 5046 2475 5098 socius
2502 5045 2834 5101 Sorbonicus.

1932 5111 2074 5183 b__Ep_.
2103 5110 2311 5183 Ctelest.
2335 5112 2352 5164 l
2387 5114 2450 5165 ad
2474 5115 2743 5183 episcOpos
2774 5116 3051 5183 provinciae
3074 5116 3381 5175 Viennensis

1865 5189 1917 5233 et
1953 5178 2320 5248 Narbonensis,
2347 5196 2460 5248 cap.
2488 5178 2536 5231 2.

1935 5259 1956 5317 ς
1987 5246 2178 5317 lnte‘rp.
2209 5246 2418 5317 Dionysi

1932 5315 1955 5352 δ
1989 5315 2375 5390 Earum‘dill‘ert
2410 5318 2475 5369 ab
2504 5317 2690 5390 interp.
2730 5320 2939 5390 Dionys.

1939 5396 1962 5421 θ
1988 5383 2144 5436 Cone.
2174 5384 2349 5436 Aurel.
2375 5401 2453 5446 In,
2484 5402 2530 5437 c.
2561 5383 2645 5439 35.

1942 5452 1957 5487 ί
1991 5452 2145 5504 tione.
2181 5452 2542 5505 Matisconens.
2577 5470 2632 5506 ιι.

1940 5524 1960 5557 ε
1992 5518 2162 5585 Ejuszl.
2183 5531 2329 5573 conc.
2355 5522 2423 5574 id.
2454 5537 2532 5573 ρ.-

1939 5590 1960 5627 δ
1995 5589 2148 5641 (2οης.
2178 5587 2533 5655 Lugdunensis
2561 5607 2598 5654 i,
2626 5607 2670 5643 c.
2710 5593 2769 5657 5.,
