  <div class='ocr_page' id='page_1' title='image "/cluster/home/n/w/nwhite01/storage/ocr_20150623/99/uva.x000827057/544.png"; bbox 0 0 3926 6216; ppageno 0'>
   <div class='ocr_carea' id='block_1_1' title="bbox 283 383 427 438">
    <p class='ocr_par' dir='ltr' id='par_1_1' title="bbox 283 383 427 438">
     <span class='ocr_line' id='line_1_1' title="bbox 283 383 427 438; baseline -0.014 0"><span class='ocrx_word' id='word_1_1' title='bbox 283 383 427 438; x_wconf 65' lang='lat' dir='ltr'><strong>i077</strong></span> 
     </span>
    </p>
   </div>
   <div class='ocr_carea' id='block_1_2' title="bbox 281 593 427 632">
    <p class='ocr_par' dir='ltr' id='par_1_2' title="bbox 281 593 427 632">
     <span class='ocr_line' id='line_1_2' title="bbox 281 593 427 632; baseline 0.007 -2"><span class='ocrx_word' id='word_1_2' title='bbox 281 593 427 632; x_wconf 87' lang='lat' dir='ltr'><strong>rum.</strong></span> 
     </span>
    </p>
   </div>
   <div class='ocr_carea' id='block_1_3' title="bbox 358 665 1460 731">
    <p class='ocr_par' dir='ltr' id='par_1_3' title="bbox 358 665 1460 731">
     <span class='ocr_line' id='line_1_3' title="bbox 358 665 1460 731; baseline 0.01 -15"><span class='ocrx_word' id='word_1_3' title='bbox 358 665 441 717; x_wconf 76' lang='lat' dir='ltr'><strong>l0.</strong></span> <span class='ocrx_word' id='word_1_4' title='bbox 481 667 553 718; x_wconf 89' lang='lat' dir='ltr'><strong>De</strong></span> <span class='ocrx_word' id='word_1_5' title='bbox 578 668 728 720; x_wconf 80' lang='lat' dir='ltr'><strong>enixa</strong></span> <span class='ocrx_word' id='word_1_6' title='bbox 759 670 990 731; x_wconf 88' lang='lat' dir='ltr'><strong>muliere,</strong></span> <span class='ocrx_word' id='word_1_7' title='bbox 1017 680 1105 724; x_wconf 91' lang='lat' dir='ltr'><strong>aut</strong></span> <span class='ocrx_word' id='word_1_8' title='bbox 1127 684 1460 727; x_wconf 88' lang='lat' dir='ltr'><strong>menstruata.</strong></span> 
     </span>
    </p>
   </div>
   <div class='ocr_carea' id='block_1_4' title="bbox 354 754 1289 828">
    <p class='ocr_par' dir='ltr' id='par_1_4' title="bbox 354 754 1289 828">
     <span class='ocr_line' id='line_1_4' title="bbox 354 754 1289 828; baseline 0.012 -23"><span class='ocrx_word' id='word_1_9' title='bbox 354 754 439 808; x_wconf 82' lang='grc' dir='ltr'><strong>Η.</strong></span> <span class='ocrx_word' id='word_1_10' title='bbox 480 756 551 808; x_wconf 89' lang='lat' dir='ltr'><strong>Dc</strong></span> <span class='ocrx_word' id='word_1_11' title='bbox 577 760 713 811; x_wconf 82' lang='lat' dir='ltr'><strong>cbitu</strong></span> <span class='ocrx_word' id='word_1_12' title='bbox 743 775 858 812; x_wconf 91' lang='lat' dir='ltr'><strong>cum</strong></span> <span class='ocrx_word' id='word_1_13' title='bbox 882 763 1086 828; x_wconf 88' lang='lat' dir='ltr'><strong>propria</strong></span> <span class='ocrx_word' id='word_1_14' title='bbox 1111 779 1289 816; x_wconf 79' lang='lat' dir='ltr'><strong>uxore.</strong></span> 
     </span>
    </p>
   </div>
   <div class='ocr_carea' id='block_1_5' title="bbox 353 841 1479 912">
    <p class='ocr_par' dir='ltr' id='par_1_5' title="bbox 353 841 1479 912">
     <span class='ocr_line' id='line_1_5' title="bbox 353 841 1479 912; baseline 0.012 -20"><span class='ocrx_word' id='word_1_15' title='bbox 353 841 436 892; x_wconf 71' lang='grc'><strong>1⁵2.</strong></span> <span class='ocrx_word' id='word_1_16' title='bbox 480 842 552 894; x_wconf 86' lang='lat' dir='ltr'><strong>De</strong></span> <span class='ocrx_word' id='word_1_17' title='bbox 581 843 812 896; x_wconf 87' lang='lat' dir='ltr'><strong>illusione</strong></span> <span class='ocrx_word' id='word_1_18' title='bbox 837 861 950 912; x_wconf 70' lang='lat' dir='ltr'><strong>qua)</strong></span> <span class='ocrx_word' id='word_1_19' title='bbox 978 849 1028 899; x_wconf 96' lang='lat' dir='ltr'><strong>in</strong></span> <span class='ocrx_word' id='word_1_20' title='bbox 1057 851 1251 902; x_wconf 87' lang='lat' dir='ltr'><strong>somnis</strong></span> <span class='ocrx_word' id='word_1_21' title='bbox 1276 853 1479 904; x_wconf 87' lang='lat' dir='ltr'><strong>accidit.</strong></span> 
     </span>
    </p>
   </div>
   <div class='ocr_carea' id='block_1_6' title="bbox 273 959 1783 1020">
    <p class='ocr_par' dir='ltr' id='par_1_6' title="bbox 273 959 1783 1020">
     <span class='ocr_line' id='line_1_6' title="bbox 273 959 1783 1020; baseline 0.009 -23"><span class='ocrx_word' id='word_1_22' title='bbox 273 959 301 986; x_wconf 64' lang='grc' dir='ltr'><strong>δ</strong></span> <span class='ocrx_word' id='word_1_23' title='bbox 336 962 611 1000; x_wconf 68' lang='lat' dir='ltr'><strong>RESCBIPTA</strong></span> <span class='ocrx_word' id='word_1_24' title='bbox 652 962 801 1002; x_wconf 73' lang='grc' dir='ltr'><strong>ΒΕΛΤΙ</strong></span> <span class='ocrx_word' id='word_1_25' title='bbox 847 965 1083 1003; x_wconf 73' lang='lat' dir='ltr'><strong>GBEGORII</strong></span> <span class='ocrx_word' id='word_1_26' title='bbox 1135 968 1271 1005; x_wconf 62' lang='grc' dir='ltr'><strong>ΡΛΡΑΕ</strong></span> <span class='ocrx_word' id='word_1_27' title='bbox 1328 970 1389 1007; x_wconf 83' lang='grc' dir='ltr'><strong>Αι)</strong></span> <span class='ocrx_word' id='word_1_28' title='bbox 1426 971 1746 1009; x_wconf 64' lang='grc' dir='ltr'><strong>Αυθυετικιή</strong></span> <span class='ocrx_word' id='word_1_29' title='bbox 1771 1000 1783 1020; x_wconf 82' lang='grc'>,</span> 
     </span>
    </p>
   </div>
   <div class='ocr_carea' id='block_1_7' title="bbox 347 1029 1716 1086">
    <p class='ocr_par' dir='ltr' id='par_1_7' title="bbox 347 1029 1716 1086">
     <span class='ocr_line' id='line_1_7' title="bbox 347 1029 1716 1086; baseline 0.007 -20"><span class='ocrx_word' id='word_1_30' title='bbox 347 1029 483 1074; x_wconf 81' lang='grc' dir='ltr'>ουειι</span> <span class='ocrx_word' id='word_1_31' title='bbox 510 1031 605 1086; x_wconf 64' lang='lat' dir='ltr'><strong>PRO</strong></span> <span class='ocrx_word' id='word_1_32' title='bbox 627 1031 684 1069; x_wconf 73' lang='lat' dir='ltr'><strong>SE</strong></span> <span class='ocrx_word' id='word_1_33' title='bbox 716 1033 764 1068; x_wconf 68' lang='grc' dir='ltr'><strong>ΙΝ</strong></span> <span class='ocrx_word' id='word_1_34' title='bbox 784 1033 1038 1070; x_wconf 68' lang='grc' dir='ltr'><strong>5ΔΧοΝΙΑΜ</strong></span> <span class='ocrx_word' id='word_1_35' title='bbox 1060 1035 1124 1071; x_wconf 76' lang='lat' dir='ltr'><strong>AD</strong></span> <span class='ocrx_word' id='word_1_36' title='bbox 1153 1036 1524 1075; x_wconf 57' lang='lat' dir='ltr'><strong>PREIDICAND‘UM</strong></span> <span class='ocrx_word' id='word_1_37' title='bbox 1555 1039 1716 1080; x_wconf 73' lang='grc'><strong>11811⁸.</strong></span> 
     </span>
    </p>
   </div>
   <div class='ocr_carea' id='block_1_8' title="bbox 342 1122 1784 1196">
    <p class='ocr_par' dir='ltr' id='par_1_8' title="bbox 342 1122 1784 1196">
     <span class='ocr_line' id='line_1_8' title="bbox 342 1122 1784 1196; baseline 0.01 -24"><span class='ocrx_word' id='word_1_38' title='bbox 342 1122 369 1157; x_wconf 69' lang='grc' dir='ltr'>δ</span> <span class='ocrx_word' id='word_1_39' title='bbox 402 1123 542 1174; x_wconf 84' lang='lat' dir='ltr'><strong>Beati</strong></span> <span class='ocrx_word' id='word_1_40' title='bbox 587 1123 727 1175; x_wconf 86' lang='lat' dir='ltr'><strong>Pauli</strong></span> <span class='ocrx_word' id='word_1_41' title='bbox 753 1123 816 1175; x_wconf 89' lang='lat' dir='ltr'><strong>ad</strong></span> <span class='ocrx_word' id='word_1_42' title='bbox 853 1124 1176 1177; x_wconf 83' lang='lat' dir='ltr'><strong>Timotheum</strong></span> <span class='ocrx_word' id='word_1_43' title='bbox 1222 1135 1476 1181; x_wconf 90' lang='lat' dir='ltr'><strong>testantur</strong></span> <span class='ocrx_word' id='word_1_44' title='bbox 1513 1131 1784 1196; x_wconf 74' lang='lat' dir='ltr'><strong>Epistulae,</strong></span> 
     </span>
    </p>
   </div>
   <div class='ocr_carea' id='block_1_9' title="bbox 1103 362 2572 461">
    <p class='ocr_par' dir='ltr' id='par_1_9' title="bbox 1103 362 2572 461">
     <span class='ocr_line' id='line_1_9' title="bbox 1103 362 2572 461; baseline 0.014 -20"><span class='ocrx_word' id='word_1_45' title='bbox 1103 388 1407 444; x_wconf 64' lang='lat' dir='ltr'><strong>CANONES</strong></span> <span class='ocrx_word' id='word_1_46' title='bbox 1439 391 1831 448; x_wconf 75' lang='lat' dir='ltr'><strong>SELECTLEX</strong></span> <span class='ocrx_word' id='word_1_47' title='bbox 1872 397 2017 451; x_wconf 69' lang='lat' dir='ltr'><strong>VET.</strong></span> <span class='ocrx_word' id='word_1_48' title='bbox 2061 401 2210 454; x_wconf 78' lang='lat' dir='ltr'><strong>CAN.</strong></span> <span class='ocrx_word' id='word_1_49' title='bbox 2249 399 2572 461; x_wconf 58' lang='lat' dir='ltr'><strong>COLLECT:</strong></span> 
     </span>
    </p>
   </div>
   <div class='ocr_carea' id='block_1_10' title="bbox 360 484 3389 596">
    <p class='ocr_par' dir='ltr' id='par_1_10' title="bbox 360 484 3389 596">
     <span class='ocr_line' id='line_1_10' title="bbox 360 484 3389 596; baseline 0.014 -53"><span class='ocrx_word' id='word_1_50' title='bbox 360 494 411 546; x_wconf 83' lang='lat'><strong>9.</strong></span> <span class='ocrx_word' id='word_1_51' title='bbox 453 494 525 548; x_wconf 88' lang='lat' dir='ltr'><strong>De</strong></span> <span class='ocrx_word' id='word_1_52' title='bbox 566 494 840 559; x_wconf 58' lang='lat' dir='ltr'><strong>baptismo,</strong></span> <span class='ocrx_word' id='word_1_53' title='bbox 865 484 924 548; x_wconf 81' lang='lat' dir='ltr'><strong>et</strong></span> <span class='ocrx_word' id='word_1_54' title='bbox 963 492 1390 564; x_wconf 87' lang='lat' dir='ltr'><strong>periclitantibus,</strong></span> <span class='ocrx_word' id='word_1_55' title='bbox 1432 510 1485 556; x_wconf 90' lang='lat' dir='ltr'><strong>et</strong></span> <span class='ocrx_word' id='word_1_56' title='bbox 1520 512 1668 572; x_wconf 85' lang='lat' dir='ltr'><strong>partu</strong></span> <span class='ocrx_word' id='word_1_57' title='bbox 1705 519 1790 556; x_wconf 88' lang='lat' dir='ltr'><strong>ea-</strong></span> <span class='ocrx_word' id='word_1_58' title='bbox 1820 504 1864 563; x_wconf 76' lang='grc' dir='ltr'><strong>Α</strong></span> <span class='ocrx_word' id='word_1_59' title='bbox 1891 508 2229 596; x_wconf 85' lang='lat' dir='ltr'><strong>omnipotenti</strong></span> <span class='ocrx_word' id='word_1_60' title='bbox 2260 513 2364 566; x_wconf 89' lang='lat' dir='ltr'><strong>Deo</strong></span> <span class='ocrx_word' id='word_1_61' title='bbox 2389 516 2552 582; x_wconf 90' lang='lat' dir='ltr'><strong>possit</strong></span> <span class='ocrx_word' id='word_1_62' title='bbox 2580 517 2800 584; x_wconf 87' lang='lat' dir='ltr'><strong>placere,</strong></span> <span class='ocrx_word' id='word_1_63' title='bbox 2831 523 3046 578; x_wconf 71' lang='lat' dir='ltr'><strong>sollicite</strong></span> <span class='ocrx_word' id='word_1_64' title='bbox 3071 527 3244 596; x_wconf 85' lang='lat' dir='ltr'><strong>eligas,</strong></span> <span class='ocrx_word' id='word_1_65' title='bbox 3269 541 3321 583; x_wconf 90' lang='lat' dir='ltr'><strong>et</strong></span> <span class='ocrx_word' id='word_1_66' title='bbox 3341 534 3389 584; x_wconf 91' lang='lat' dir='ltr'><strong>in</strong></span> 
     </span>
    </p>
   </div>
   <div class='ocr_carea' id='block_1_11' title="bbox 3263 421 3392 477">
    <p class='ocr_par' dir='ltr' id='par_1_11' title="bbox 3263 421 3392 477">
     <span class='ocr_line' id='line_1_11' title="bbox 3263 421 3392 477; baseline 0.047 -6"><span class='ocrx_word' id='word_1_67' title='bbox 3263 421 3392 477; x_wconf 73' lang='lat'><strong>1078</strong></span> 
     </span>
    </p>
   </div>
   <div class='ocr_carea' id='block_1_12' title="bbox 1889 591 3391 688">
    <p class='ocr_par' dir='ltr' id='par_1_12' title="bbox 1889 591 3391 688">
     <span class='ocr_line' id='line_1_12' title="bbox 1889 591 3391 688; baseline 0.019 -48"><span class='ocrx_word' id='word_1_68' title='bbox 1889 591 2169 688; x_wconf 80' lang='lat' dir='ltr'><strong>Anglorum</strong></span> <span class='ocrx_word' id='word_1_69' title='bbox 2199 597 2450 662; x_wconf 87' lang='lat' dir='ltr'><strong>Ecclesia,</strong></span> <span class='ocrx_word' id='word_1_70' title='bbox 2476 616 2590 668; x_wconf 64' lang='lat' dir='ltr'><strong>qua:</strong></span> <span class='ocrx_word' id='word_1_71' title='bbox 2612 603 2779 658; x_wconf 89' lang='lat' dir='ltr'><strong>adhuc</strong></span> <span class='ocrx_word' id='word_1_72' title='bbox 2810 608 2859 658; x_wconf 88' lang='lat' dir='ltr'><strong>in</strong></span> <span class='ocrx_word' id='word_1_73' title='bbox 2890 609 2988 662; x_wconf 79' lang='lat' dir='ltr'><strong>[ide</strong></span> <span class='ocrx_word' id='word_1_74' title='bbox 3015 591 3162 664; x_wconf 33' lang='lat' dir='ltr'><strong>novav</strong></span> <span class='ocrx_word' id='word_1_75' title='bbox 3188 618 3391 688; x_wconf 53' lang='grc' dir='ltr'><strong>(ξεινίη-</strong></span> 
     </span>
    </p>
   </div>
   <div class='ocr_carea' id='block_1_13' title="bbox 1888 680 3391 755">
    <p class='ocr_par' dir='ltr' id='par_1_13' title="bbox 1888 680 3391 755">
     <span class='ocr_line' id='line_1_13' title="bbox 1888 680 3391 755; baseline 0.018 -27"><span class='ocrx_word' id='word_1_76' title='bbox 1888 680 2158 733; x_wconf 85' lang='lat' dir='ltr'><strong>stitutione</strong></span> <span class='ocrx_word' id='word_1_77' title='bbox 2201 686 2494 753; x_wconf 60' lang='lat' dir='ltr'><strong>praecipua,</strong></span> <span class='ocrx_word' id='word_1_78' title='bbox 2521 703 2634 754; x_wconf 67' lang='lat' dir='ltr'><strong>quae</strong></span> <span class='ocrx_word' id='word_1_79' title='bbox 2675 693 2736 744; x_wconf 91' lang='lat' dir='ltr'><strong>de</strong></span> <span class='ocrx_word' id='word_1_80' title='bbox 2774 696 2947 748; x_wconf 91' lang='lat' dir='ltr'><strong>multis</strong></span> <span class='ocrx_word' id='word_1_81' title='bbox 2983 699 3215 753; x_wconf 85' lang='lat' dir='ltr'><strong>ecclesiis</strong></span> <span class='ocrx_word' id='word_1_82' title='bbox 3249 680 3391 755; x_wconf 79' lang='lat' dir='ltr'><strong>colli-</strong></span> 
     </span>
    </p>
   </div>
   <div class='ocr_carea' id='block_1_14' title="bbox 1887 770 3388 850">
    <p class='ocr_par' dir='ltr' id='par_1_14' title="bbox 1887 770 3388 850">
     <span class='ocr_line' id='line_1_14' title="bbox 1887 770 3388 850; baseline 0.017 -36"><span class='ocrx_word' id='word_1_83' title='bbox 1887 776 2017 831; x_wconf 80' lang='lat' dir='ltr'><strong>gere&#39;</strong></span> <span class='ocrx_word' id='word_1_84' title='bbox 2033 770 2260 833; x_wconf 88' lang='lat' dir='ltr'><strong>potuisti,</strong></span> <span class='ocrx_word' id='word_1_85' title='bbox 2290 773 2544 826; x_wconf 84' lang='lat' dir='ltr'><strong>infundas.</strong></span> <span class='ocrx_word' id='word_1_86' title='bbox 2573 775 2683 829; x_wconf 89' lang='lat' dir='ltr'><strong>Non</strong></span> <span class='ocrx_word' id='word_1_87' title='bbox 2710 782 2847 834; x_wconf 85' lang='lat' dir='ltr'><strong>enim</strong></span> <span class='ocrx_word' id='word_1_88' title='bbox 2876 798 2969 849; x_wconf 90' lang='lat' dir='ltr'><strong>pro</strong></span> <span class='ocrx_word' id='word_1_89' title='bbox 2991 784 3116 838; x_wconf 90' lang='lat' dir='ltr'><strong>locis</strong></span> <span class='ocrx_word' id='word_1_90' title='bbox 3139 783 3257 850; x_wconf 72' lang='lat' dir='ltr'><strong>&#39;res,</strong></span> <span class='ocrx_word' id='word_1_91' title='bbox 3298 791 3388 842; x_wconf 90' lang='lat' dir='ltr'><strong>sed</strong></span> 
     </span>
    </p>
   </div>
   <div class='ocr_carea' id='block_1_15' title="bbox 1887 853 3388 940">
    <p class='ocr_par' dir='ltr' id='par_1_15' title="bbox 1887 853 3388 940">
     <span class='ocr_line' id='line_1_15' title="bbox 1887 853 3388 940; baseline 0.019 -41"><span class='ocrx_word' id='word_1_92' title='bbox 1887 863 1977 914; x_wconf 89' lang='lat' dir='ltr'><strong>pro</strong></span> <span class='ocrx_word' id='word_1_93' title='bbox 1997 853 2143 906; x_wconf 86' lang='lat' dir='ltr'><strong>bonis</strong></span> <span class='ocrx_word' id='word_1_94' title='bbox 2168 854 2322 922; x_wconf 69' lang='grc' dir='ltr'><strong>[Ιίάά.</strong></span> <span class='ocrx_word' id='word_1_95' title='bbox 2339 875 2436 910; x_wconf 75' lang='lat' dir='ltr'><strong>aut.</strong></span> <span class='ocrx_word' id='word_1_96' title='bbox 2461 860 2630 932; x_wconf 87' lang='lat' dir='ltr'><strong>bonis]</strong></span> <span class='ocrx_word' id='word_1_97' title='bbox 2655 867 2807 916; x_wconf 89' lang='lat' dir='ltr'><strong>rebus</strong></span> <span class='ocrx_word' id='word_1_98' title='bbox 2829 868 2939 920; x_wconf 88' lang='lat' dir='ltr'><strong>loca</strong></span> <span class='ocrx_word' id='word_1_99' title='bbox 2962 869 3155 940; x_wconf 90' lang='lat' dir='ltr'><strong>[nobis]</strong></span> <span class='ocrx_word' id='word_1_100' title='bbox 3172 877 3388 928; x_wconf 83' lang='lat' dir='ltr'><strong>amanda</strong></span> 
     </span>
    </p>
   </div>
   <div class='ocr_carea' id='block_1_16' title="bbox 1885 939 3390 1028">
    <p class='ocr_par' dir='ltr' id='par_1_16' title="bbox 1885 939 3390 1028">
     <span class='ocr_line' id='line_1_16' title="bbox 1885 939 3390 1028; baseline 0.021 -43"><span class='ocrx_word' id='word_1_101' title='bbox 1885 946 2020 1028; x_wconf 66' lang='lat' dir='ltr'><strong>sunt.</strong></span> <span class='ocrx_word' id='word_1_102' title='bbox 2053 939 2123 990; x_wconf 74' lang='lat' dir='ltr'><strong>Ex</strong></span> <span class='ocrx_word' id='word_1_103' title='bbox 2149 943 2366 1010; x_wconf 75' lang='lat' dir='ltr'><strong>singulis</strong></span> <span class='ocrx_word' id='word_1_104' title='bbox 2389 962 2511 1013; x_wconf 77' lang='lat' dir='ltr'><strong>ergo</strong></span> <span class='ocrx_word' id='word_1_105' title='bbox 2538 951 2640 1015; x_wconf 67' lang='lat' dir='ltr'><strong>qui:</strong></span> <span class='ocrx_word' id='word_1_106' title='bbox 2662 967 2824 1018; x_wconf 87' lang='lat' dir='ltr'><strong>usque</strong></span> <span class='ocrx_word' id='word_1_107' title='bbox 2848 957 3082 1012; x_wconf 78' lang='lat' dir='ltr'><strong>ecclesiis</strong></span> <span class='ocrx_word' id='word_1_108' title='bbox 3105 939 3278 1028; x_wconf 47' lang='lat' dir='ltr'><strong>(iuta)</strong></span> <span class='ocrx_word' id='word_1_109' title='bbox 3305 972 3390 1016; x_wconf 73' lang='lat' dir='ltr'><strong>tua</strong></span> 
     </span>
    </p>
   </div>
   <div class='ocr_carea' id='block_1_17' title="bbox 1884 1020 3387 1109">
    <p class='ocr_par' dir='ltr' id='par_1_17' title="bbox 1884 1020 3387 1109">
     <span class='ocr_line' id='line_1_17' title="bbox 1884 1020 3387 1109; baseline 0.02 -38"><span class='ocrx_word' id='word_1_110' title='bbox 1884 1020 2180 1078; x_wconf 73' lang='lat' dir='ltr'><strong>fraternitas</strong></span> <span class='ocrx_word' id='word_1_111' title='bbox 2208 1045 2321 1095; x_wconf 69' lang='lat' dir='ltr'><strong>qua:</strong></span> <span class='ocrx_word' id='word_1_112' title='bbox 2365 1033 2466 1097; x_wconf 90' lang='lat' dir='ltr'><strong>pia,</strong></span> <span class='ocrx_word' id='word_1_113' title='bbox 2499 1049 2612 1100; x_wconf 71' lang='lat' dir='ltr'><strong>qua:</strong></span> <span class='ocrx_word' id='word_1_114' title='bbox 2654 1033 2916 1106; x_wconf 73' lang='lat' dir='ltr'><strong>religiosa,</strong></span> <span class='ocrx_word' id='word_1_115' title='bbox 2950 1059 3060 1109; x_wconf 67' lang='lat' dir='ltr'><strong>qua:</strong></span> <span class='ocrx_word' id='word_1_116' title='bbox 3099 1055 3236 1098; x_wconf 82' lang='lat' dir='ltr'><strong>recta</strong></span> <span class='ocrx_word' id='word_1_117' title='bbox 3263 1020 3387 1100; x_wconf 45' lang='lat' dir='ltr'><strong>&#39;Sllttt</strong></span> 
     </span>
    </p>
   </div>
   <div class='ocr_carea' id='block_1_18' title="bbox 1872 1112 3386 1200">
    <p class='ocr_par' dir='ltr' id='par_1_18' title="bbox 1872 1112 3386 1200">
     <span class='ocr_line' id='line_1_18' title="bbox 1872 1112 3386 1200; baseline 0.017 -38"><span class='ocrx_word' id='word_1_118' title='bbox 1872 1112 2052 1200; x_wconf 73' lang='lat' dir='ltr'><strong>eligat.</strong></span> <span class='ocrx_word' id='word_1_119' title='bbox 2092 1116 2151 1167; x_wconf 81' lang='lat' dir='ltr'><strong>Et</strong></span> <span class='ocrx_word' id='word_1_120' title='bbox 2181 1119 2286 1169; x_wconf 72' lang='lat' dir='ltr'><strong>haec</strong></span> <span class='ocrx_word' id='word_1_121' title='bbox 2325 1123 2470 1194; x_wconf 84' lang='lat' dir='ltr'><strong>quasi</strong></span> <span class='ocrx_word' id='word_1_122' title='bbox 2501 1123 2551 1174; x_wconf 89' lang='lat' dir='ltr'><strong>in</strong></span> <span class='ocrx_word' id='word_1_123' title='bbox 2582 1123 2826 1182; x_wconf 78' lang='lat' dir='ltr'><strong>fasciculo</strong></span> <span class='ocrx_word' id='word_1_124' title='bbox 2863 1131 3092 1192; x_wconf 84' lang='lat' dir='ltr'><strong>collecta,</strong></span> <span class='ocrx_word' id='word_1_125' title='bbox 3118 1135 3250 1200; x_wconf 87' lang='lat' dir='ltr'><strong>apud</strong></span> <span class='ocrx_word' id='word_1_126' title='bbox 3279 1136 3386 1188; x_wconf 80' lang='lat' dir='ltr'><strong>Au—</strong></span> 
     </span>
    </p>
   </div>
   <div class='ocr_carea' id='block_1_19' title="bbox 267 1198 1773 1281">
    <p class='ocr_par' dir='ltr' id='par_1_19' title="bbox 267 1210 1773 1281">
     <span class='ocr_line' id='line_1_19' title="bbox 267 1210 1773 1281; baseline 0.009 -21"><span class='ocrx_word' id='word_1_127' title='bbox 267 1210 327 1260; x_wconf 90' lang='lat' dir='ltr'><strong>in</strong></span> <span class='ocrx_word' id='word_1_128' title='bbox 356 1210 544 1276; x_wconf 86' lang='lat' dir='ltr'><strong>quibus</strong></span> <span class='ocrx_word' id='word_1_129' title='bbox 564 1227 679 1264; x_wconf 90' lang='lat' dir='ltr'><strong>eum</strong></span> <span class='ocrx_word' id='word_1_130' title='bbox 708 1213 914 1265; x_wconf 89' lang='lat' dir='ltr'><strong>erudire</strong></span> <span class='ocrx_word' id='word_1_131' title='bbox 935 1215 1150 1275; x_wconf 80' lang='lat' dir='ltr'><strong>studuit,</strong></span> <span class='ocrx_word' id='word_1_132' title='bbox 1177 1215 1396 1281; x_wconf 81' lang='lat' dir='ltr'><strong>qualiter</strong></span> <span class='ocrx_word' id='word_1_133' title='bbox 1419 1232 1536 1270; x_wconf 91' lang='lat' dir='ltr'><strong>eum</strong></span> <span class='ocrx_word' id='word_1_134' title='bbox 1564 1220 1614 1271; x_wconf 94' lang='lat' dir='ltr'><strong>in</strong></span> <span class='ocrx_word' id='word_1_135' title='bbox 1635 1221 1773 1272; x_wconf 76' lang='lat' dir='ltr'><strong>domc</strong></span> 
     </span>
    </p>
   </div>
   <div class='ocr_carea' id='block_1_20' title="bbox 1871 1198 3034 1281">
    <p class='ocr_par' dir='ltr' id='par_1_20' title="bbox 1883 1198 3034 1281">
     <span class='ocr_line' id='line_1_20' title="bbox 1883 1198 3034 1281; baseline 0.019 -35"><span class='ocrx_word' id='word_1_136' title='bbox 1883 1198 2080 1264; x_wconf 80' lang='lat' dir='ltr'><strong>glorum</strong></span> <span class='ocrx_word' id='word_1_137' title='bbox 2110 1212 2309 1256; x_wconf 80' lang='lat' dir='ltr'><strong>utentes</strong></span> <span class='ocrx_word' id='word_1_138' title='bbox 2333 1207 2382 1256; x_wconf 89' lang='lat' dir='ltr'><strong>in</strong></span> <span class='ocrx_word' id='word_1_139' title='bbox 2413 1214 2836 1265; x_wconf 71' lang='lat' dir='ltr'><strong>consuetudinem</strong></span> <span class='ocrx_word' id='word_1_140' title='bbox 2863 1225 3034 1281; x_wconf 87' lang='lat' dir='ltr'><strong>ponat.</strong></span> 
     </span>
    </p>
   </div>
   <div class='ocr_carea' id='block_1_21' title="bbox 270 1297 1784 1370">
    <p class='ocr_par' dir='ltr' id='par_1_21' title="bbox 270 1297 1784 1370">
     <span class='ocr_line' id='line_1_21' title="bbox 270 1297 1784 1370; baseline 0.009 -24"><span class='ocrx_word' id='word_1_141' title='bbox 270 1297 368 1349; x_wconf 89' lang='lat' dir='ltr'><strong>Dei</strong></span> <span class='ocrx_word' id='word_1_142' title='bbox 398 1299 689 1351; x_wconf 76' lang='lat' dir='ltr'><strong>conversari</strong></span> <span class='ocrx_word' id='word_1_143' title='bbox 718 1300 1032 1366; x_wconf 87' lang='lat' dir='ltr'><strong>oportuisset</strong></span> <span class='ocrx_word' id='word_1_144' title='bbox 1075 1299 1399 1370; x_wconf 82' lang='lat' dir='ltr'><strong>[debuisset].</strong></span> <span class='ocrx_word' id='word_1_145' title='bbox 1439 1303 1556 1357; x_wconf 81' lang='lat' dir='ltr'><strong>Mos</strong></span> <span class='ocrx_word' id='word_1_146' title='bbox 1592 1313 1671 1358; x_wconf 90' lang='lat' dir='ltr'><strong>est</strong></span> <span class='ocrx_word' id='word_1_147' title='bbox 1695 1322 1784 1358; x_wconf 89' lang='lat' dir='ltr'><strong>au-</strong></span> 
     </span>
    </p>
   </div>
   <div class='ocr_carea' id='block_1_22' title="bbox 266 1384 1783 1457">
    <p class='ocr_par' dir='ltr' id='par_1_22' title="bbox 266 1384 1783 1457">
     <span class='ocr_line' id='line_1_22' title="bbox 266 1384 1783 1457; baseline 0.007 -24"><span class='ocrx_word' id='word_1_148' title='bbox 266 1393 379 1434; x_wconf 87' lang='lat' dir='ltr'><strong>tem</strong></span> <span class='ocrx_word' id='word_1_149' title='bbox 426 1385 564 1437; x_wconf 88' lang='lat' dir='ltr'><strong>sedis</strong></span> <span class='ocrx_word' id='word_1_150' title='bbox 590 1384 897 1450; x_wconf 67' lang='lat' dir='ltr'><strong>apostolicae,</strong></span> <span class='ocrx_word' id='word_1_151' title='bbox 941 1385 1194 1439; x_wconf 86' lang='lat' dir='ltr'><strong>ordinatis</strong></span> <span class='ocrx_word' id='word_1_152' title='bbox 1237 1388 1492 1455; x_wconf 91' lang='lat' dir='ltr'><strong>episcopis</strong></span> <span class='ocrx_word' id='word_1_153' title='bbox 1527 1397 1783 1457; x_wconf 60' lang='lat' dir='ltr'><strong>praecepta</strong></span> 
     </span>
    </p>
   </div>
   <div class='ocr_carea' id='block_1_23' title="bbox 266 1468 1784 1543">
    <p class='ocr_par' dir='ltr' id='par_1_23' title="bbox 266 1468 1784 1543">
     <span class='ocr_line' id='line_1_23' title="bbox 266 1468 1784 1543; baseline 0.005 -24"><span class='ocrx_word' id='word_1_154' title='bbox 266 1468 501 1543; x_wconf 77' lang='lat' dir='ltr'><strong>tradere,</strong></span> <span class='ocrx_word' id='word_1_155' title='bbox 527 1479 584 1521; x_wconf 93' lang='lat' dir='ltr'><strong>ut</strong></span> <span class='ocrx_word' id='word_1_156' title='bbox 608 1485 671 1522; x_wconf 80' lang='lat' dir='ltr'><strong>ex</strong></span> <span class='ocrx_word' id='word_1_157' title='bbox 697 1472 836 1522; x_wconf 89' lang='lat' dir='ltr'><strong>omni</strong></span> <span class='ocrx_word' id='word_1_158' title='bbox 866 1470 1122 1539; x_wconf 82' lang='lat' dir='ltr'><strong>stipendio</strong></span> <span class='ocrx_word' id='word_1_159' title='bbox 1151 1475 1288 1539; x_wconf 91' lang='lat' dir='ltr'><strong>quod</strong></span> <span class='ocrx_word' id='word_1_160' title='bbox 1333 1475 1523 1528; x_wconf 85' lang='lat' dir='ltr'><strong>accidit</strong></span> <span class='ocrx_word' id='word_1_161' title='bbox 1559 1472 1784 1543; x_wconf 84' lang='lat' dir='ltr'><strong>quatuor</strong></span> 
     </span>
    </p>
   </div>
   <div class='ocr_carea' id='block_1_24' title="bbox 263 1541 1782 1629">
    <p class='ocr_par' dir='ltr' id='par_1_24' title="bbox 263 1541 1782 1629">
     <span class='ocr_line' id='line_1_24' title="bbox 263 1541 1782 1629; baseline 0.007 -25"><span class='ocrx_word' id='word_1_162' title='bbox 263 1541 498 1608; x_wconf 69' lang='lat' dir='ltr'><strong>debeant</strong></span> <span class='ocrx_word' id='word_1_163' title='bbox 516 1555 628 1609; x_wconf 79' lang='lat' dir='ltr'><strong>ﬁeri</strong></span> <span class='ocrx_word' id='word_1_164' title='bbox 648 1558 910 1624; x_wconf 90' lang='lat' dir='ltr'><strong>portiones</strong></span> <span class='ocrx_word' id='word_1_165' title='bbox 935 1577 946 1609; x_wconf 91' lang='lat'><strong>:</strong></span> <span class='ocrx_word' id='word_1_166' title='bbox 977 1574 1076 1611; x_wconf 90' lang='lat' dir='ltr'><strong>una</strong></span> <span class='ocrx_word' id='word_1_167' title='bbox 1105 1561 1343 1614; x_wconf 79' lang='lat' dir='ltr'><strong>videlicet</strong></span> <span class='ocrx_word' id='word_1_168' title='bbox 1367 1541 1610 1629; x_wconf 77' lang='lat' dir='ltr'><strong>episcopo</strong></span> <span class='ocrx_word' id='word_1_169' title='bbox 1633 1571 1683 1614; x_wconf 91' lang='lat' dir='ltr'><strong>ct</strong></span> <span class='ocrx_word' id='word_1_170' title='bbox 1709 1563 1782 1614; x_wconf 84' lang='lat' dir='ltr'><strong>fa-</strong></span> 
     </span>
    </p>
   </div>
   <div class='ocr_carea' id='block_1_25' title="bbox 263 1641 1775 1716">
    <p class='ocr_par' dir='ltr' id='par_1_25' title="bbox 263 1641 1775 1716">
     <span class='ocr_line' id='line_1_25' title="bbox 263 1641 1775 1716; baseline 0.005 -24"><span class='ocrx_word' id='word_1_171' title='bbox 263 1641 457 1704; x_wconf 65' lang='lat' dir='ltr'><strong>miliae,</strong></span> <span class='ocrx_word' id='word_1_172' title='bbox 504 1653 713 1709; x_wconf 78' lang='lat' dir='ltr'><strong>propter</strong></span> <span class='ocrx_word' id='word_1_173' title='bbox 752 1644 1154 1711; x_wconf 84' lang='lat' dir='ltr'><strong>hospitalitatem</strong></span> <span class='ocrx_word' id='word_1_174' title='bbox 1207 1644 1283 1714; x_wconf 90' lang='lat' dir='ltr'><strong>[et</strong></span> <span class='ocrx_word' id='word_1_175' title='bbox 1341 1649 1775 1716; x_wconf 78' lang='lat' dir='ltr'><strong>susceptionem];</strong></span> 
     </span>
    </p>
   </div>
   <div class='ocr_carea' id='block_1_26' title="bbox 257 1727 1774 1801">
    <p class='ocr_par' dir='ltr' id='par_1_26' title="bbox 257 1727 1774 1801">
     <span class='ocr_line' id='line_1_26' title="bbox 257 1727 1774 1801; baseline 0.005 -23"><span class='ocrx_word' id='word_1_176' title='bbox 257 1727 370 1780; x_wconf 84' lang='lat' dir='ltr'><strong>alia</strong></span> <span class='ocrx_word' id='word_1_177' title='bbox 399 1729 564 1791; x_wconf 89' lang='lat' dir='ltr'><strong>clero;</strong></span> <span class='ocrx_word' id='word_1_178' title='bbox 597 1731 746 1781; x_wconf 88' lang='lat' dir='ltr'><strong>tertia</strong></span> <span class='ocrx_word' id='word_1_179' title='bbox 773 1730 1112 1797; x_wconf 79' lang='lat' dir='ltr'><strong>pauperibus:</strong></span> <span class='ocrx_word' id='word_1_180' title='bbox 1143 1740 1324 1798; x_wconf 78' lang='lat' dir='ltr'><strong>qnarta</strong></span> <span class='ocrx_word' id='word_1_181' title='bbox 1359 1733 1598 1786; x_wconf 91' lang='lat' dir='ltr'><strong>ecclesiis</strong></span> <span class='ocrx_word' id='word_1_182' title='bbox 1623 1750 1774 1801; x_wconf 86' lang='lat' dir='ltr'><strong>repa-</strong></span> 
     </span>
    </p>
   </div>
   <div class='ocr_carea' id='block_1_27' title="bbox 1915 1285 3347 1367">
    <p class='ocr_par' dir='ltr' id='par_1_27' title="bbox 1915 1285 3347 1367">
     <span class='ocr_line' id='line_1_27' title="bbox 1915 1285 3347 1367; baseline 0.016 -33"><span class='ocrx_word' id='word_1_183' title='bbox 1915 1285 1964 1335; x_wconf 84' lang='lat'><strong>5.</strong></span> <span class='ocrx_word' id='word_1_184' title='bbox 1991 1286 2133 1354; x_wconf 77' lang='lat' dir='ltr'><strong>(Var.</strong></span> <span class='ocrx_word' id='word_1_185' title='bbox 2155 1299 2206 1341; x_wconf 90' lang='lat' dir='ltr'><strong>et</strong></span> <span class='ocrx_word' id='word_1_186' title='bbox 2234 1292 2350 1344; x_wconf 87' lang='lat' dir='ltr'><strong>add.</strong></span> <span class='ocrx_word' id='word_1_187' title='bbox 2380 1294 2429 1344; x_wconf 90' lang='lat' dir='ltr'><strong>in</strong></span> <span class='ocrx_word' id='word_1_188' title='bbox 2455 1295 2571 1346; x_wconf 89' lang='lat' dir='ltr'><strong>cdd.</strong></span> <span class='ocrx_word' id='word_1_189' title='bbox 2595 1299 2828 1361; x_wconf 81' lang='lat' dir='ltr'><strong>passim.)</strong></span> <span class='ocrx_word' id='word_1_190' title='bbox 2855 1302 2926 1352; x_wconf 86' lang='lat' dir='ltr'><strong>De</strong></span> <span class='ocrx_word' id='word_1_191' title='bbox 2948 1303 3096 1367; x_wconf 81' lang='lat' dir='ltr'><strong>furtis</strong></span> <span class='ocrx_word' id='word_1_192' title='bbox 3113 1304 3347 1357; x_wconf 78' lang='lat' dir='ltr'><strong>ccclesia’.</strong></span> 
     </span>
    </p>
   </div>
   <div class='ocr_carea' id='block_1_28' title="bbox 1946 1371 3390 1452">
    <p class='ocr_par' dir='ltr' id='par_1_28' title="bbox 1946 1371 3390 1452">
     <span class='ocr_line' id='line_1_28' title="bbox 1946 1371 3390 1452; baseline 0.014 -29"><span class='ocrx_word' id='word_1_193' title='bbox 1946 1371 2018 1422; x_wconf 80' lang='lat' dir='ltr'><strong>Ex</strong></span> <span class='ocrx_word' id='word_1_194' title='bbox 2058 1387 2276 1440; x_wconf 87' lang='lat' dir='ltr'><strong>persona</strong></span> <span class='ocrx_word' id='word_1_195' title='bbox 2306 1375 2436 1431; x_wconf 92' lang='lat' dir='ltr'><strong>furis</strong></span> <span class='ocrx_word' id='word_1_196' title='bbox 2459 1395 2678 1448; x_wconf 88' lang='lat' dir='ltr'><strong>pensare</strong></span> <span class='ocrx_word' id='word_1_197' title='bbox 2717 1394 2918 1450; x_wconf 80' lang='lat' dir='ltr'><strong>Oportet</strong></span> <span class='ocrx_word' id='word_1_198' title='bbox 2957 1389 3177 1452; x_wconf 87' lang='lat' dir='ltr'><strong>qualiter</strong></span> <span class='ocrx_word' id='word_1_199' title='bbox 3220 1392 3390 1443; x_wconf 68' lang='lat' dir='ltr'><strong>valeat</strong></span> 
     </span>
    </p>
   </div>
   <div class='ocr_carea' id='block_1_29' title="bbox 1879 1459 3386 1536">
    <p class='ocr_par' dir='ltr' id='par_1_29' title="bbox 1879 1459 3386 1536">
     <span class='ocr_line' id='line_1_29' title="bbox 1879 1459 3386 1536; baseline 0.014 -29"><span class='ocrx_word' id='word_1_200' title='bbox 1879 1459 2087 1526; x_wconf 81' lang='lat' dir='ltr'><strong>corrigi.</strong></span> <span class='ocrx_word' id='word_1_201' title='bbox 2119 1460 2251 1514; x_wconf 89' lang='lat' dir='ltr'><strong>Sunt</strong></span> <span class='ocrx_word' id='word_1_202' title='bbox 2277 1466 2414 1522; x_wconf 86' lang='lat' dir='ltr'><strong>enim</strong></span> <span class='ocrx_word' id='word_1_203' title='bbox 2441 1467 2794 1536; x_wconf 80' lang='lat' dir='ltr'><strong>,quidamqui,</strong></span> <span class='ocrx_word' id='word_1_204' title='bbox 2831 1471 3078 1526; x_wconf 84' lang='lat' dir='ltr'><strong>habentes</strong></span> <span class='ocrx_word' id='word_1_205' title='bbox 3126 1477 3351 1528; x_wconf 80' lang='lat' dir='ltr'><strong>subsidia</strong></span> <span class='ocrx_word' id='word_1_206' title='bbox 3373 1517 3386 1535; x_wconf 89' lang='lat'><strong>,</strong></span> 
     </span>
    </p>
   </div>
   <div class='ocr_carea' id='block_1_30' title="bbox 1880 1546 3384 1629">
    <p class='ocr_par' dir='ltr' id='par_1_30' title="bbox 1880 1546 3384 1629">
     <span class='ocr_line' id='line_1_30' title="bbox 1880 1546 3384 1629; baseline 0.013 -34"><span class='ocrx_word' id='word_1_207' title='bbox 1880 1546 2070 1600; x_wconf 82' lang='lat' dir='ltr'><strong>furtum</strong></span> <span class='ocrx_word' id='word_1_208' title='bbox 2095 1560 2418 1617; x_wconf 84' lang='lat' dir='ltr'><strong>perpetrant;</strong></span> <span class='ocrx_word' id='word_1_209' title='bbox 2451 1563 2502 1606; x_wconf 92' lang='lat' dir='ltr'><strong>et</strong></span> <span class='ocrx_word' id='word_1_210' title='bbox 2538 1566 2657 1608; x_wconf 89' lang='lat' dir='ltr'><strong>sunt</strong></span> <span class='ocrx_word' id='word_1_211' title='bbox 2685 1558 2768 1609; x_wconf 90' lang='lat' dir='ltr'><strong>alii</strong></span> <span class='ocrx_word' id='word_1_212' title='bbox 2807 1560 2892 1625; x_wconf 90' lang='lat' dir='ltr'><strong>qui</strong></span> <span class='ocrx_word' id='word_1_213' title='bbox 2921 1574 2983 1611; x_wconf 75' lang='lat' dir='ltr'><strong>ex</strong></span> <span class='ocrx_word' id='word_1_214' title='bbox 3011 1561 3176 1628; x_wconf 89' lang='lat' dir='ltr'><strong>inopia</strong></span> <span class='ocrx_word' id='word_1_215' title='bbox 3203 1577 3384 1629; x_wconf 86' lang='lat' dir='ltr'><strong>perpe-</strong></span> 
     </span>
    </p>
   </div>
   <div class='ocr_carea' id='block_1_31' title="bbox 1881 1629 3381 1711">
    <p class='ocr_par' dir='ltr' id='par_1_31' title="bbox 1881 1629 3381 1711">
     <span class='ocr_line' id='line_1_31' title="bbox 1881 1629 3381 1711; baseline 0.011 -28"><span class='ocrx_word' id='word_1_216' title='bbox 1881 1642 2016 1685; x_wconf 89' lang='lat' dir='ltr'><strong>trant</strong></span> <span class='ocrx_word' id='word_1_217' title='bbox 2031 1633 2375 1710; x_wconf 82' lang='lat' dir='ltr'><strong>[delinquunt]</strong></span> <span class='ocrx_word' id='word_1_218' title='bbox 2384 1629 2404 1690; x_wconf 78' lang='grc'><strong>.’</strong></span> <span class='ocrx_word' id='word_1_219' title='bbox 2417 1640 2558 1694; x_wconf 85' lang='lat' dir='ltr'><strong>Unde</strong></span> <span class='ocrx_word' id='word_1_220' title='bbox 2573 1657 2782 1694; x_wconf 86' lang='lat' dir='ltr'><strong>necesse</strong></span> <span class='ocrx_word' id='word_1_221' title='bbox 2797 1653 2875 1696; x_wconf 90' lang='lat' dir='ltr'><strong>cst</strong></span> <span class='ocrx_word' id='word_1_222' title='bbox 2896 1647 3142 1711; x_wconf 87' lang='lat' dir='ltr'><strong>quosdam</strong></span> <span class='ocrx_word' id='word_1_223' title='bbox 3158 1650 3381 1710; x_wconf 74' lang='lat' dir='ltr'><strong>damnis,</strong></span> 
     </span>
    </p>
   </div>
   <div class='ocr_carea' id='block_1_32' title="bbox 1877 1721 3388 1791">
    <p class='ocr_par' dir='ltr' id='par_1_32' title="bbox 1877 1721 3388 1791">
     <span class='ocr_line' id='line_1_32' title="bbox 1877 1721 3388 1791; baseline 0.011 -23"><span class='ocrx_word' id='word_1_224' title='bbox 1877 1721 2126 1784; x_wconf 84' lang='lat' dir='ltr'><strong>quosdam</strong></span> <span class='ocrx_word' id='word_1_225' title='bbox 2150 1737 2273 1775; x_wconf 86' lang='lat' dir='ltr'><strong>vero</strong></span> <span class='ocrx_word' id='word_1_226' title='bbox 2294 1725 2484 1784; x_wconf 79' lang='lat' dir='ltr'><strong>verbis,</strong></span> <span class='ocrx_word' id='word_1_227' title='bbox 2504 1733 2556 1776; x_wconf 91' lang='lat' dir='ltr'><strong>et</strong></span> <span class='ocrx_word' id='word_1_228' title='bbox 2579 1726 2706 1778; x_wconf 88' lang='lat' dir='ltr'><strong>alios</strong></span> <span class='ocrx_word' id='word_1_229' title='bbox 2733 1727 2917 1791; x_wconf 79' lang='lat' dir='ltr'><strong>levius,</strong></span> <span class='ocrx_word' id='word_1_230' title='bbox 2937 1730 3063 1782; x_wconf 87' lang='lat' dir='ltr'><strong>alios</strong></span> <span class='ocrx_word' id='word_1_231' title='bbox 3083 1747 3202 1784; x_wconf 88' lang='lat' dir='ltr'><strong>vero</strong></span> <span class='ocrx_word' id='word_1_232' title='bbox 3217 1733 3388 1785; x_wconf 86' lang='lat' dir='ltr'><strong>distri-</strong></span> 
     </span>
    </p>
   </div>
   <div class='ocr_carea' id='block_1_33' title="bbox 261 1791 1773 1885">
    <p class='ocr_par' dir='ltr' id='par_1_33' title="bbox 261 1791 1773 1885">
     <span class='ocr_line' id='line_1_33' title="bbox 261 1791 1773 1885; baseline 0.005 -21"><span class='ocrx_word' id='word_1_233' title='bbox 261 1811 465 1868; x_wconf 81' lang='lat' dir='ltr'><strong>randis.</strong></span> <span class='ocrx_word' id='word_1_234' title='bbox 489 1813 589 1867; x_wconf 88' lang='lat' dir='ltr'><strong>Sed</strong></span> <span class='ocrx_word' id='word_1_235' title='bbox 619 1825 704 1866; x_wconf 90' lang='lat' dir='ltr'><strong>tua</strong></span> <span class='ocrx_word' id='word_1_236' title='bbox 719 1815 1019 1869; x_wconf 80' lang='lat' dir='ltr'><strong>fraternitas</strong></span> <span class='ocrx_word' id='word_1_237' title='bbox 1039 1819 1337 1870; x_wconf 84' lang='lat' dir='ltr'><strong>monasterii</strong></span> <span class='ocrx_word' id='word_1_238' title='bbox 1354 1819 1546 1885; x_wconf 85' lang='lat' dir='ltr'><strong>regulis</strong></span> <span class='ocrx_word' id='word_1_239' title='bbox 1571 1791 1773 1872; x_wconf 81' lang='lat' dir='ltr'><strong>erudita</strong></span> 
     </span>
    </p>
   </div>
   <div class='ocr_carea' id='block_1_34' title="bbox 1871 1791 3386 1885">
    <p class='ocr_par' dir='ltr' id='par_1_34' title="bbox 1879 1805 3386 1883">
     <span class='ocr_line' id='line_1_34' title="bbox 1879 1805 3386 1883; baseline 0.01 -29"><span class='ocrx_word' id='word_1_240' title='bbox 1879 1805 2012 1856; x_wconf 88' lang='lat' dir='ltr'><strong>ctius</strong></span> <span class='ocrx_word' id='word_1_241' title='bbox 2033 1807 2240 1872; x_wconf 81' lang='lat' dir='ltr'><strong>corrigi.</strong></span> <span class='ocrx_word' id='word_1_242' title='bbox 2272 1807 2336 1858; x_wconf 89' lang='lat' dir='ltr'><strong>Et</strong></span> <span class='ocrx_word' id='word_1_243' title='bbox 2362 1823 2479 1860; x_wconf 90' lang='lat' dir='ltr'><strong>cum</strong></span> <span class='ocrx_word' id='word_1_244' title='bbox 2501 1810 2764 1876; x_wconf 90' lang='lat' dir='ltr'><strong>paululum</strong></span> <span class='ocrx_word' id='word_1_245' title='bbox 2791 1813 3075 1868; x_wconf 83' lang='lat' dir='ltr'><strong>districtius</strong></span> <span class='ocrx_word' id='word_1_246' title='bbox 3102 1817 3289 1883; x_wconf 83' lang='lat' dir='ltr'><strong>agitur,</strong></span> <span class='ocrx_word' id='word_1_247' title='bbox 3319 1834 3386 1869; x_wconf 70' lang='lat' dir='ltr'><strong>ex</strong></span> 
     </span>
    </p>
   </div>
   <div class='ocr_carea' id='block_1_35' title="bbox 257 1902 1782 1965">
    <p class='ocr_par' dir='ltr' id='par_1_35' title="bbox 257 1902 1782 1965">
     <span class='ocr_line' id='line_1_35' title="bbox 257 1902 1782 1965; baseline 0.003 -13"><span class='ocrx_word' id='word_1_248' title='bbox 257 1915 501 1954; x_wconf 83' lang='lat' dir='ltr'><strong>seorsum</strong></span> <span class='ocrx_word' id='word_1_249' title='bbox 528 1902 700 1954; x_wconf 85' lang='lat' dir='ltr'><strong>vivere</strong></span> <span class='ocrx_word' id='word_1_250' title='bbox 729 1916 830 1954; x_wconf 91' lang='lat' dir='ltr'><strong>non</strong></span> <span class='ocrx_word' id='word_1_251' title='bbox 853 1903 1006 1956; x_wconf 84' lang='lat' dir='ltr'><strong>debet</strong></span> <span class='ocrx_word' id='word_1_252' title='bbox 1029 1919 1058 1954; x_wconf 91' lang='lat' dir='ltr'><strong>a</strong></span> <span class='ocrx_word' id='word_1_253' title='bbox 1085 1903 1302 1965; x_wconf 41' lang='lat' dir='ltr'><strong>clericis,</strong></span> <span class='ocrx_word' id='word_1_254' title='bbox 1325 1904 1433 1956; x_wconf 90' lang='lat' dir='ltr'><strong>suis</strong></span> <span class='ocrx_word' id='word_1_255' title='bbox 1457 1905 1508 1956; x_wconf 93' lang='lat' dir='ltr'><strong>in</strong></span> <span class='ocrx_word' id='word_1_256' title='bbox 1550 1905 1782 1957; x_wconf 79' lang='lat' dir='ltr'><strong>Ecclesia</strong></span> 
     </span>
    </p>
   </div>
   <div class='ocr_carea' id='block_1_36' title="bbox 258 1988 1781 2058">
    <p class='ocr_par' dir='ltr' id='par_1_36' title="bbox 258 1988 1781 2058">
     <span class='ocr_line' id='line_1_36' title="bbox 258 1988 1781 2058; baseline 0.001 -18"><span class='ocrx_word' id='word_1_257' title='bbox 258 1988 571 2055; x_wconf 76' lang='lat' dir='ltr'><strong>Anglorum,</strong></span> <span class='ocrx_word' id='word_1_258' title='bbox 601 2004 715 2055; x_wconf 76' lang='lat' dir='ltr'><strong>qua:</strong></span> <span class='ocrx_word' id='word_1_259' title='bbox 740 1999 954 2042; x_wconf 88' lang='lat' dir='ltr'><strong>auctore</strong></span> <span class='ocrx_word' id='word_1_260' title='bbox 987 1989 1092 2042; x_wconf 90' lang='lat' dir='ltr'><strong>Deo</strong></span> <span class='ocrx_word' id='word_1_261' title='bbox 1120 2003 1285 2058; x_wconf 91' lang='lat' dir='ltr'><strong>nuper</strong></span> <span class='ocrx_word' id='word_1_262' title='bbox 1308 1989 1373 2042; x_wconf 89' lang='lat' dir='ltr'><strong>ad</strong></span> <span class='ocrx_word' id='word_1_263' title='bbox 1406 1990 1558 2044; x_wconf 84' lang='lat' dir='ltr'><strong>ﬁdem</strong></span> <span class='ocrx_word' id='word_1_264' title='bbox 1599 1993 1781 2057; x_wconf 53' lang='lat' dir='ltr'><strong>peritu»</strong></span> 
     </span>
    </p>
   </div>
   <div class='ocr_carea' id='block_1_37' title="bbox 257 2075 1782 2146">
    <p class='ocr_par' dir='ltr' id='par_1_37' title="bbox 257 2075 1782 2146">
     <span class='ocr_line' id='line_1_37' title="bbox 257 2075 1782 2146; baseline 0.004 -22"><span class='ocrx_word' id='word_1_265' title='bbox 257 2080 353 2124; x_wconf 85' lang='lat' dir='ltr'><strong>cta</strong></span> <span class='ocrx_word' id='word_1_266' title='bbox 376 2083 490 2127; x_wconf 71' lang='lat' dir='ltr'><strong>est:</strong></span> <span class='ocrx_word' id='word_1_267' title='bbox 520 2075 654 2127; x_wconf 86' lang='lat' dir='ltr'><strong>hanc</strong></span> <span class='ocrx_word' id='word_1_268' title='bbox 681 2076 832 2128; x_wconf 88' lang='lat' dir='ltr'><strong>debet</strong></span> <span class='ocrx_word' id='word_1_269' title='bbox 860 2077 1307 2128; x_wconf 82' lang='lat' dir='ltr'><strong>conversationem</strong></span> <span class='ocrx_word' id='word_1_270' title='bbox 1337 2078 1636 2146; x_wconf 83' lang='lat' dir='ltr'><strong>instituere,</strong></span> <span class='ocrx_word' id='word_1_271' title='bbox 1669 2093 1782 2143; x_wconf 80' lang='lat' dir='ltr'><strong>qua:</strong></span> 
     </span>
    </p>
   </div>
   <div class='ocr_carea' id='block_1_38' title="bbox 259 2158 1781 2248">
    <p class='ocr_par' dir='ltr' id='par_1_38' title="bbox 259 2158 1781 2248">
     <span class='ocr_line' id='line_1_38' title="bbox 259 2158 1781 2248; baseline 0.004 -38"><span class='ocrx_word' id='word_1_272' title='bbox 259 2158 318 2212; x_wconf 88' lang='lat' dir='ltr'><strong>in</strong></span> <span class='ocrx_word' id='word_1_273' title='bbox 331 2160 478 2216; x_wconf 87' lang='lat' dir='ltr'><strong>initio</strong></span> <span class='ocrx_word' id='word_1_274' title='bbox 491 2163 754 2215; x_wconf 86' lang='lat' dir='ltr'><strong>nascentis</strong></span> <span class='ocrx_word' id='word_1_275' title='bbox 768 2161 1009 2215; x_wconf 65' lang='lat' dir='ltr'><strong>Ecclesiae</strong></span> <span class='ocrx_word' id='word_1_276' title='bbox 1022 2161 1361 2248; x_wconf 84' lang='lat' dir='ltr'><strong>fuitpatribus</strong></span> <span class='ocrx_word' id='word_1_277' title='bbox 1373 2166 1584 2225; x_wconf 87' lang='lat' dir='ltr'><strong>nostris,</strong></span> <span class='ocrx_word' id='word_1_278' title='bbox 1606 2166 1653 2216; x_wconf 89' lang='lat' dir='ltr'><strong>iu</strong></span> <span class='ocrx_word' id='word_1_279' title='bbox 1670 2182 1734 2232; x_wconf 75' lang='lat' dir='ltr'><strong>qu</strong></span> <span class='ocrx_word' id='word_1_280' title='bbox 1744 2167 1781 2216; x_wconf 91' lang='lat' dir='ltr'><strong>i-</strong></span> 
     </span>
    </p>
   </div>
   <div class='ocr_carea' id='block_1_39' title="bbox 257 2244 1779 2318">
    <p class='ocr_par' dir='ltr' id='par_1_39' title="bbox 257 2244 1779 2318">
     <span class='ocr_line' id='line_1_39' title="bbox 257 2244 1779 2318; baseline 0.003 -19"><span class='ocrx_word' id='word_1_281' title='bbox 257 2244 365 2300; x_wconf 83' lang='lat' dir='ltr'><strong>bus</strong></span> <span class='ocrx_word' id='word_1_282' title='bbox 374 2246 562 2310; x_wconf 83' lang='lat' dir='ltr'><strong>nullus,</strong></span> <span class='ocrx_word' id='word_1_283' title='bbox 578 2247 727 2316; x_wconf 86' lang='lat' dir='ltr'><strong>(Var.</strong></span> <span class='ocrx_word' id='word_1_284' title='bbox 741 2249 793 2300; x_wconf 84' lang='lat' dir='ltr'><strong>in</strong></span> <span class='ocrx_word' id='word_1_285' title='bbox 812 2248 950 2318; x_wconf 87' lang='lat' dir='ltr'><strong>edd.)</strong></span> <span class='ocrx_word' id='word_1_286' title='bbox 964 2264 1076 2316; x_wconf 67' lang='lat' dir='ltr'><strong>quae</strong></span> <span class='ocrx_word' id='word_1_287' title='bbox 1089 2244 1389 2316; x_wconf 80' lang='lat' dir='ltr'><strong>pessidebat</strong></span> <span class='ocrx_word' id='word_1_288' title='bbox 1401 2264 1576 2302; x_wconf 89' lang='lat' dir='ltr'><strong>eorum</strong></span> <span class='ocrx_word' id='word_1_289' title='bbox 1592 2251 1779 2317; x_wconf 85' lang='lat' dir='ltr'><strong>aliquid</strong></span> 
     </span>
    </p>
   </div>
   <div class='ocr_carea' id='block_1_40' title="bbox 257 2333 1774 2404">
    <p class='ocr_par' dir='ltr' id='par_1_40' title="bbox 257 2333 1774 2404">
     <span class='ocr_line' id='line_1_40' title="bbox 257 2333 1774 2404; baseline 0.005 -19"><span class='ocrx_word' id='word_1_290' title='bbox 257 2350 416 2387; x_wconf 87' lang='lat' dir='ltr'><strong>suum</strong></span> <span class='ocrx_word' id='word_1_291' title='bbox 439 2350 554 2389; x_wconf 87' lang='lat' dir='ltr'><strong>esse</strong></span> <span class='ocrx_word' id='word_1_292' title='bbox 579 2337 804 2400; x_wconf 88' lang='lat' dir='ltr'><strong>dicebat,</strong></span> <span class='ocrx_word' id='word_1_293' title='bbox 829 2338 920 2391; x_wconf 90' lang='lat' dir='ltr'><strong>sed</strong></span> <span class='ocrx_word' id='word_1_294' title='bbox 933 2347 1091 2404; x_wconf 44' lang='lat' dir='ltr'><strong>erant,</strong></span> <span class='ocrx_word' id='word_1_295' title='bbox 1107 2339 1183 2390; x_wconf 90' lang='lat' dir='ltr'><strong>eis</strong></span> <span class='ocrx_word' id='word_1_296' title='bbox 1211 2333 1382 2403; x_wconf 80' lang='lat' dir='ltr'><strong>omnia</strong></span> <span class='ocrx_word' id='word_1_297' title='bbox 1415 2341 1706 2392; x_wconf 89' lang='lat' dir='ltr'><strong>communia</strong></span> <span class='ocrx_word' id='word_1_298' title='bbox 1731 2353 1774 2391; x_wconf 74' lang='grc' dir='ltr'><strong>ε.</strong></span> 
     </span>
    </p>
   </div>
   <div class='ocr_carea' id='block_1_41' title="bbox 343 2420 1696 2497">
    <p class='ocr_par' dir='ltr' id='par_1_41' title="bbox 343 2420 1696 2497">
     <span class='ocr_line' id='line_1_41' title="bbox 343 2420 1696 2497; baseline 0.004 -25"><span class='ocrx_word' id='word_1_299' title='bbox 343 2420 392 2472; x_wconf 75' lang='grc'><strong>2.</strong></span> <span class='ocrx_word' id='word_1_300' title='bbox 429 2420 504 2472; x_wconf 87' lang='lat' dir='ltr'><strong>De</strong></span> <span class='ocrx_word' id='word_1_301' title='bbox 537 2421 832 2474; x_wconf 85' lang='lat' dir='ltr'><strong>clericorum</strong></span> <span class='ocrx_word' id='word_1_302' title='bbox 863 2423 1141 2490; x_wconf 82' lang='lat' dir='ltr'><strong>stipendiis,</strong></span> <span class='ocrx_word' id='word_1_303' title='bbox 1171 2426 1256 2491; x_wconf 89' lang='lat' dir='ltr'><strong>qui</strong></span> <span class='ocrx_word' id='word_1_304' title='bbox 1286 2441 1466 2478; x_wconf 73' lang='lat' dir='ltr'><strong>uxores</strong></span> <span class='ocrx_word' id='word_1_305' title='bbox 1489 2426 1696 2497; x_wconf 77' lang='lat' dir='ltr'><strong>ducunt.</strong></span> 
     </span>
    </p>
   </div>
   <div class='ocr_carea' id='block_1_42' title="bbox 335 2506 1778 2582">
    <p class='ocr_par' dir='ltr' id='par_1_42' title="bbox 335 2506 1778 2582">
     <span class='ocr_line' id='line_1_42' title="bbox 335 2506 1778 2582; baseline 0.005 -22"><span class='ocrx_word' id='word_1_306' title='bbox 335 2507 388 2560; x_wconf 90' lang='lat' dir='ltr'><strong>Si</strong></span> <span class='ocrx_word' id='word_1_307' title='bbox 417 2508 504 2574; x_wconf 88' lang='lat' dir='ltr'><strong>qui</strong></span> <span class='ocrx_word' id='word_1_308' title='bbox 530 2523 654 2562; x_wconf 89' lang='lat' dir='ltr'><strong>vero</strong></span> <span class='ocrx_word' id='word_1_309' title='bbox 677 2518 812 2570; x_wconf 86' lang='lat' dir='ltr'><strong>sunt,</strong></span> <span class='ocrx_word' id='word_1_310' title='bbox 845 2511 933 2578; x_wconf 89' lang='lat' dir='ltr'><strong>qui</strong></span> <span class='ocrx_word' id='word_1_311' title='bbox 960 2511 1095 2582; x_wconf 87' lang='lat' dir='ltr'><strong>intra</strong></span> <span class='ocrx_word' id='word_1_312' title='bbox 1128 2509 1318 2579; x_wconf 80' lang='lat' dir='ltr'><strong>[extra]</strong></span> <span class='ocrx_word' id='word_1_313' title='bbox 1363 2527 1542 2582; x_wconf 75' lang='lat' dir='ltr'><strong>sacros</strong></span> <span class='ocrx_word' id='word_1_314' title='bbox 1569 2506 1778 2567; x_wconf 77' lang='lat' dir='ltr'><strong>ordines</strong></span> 
     </span>
    </p>
   </div>
   <div class='ocr_carea' id='block_1_43' title="bbox 257 2581 1777 2673">
    <p class='ocr_par' dir='ltr' id='par_1_43' title="bbox 257 2581 1777 2673">
     <span class='ocr_line' id='line_1_43' title="bbox 257 2581 1777 2673; baseline 0.005 -30"><span class='ocrx_word' id='word_1_315' title='bbox 257 2593 525 2673; x_wconf 82' lang='lat' dir='ltr'><strong>constituti</strong></span> <span class='ocrx_word' id='word_1_316' title='bbox 570 2608 625 2646; x_wconf 89' lang='lat' dir='ltr'><strong>se</strong></span> <span class='ocrx_word' id='word_1_317' title='bbox 665 2595 934 2648; x_wconf 90' lang='lat' dir='ltr'><strong>continere</strong></span> <span class='ocrx_word' id='word_1_318' title='bbox 978 2581 1080 2648; x_wconf 86' lang='lat' dir='ltr'><strong>non</strong></span> <span class='ocrx_word' id='word_1_319' title='bbox 1106 2605 1341 2664; x_wconf 88' lang='lat' dir='ltr'><strong>possunt,</strong></span> <span class='ocrx_word' id='word_1_320' title='bbox 1369 2581 1542 2650; x_wconf 90' lang='lat' dir='ltr'><strong>sortiri</strong></span> <span class='ocrx_word' id='word_1_321' title='bbox 1588 2615 1777 2652; x_wconf 80' lang='lat' dir='ltr'><strong>uxores</strong></span> 
     </span>
    </p>
   </div>
   <div class='ocr_carea' id='block_1_44' title="bbox 252 2679 1775 2754">
    <p class='ocr_par' dir='ltr' id='par_1_44' title="bbox 252 2679 1775 2754">
     <span class='ocr_line' id='line_1_44' title="bbox 252 2679 1775 2754; baseline 0.005 -23"><span class='ocrx_word' id='word_1_322' title='bbox 252 2679 471 2741; x_wconf 87' lang='lat' dir='ltr'><strong>debent,</strong></span> <span class='ocrx_word' id='word_1_323' title='bbox 499 2691 553 2734; x_wconf 89' lang='lat' dir='ltr'><strong>et</strong></span> <span class='ocrx_word' id='word_1_324' title='bbox 578 2683 833 2748; x_wconf 87' lang='lat' dir='ltr'><strong>stipendia</strong></span> <span class='ocrx_word' id='word_1_325' title='bbox 861 2698 953 2736; x_wconf 92' lang='lat' dir='ltr'><strong>sua</strong></span> <span class='ocrx_word' id='word_1_326' title='bbox 979 2686 1208 2738; x_wconf 82' lang='lat' dir='ltr'><strong>exterius</strong></span> <span class='ocrx_word' id='word_1_327' title='bbox 1228 2687 1484 2753; x_wconf 88' lang='lat' dir='ltr'><strong>accipere,</strong></span> <span class='ocrx_word' id='word_1_328' title='bbox 1507 2688 1626 2754; x_wconf 86' lang='lat' dir='ltr'><strong>quia</strong></span> <span class='ocrx_word' id='word_1_329' title='bbox 1647 2689 1775 2739; x_wconf 87' lang='lat' dir='ltr'><strong>scri-</strong></span> 
     </span>
    </p>
   </div>
   <div class='ocr_carea' id='block_1_45' title="bbox 253 2768 1774 2842">
    <p class='ocr_par' dir='ltr' id='par_1_45' title="bbox 253 2768 1774 2842">
     <span class='ocr_line' id='line_1_45' title="bbox 253 2768 1774 2842; baseline 0.005 -24"><span class='ocrx_word' id='word_1_330' title='bbox 253 2775 404 2833; x_wconf 84' lang='lat' dir='ltr'><strong>ptum</strong></span> <span class='ocrx_word' id='word_1_331' title='bbox 441 2777 555 2820; x_wconf 84' lang='lat' dir='ltr'><strong>est:</strong></span> <span class='ocrx_word' id='word_1_332' title='bbox 603 2768 931 2822; x_wconf 79' lang='lat' dir='ltr'><strong>Diridebatur</strong></span> <span class='ocrx_word' id='word_1_333' title='bbox 973 2771 1206 2838; x_wconf 80' lang='lat' dir='ltr'><strong>singulis,</strong></span> <span class='ocrx_word' id='word_1_334' title='bbox 1245 2783 1393 2840; x_wconf 84' lang='lat' dir='ltr'><strong>prout</strong></span> <span class='ocrx_word' id='word_1_335' title='bbox 1436 2775 1610 2840; x_wconf 80' lang='lat' dir='ltr'><strong>cuique</strong></span> <span class='ocrx_word' id='word_1_336' title='bbox 1650 2791 1774 2842; x_wconf 86' lang='lat' dir='ltr'><strong>opus</strong></span> 
     </span>
    </p>
   </div>
   <div class='ocr_carea' id='block_1_46' title="bbox 253 2852 1768 2929">
    <p class='ocr_par' dir='ltr' id='par_1_46' title="bbox 253 2852 1768 2929">
     <span class='ocr_line' id='line_1_46' title="bbox 253 2852 1768 2929; baseline 0.008 -27"><span class='ocrx_word' id='word_1_337' title='bbox 253 2865 384 2904; x_wconf 87' lang='lat' dir='ltr'><strong>erat.</strong></span> <span class='ocrx_word' id='word_1_338' title='bbox 417 2852 489 2906; x_wconf 89' lang='lat' dir='ltr'><strong>De</strong></span> <span class='ocrx_word' id='word_1_339' title='bbox 507 2867 688 2907; x_wconf 88' lang='lat' dir='ltr'><strong>eorum</strong></span> <span class='ocrx_word' id='word_1_340' title='bbox 715 2869 918 2922; x_wconf 91' lang='lat' dir='ltr'><strong>quoque</strong></span> <span class='ocrx_word' id='word_1_341' title='bbox 940 2857 1196 2924; x_wconf 91' lang='lat' dir='ltr'><strong>stipendio</strong></span> <span class='ocrx_word' id='word_1_342' title='bbox 1221 2858 1572 2928; x_wconf 85' lang='lat' dir='ltr'><strong>[cogitandum</strong></span> <span class='ocrx_word' id='word_1_343' title='bbox 1593 2860 1768 2929; x_wconf 89' lang='lat' dir='ltr'><strong>atque]</strong></span> 
     </span>
    </p>
   </div>
   <div class='ocr_carea' id='block_1_47' title="bbox 255 2941 1765 3014">
    <p class='ocr_par' dir='ltr' id='par_1_47' title="bbox 255 2941 1765 3014">
     <span class='ocr_line' id='line_1_47' title="bbox 255 2941 1765 3014; baseline 0.007 -23"><span class='ocrx_word' id='word_1_344' title='bbox 255 2941 628 3006; x_wconf 91' lang='lat' dir='ltr'><strong>providendum</strong></span> <span class='ocrx_word' id='word_1_345' title='bbox 644 2951 744 3005; x_wconf 90' lang='lat' dir='ltr'><strong>est,</strong></span> <span class='ocrx_word' id='word_1_346' title='bbox 767 2952 821 2995; x_wconf 90' lang='lat' dir='ltr'><strong>et</strong></span> <span class='ocrx_word' id='word_1_347' title='bbox 831 2945 924 2997; x_wconf 89' lang='lat' dir='ltr'><strong>sub</strong></span> <span class='ocrx_word' id='word_1_348' title='bbox 937 2944 1180 2998; x_wconf 72' lang='lat' dir='ltr'><strong>Ecclesia:</strong></span> <span class='ocrx_word' id='word_1_349' title='bbox 1209 2947 1384 3014; x_wconf 87' lang='lat' dir='ltr'><strong>regula</strong></span> <span class='ocrx_word' id='word_1_350' title='bbox 1400 2957 1518 3000; x_wconf 90' lang='lat' dir='ltr'><strong>sunt</strong></span> <span class='ocrx_word' id='word_1_351' title='bbox 1540 2950 1765 3011; x_wconf 89' lang='lat' dir='ltr'><strong>tenendi,</strong></span> 
     </span>
    </p>
   </div>
   <div class='ocr_carea' id='block_1_48' title="bbox 255 3030 1769 3104">
    <p class='ocr_par' dir='ltr' id='par_1_48' title="bbox 255 3030 1769 3104">
     <span class='ocr_line' id='line_1_48' title="bbox 255 3030 1769 3104; baseline 0.006 -24"><span class='ocrx_word' id='word_1_352' title='bbox 255 3038 315 3081; x_wconf 91' lang='lat' dir='ltr'><strong>ut</strong></span> <span class='ocrx_word' id='word_1_353' title='bbox 344 3030 493 3083; x_wconf 89' lang='lat' dir='ltr'><strong>bonis</strong></span> <span class='ocrx_word' id='word_1_354' title='bbox 530 3032 760 3085; x_wconf 90' lang='lat' dir='ltr'><strong>moribus</strong></span> <span class='ocrx_word' id='word_1_355' title='bbox 782 3034 955 3086; x_wconf 88' lang='lat' dir='ltr'><strong>vivant</strong></span> <span class='ocrx_word' id='word_1_356' title='bbox 979 3044 1031 3086; x_wconf 90' lang='lat' dir='ltr'><strong>et</strong></span> <span class='ocrx_word' id='word_1_357' title='bbox 1059 3033 1304 3088; x_wconf 87' lang='lat' dir='ltr'><strong>canendis</strong></span> <span class='ocrx_word' id='word_1_358' title='bbox 1330 3035 1540 3102; x_wconf 84' lang='lat' dir='ltr'><strong>psalmis</strong></span> <span class='ocrx_word' id='word_1_359' title='bbox 1587 3037 1769 3104; x_wconf 77' lang='lat' dir='ltr'><strong>invigi-</strong></span> 
     </span>
    </p>
   </div>
   <div class='ocr_carea' id='block_1_49' title="bbox 257 3119 1773 3190">
    <p class='ocr_par' dir='ltr' id='par_1_49' title="bbox 257 3119 1773 3190">
     <span class='ocr_line' id='line_1_49' title="bbox 257 3119 1773 3190; baseline 0.003 -18"><span class='ocrx_word' id='word_1_360' title='bbox 257 3121 387 3180; x_wconf 84' lang='lat' dir='ltr'><strong>lent,</strong></span> <span class='ocrx_word' id='word_1_361' title='bbox 413 3127 464 3171; x_wconf 91' lang='lat' dir='ltr'><strong>et</strong></span> <span class='ocrx_word' id='word_1_362' title='bbox 485 3119 549 3171; x_wconf 87' lang='lat' dir='ltr'><strong>ab</strong></span> <span class='ocrx_word' id='word_1_363' title='bbox 576 3120 816 3172; x_wconf 88' lang='lat' dir='ltr'><strong>omnibus</strong></span> <span class='ocrx_word' id='word_1_364' title='bbox 841 3121 1035 3174; x_wconf 89' lang='lat' dir='ltr'><strong>illicitis</strong></span> <span class='ocrx_word' id='word_1_365' title='bbox 1057 3136 1149 3174; x_wconf 92' lang='lat' dir='ltr'><strong>cor</strong></span> <span class='ocrx_word' id='word_1_366' title='bbox 1175 3131 1228 3174; x_wconf 91' lang='lat' dir='ltr'><strong>et</strong></span> <span class='ocrx_word' id='word_1_367' title='bbox 1255 3123 1483 3190; x_wconf 83' lang='lat' dir='ltr'><strong>linguam</strong></span> <span class='ocrx_word' id='word_1_368' title='bbox 1505 3131 1557 3176; x_wconf 90' lang='lat' dir='ltr'><strong>et</strong></span> <span class='ocrx_word' id='word_1_369' title='bbox 1585 3138 1773 3190; x_wconf 86' lang='lat' dir='ltr'><strong>corpus</strong></span> 
     </span>
    </p>
   </div>
   <div class='ocr_carea' id='block_1_50' title="bbox 255 3204 1385 3276">
    <p class='ocr_par' dir='ltr' id='par_1_50' title="bbox 255 3204 1385 3276">
     <span class='ocr_line' id='line_1_50' title="bbox 255 3204 1385 3276; baseline 0.001 -18"><span class='ocrx_word' id='word_1_370' title='bbox 255 3204 368 3258; x_wconf 85' lang='lat' dir='ltr'><strong>Deo</strong></span> <span class='ocrx_word' id='word_1_371' title='bbox 391 3213 602 3259; x_wconf 83' lang='lat' dir='ltr'><strong>auctore</strong></span> <span class='ocrx_word' id='word_1_372' title='bbox 630 3215 956 3260; x_wconf 83' lang='lat' dir='ltr'><strong>conservent.</strong></span> <span class='ocrx_word' id='word_1_373' title='bbox 984 3207 1136 3276; x_wconf 83' lang='lat' dir='ltr'><strong>(Add.</strong></span> <span class='ocrx_word' id='word_1_374' title='bbox 1167 3208 1221 3260; x_wconf 82' lang='lat' dir='ltr'><strong>in</strong></span> <span class='ocrx_word' id='word_1_375' title='bbox 1244 3207 1385 3274; x_wconf 70' lang='lat' dir='ltr'><strong>edd.)</strong></span> 
     </span>
    </p>
   </div>
   <div class='ocr_carea' id='block_1_51' title="bbox 463 3311 1584 3379">
    <p class='ocr_par' dir='ltr' id='par_1_51' title="bbox 463 3311 1584 3379">
     <span class='ocr_line' id='line_1_51' title="bbox 463 3311 1584 3379; baseline -0.003 -14"><span class='ocrx_word' id='word_1_376' title='bbox 463 3312 514 3365; x_wconf 78' lang='lat'><strong>3.</strong></span> <span class='ocrx_word' id='word_1_377' title='bbox 553 3311 627 3364; x_wconf 91' lang='lat' dir='ltr'><strong>De</strong></span> <span class='ocrx_word' id='word_1_378' title='bbox 659 3313 911 3364; x_wconf 83' lang='lat' dir='ltr'><strong>communi</strong></span> <span class='ocrx_word' id='word_1_379' title='bbox 939 3313 1059 3376; x_wconf 83' lang='lat' dir='ltr'><strong>vita,</strong></span> <span class='ocrx_word' id='word_1_380' title='bbox 1091 3312 1162 3365; x_wconf 77' lang='lat' dir='ltr'><strong>vel</strong></span> <span class='ocrx_word' id='word_1_381' title='bbox 1190 3312 1515 3379; x_wconf 73' lang='lat' dir='ltr'><strong>elemosynis</strong></span> <span class='ocrx_word' id='word_1_382' title='bbox 1538 3311 1584 3362; x_wconf 76' lang='grc' dir='ltr'><strong>ἀ.</strong></span> 
     </span>
    </p>
   </div>
   <div class='ocr_carea' id='block_1_52' title="bbox 329 3414 1771 3487">
    <p class='ocr_par' dir='ltr' id='par_1_52' title="bbox 329 3414 1771 3487">
     <span class='ocr_line' id='line_1_52' title="bbox 329 3414 1771 3487; baseline 0.001 -18"><span class='ocrx_word' id='word_1_383' title='bbox 329 3427 353 3455; x_wconf 77' lang='grc' dir='ltr'><strong>ο</strong></span> <span class='ocrx_word' id='word_1_384' title='bbox 382 3414 495 3470; x_wconf 71' lang='lat' dir='ltr'><strong>lam</strong></span> <span class='ocrx_word' id='word_1_385' title='bbox 522 3416 879 3471; x_wconf 80' lang='lat' dir='ltr'><strong>deﬁcientibus</strong></span> <span class='ocrx_word' id='word_1_386' title='bbox 901 3418 1226 3484; x_wconf 89' lang='lat' dir='ltr'><strong>portionibus</strong></span> <span class='ocrx_word' id='word_1_387' title='bbox 1251 3416 1337 3487; x_wconf 90' lang='lat' dir='ltr'><strong>[de</strong></span> <span class='ocrx_word' id='word_1_388' title='bbox 1364 3417 1617 3471; x_wconf 78' lang='lat' dir='ltr'><strong>faciendis</strong></span> <span class='ocrx_word' id='word_1_389' title='bbox 1651 3433 1771 3486; x_wconf 89' lang='lat' dir='ltr'><strong>por-</strong></span> 
     </span>
    </p>
   </div>
   <div class='ocr_carea' id='block_1_53' title="bbox 259 3503 1773 3576">
    <p class='ocr_par' dir='ltr' id='par_1_53' title="bbox 259 3503 1773 3576">
     <span class='ocr_line' id='line_1_53' title="bbox 259 3503 1773 3576; baseline 0.001 -19"><span class='ocrx_word' id='word_1_390' title='bbox 259 3503 534 3574; x_wconf 85' lang='lat' dir='ltr'><strong>tionibus],</strong></span> <span class='ocrx_word' id='word_1_391' title='bbox 565 3505 628 3558; x_wconf 91' lang='lat' dir='ltr'><strong>de</strong></span> <span class='ocrx_word' id='word_1_392' title='bbox 651 3506 942 3558; x_wconf 81' lang='lat' dir='ltr'><strong>exhibenda</strong></span> <span class='ocrx_word' id='word_1_393' title='bbox 981 3506 1335 3574; x_wconf 87' lang='lat' dir='ltr'><strong>hospitalitate</strong></span> <span class='ocrx_word' id='word_1_394' title='bbox 1360 3517 1414 3560; x_wconf 92' lang='lat' dir='ltr'><strong>et</strong></span> <span class='ocrx_word' id='word_1_395' title='bbox 1449 3507 1773 3576; x_wconf 88' lang='lat' dir='ltr'><strong>adimplenda</strong></span> 
     </span>
    </p>
   </div>
   <div class='ocr_carea' id='block_1_54' title="bbox 255 3591 1773 3661">
    <p class='ocr_par' dir='ltr' id='par_1_54' title="bbox 255 3591 1773 3661">
     <span class='ocr_line' id='line_1_54' title="bbox 255 3591 1773 3661; baseline 0.003 -17"><span class='ocrx_word' id='word_1_396' title='bbox 255 3591 670 3656; x_wconf 74' lang='lat' dir='ltr'><strong>misericordia,</strong></span> <span class='ocrx_word' id='word_1_397' title='bbox 697 3593 848 3646; x_wconf 89' lang='lat' dir='ltr'><strong>nobis</strong></span> <span class='ocrx_word' id='word_1_398' title='bbox 900 3594 1024 3661; x_wconf 92' lang='lat' dir='ltr'><strong>quid</strong></span> <span class='ocrx_word' id='word_1_399' title='bbox 1067 3594 1168 3647; x_wconf 85' lang='lat' dir='ltr'><strong>erit</strong></span> <span class='ocrx_word' id='word_1_400' title='bbox 1214 3594 1562 3661; x_wconf 84' lang='lat' dir='ltr'><strong>loquendum?</strong></span> <span class='ocrx_word' id='word_1_401' title='bbox 1611 3593 1773 3648; x_wconf 90' lang='lat' dir='ltr'><strong>Omne</strong></span> 
     </span>
    </p>
   </div>
   <div class='ocr_carea' id='block_1_55' title="bbox 253 3681 1772 3754">
    <p class='ocr_par' dir='ltr' id='par_1_55' title="bbox 253 3681 1772 3754">
     <span class='ocr_line' id='line_1_55' title="bbox 253 3681 1772 3754; baseline 0.005 -22"><span class='ocrx_word' id='word_1_402' title='bbox 253 3681 394 3748; x_wconf 89' lang='lat' dir='ltr'><strong>quod</strong></span> <span class='ocrx_word' id='word_1_403' title='bbox 442 3691 696 3750; x_wconf 82' lang='lat' dir='ltr'><strong>superest,</strong></span> <span class='ocrx_word' id='word_1_404' title='bbox 749 3683 801 3735; x_wconf 90' lang='lat' dir='ltr'><strong>in</strong></span> <span class='ocrx_word' id='word_1_405' title='bbox 853 3683 1026 3737; x_wconf 88' lang='lat' dir='ltr'><strong>causis</strong></span> <span class='ocrx_word' id='word_1_406' title='bbox 1079 3683 1520 3754; x_wconf 88' lang='lat' dir='ltr'><strong>[necessitatibus]</strong></span> <span class='ocrx_word' id='word_1_407' title='bbox 1560 3687 1658 3754; x_wconf 91' lang='lat' dir='ltr'><strong>piis</strong></span> <span class='ocrx_word' id='word_1_408' title='bbox 1711 3702 1772 3739; x_wconf 89' lang='lat' dir='ltr'><strong>ac</strong></span> 
     </span>
    </p>
   </div>
   <div class='ocr_carea' id='block_1_56' title="bbox 253 3769 1772 3840">
    <p class='ocr_par' dir='ltr' id='par_1_56' title="bbox 253 3769 1772 3840">
     <span class='ocr_line' id='line_1_56' title="bbox 253 3769 1772 3840; baseline 0.003 -18"><span class='ocrx_word' id='word_1_409' title='bbox 253 3769 512 3838; x_wconf 81' lang='lat' dir='ltr'><strong>religiosis</strong></span> <span class='ocrx_word' id='word_1_410' title='bbox 542 3769 857 3839; x_wconf 88' lang='lat' dir='ltr'><strong>erogandum</strong></span> <span class='ocrx_word' id='word_1_411' title='bbox 902 3779 1002 3832; x_wconf 89' lang='lat' dir='ltr'><strong>est,</strong></span> <span class='ocrx_word' id='word_1_412' title='bbox 1034 3771 1252 3824; x_wconf 87' lang='lat' dir='ltr'><strong>Domino</strong></span> <span class='ocrx_word' id='word_1_413' title='bbox 1279 3781 1332 3826; x_wconf 90' lang='lat' dir='ltr'><strong>et</strong></span> <span class='ocrx_word' id='word_1_414' title='bbox 1373 3774 1622 3840; x_wconf 86' lang='lat' dir='ltr'><strong>magistro</strong></span> <span class='ocrx_word' id='word_1_415' title='bbox 1663 3788 1772 3826; x_wconf 87' lang='lat' dir='ltr'><strong>om-</strong></span> 
     </span>
    </p>
   </div>
   <div class='ocr_carea' id='block_1_57' title="bbox 253 3855 1773 3926">
    <p class='ocr_par' dir='ltr' id='par_1_57' title="bbox 253 3855 1773 3926">
     <span class='ocr_line' id='line_1_57' title="bbox 253 3855 1773 3926; baseline 0.003 -18"><span class='ocrx_word' id='word_1_416' title='bbox 253 3856 400 3908; x_wconf 78' lang='lat' dir='ltr'><strong>nium</strong></span> <span class='ocrx_word' id='word_1_417' title='bbox 424 3857 626 3909; x_wconf 86' lang='lat' dir='ltr'><strong>dicente</strong></span> <span class='ocrx_word' id='word_1_418' title='bbox 649 3873 662 3908; x_wconf 89' lang='lat'><strong>:</strong></span> <span class='ocrx_word' id='word_1_419' title='bbox 695 3855 842 3920; x_wconf 86' lang='lat' dir='ltr'><strong>Quod</strong></span> <span class='ocrx_word' id='word_1_420' title='bbox 868 3865 1126 3924; x_wconf 86' lang='lat' dir='ltr'><strong>superest,</strong></span> <span class='ocrx_word' id='word_1_421' title='bbox 1151 3857 1269 3911; x_wconf 90' lang='lat' dir='ltr'><strong>date</strong></span> <span class='ocrx_word' id='word_1_422' title='bbox 1289 3859 1694 3926; x_wconf 87' lang='lat' dir='ltr'><strong>eleemosynam,</strong></span> <span class='ocrx_word' id='word_1_423' title='bbox 1721 3869 1773 3912; x_wconf 90' lang='lat' dir='ltr'><strong>et</strong></span> 
     </span>
    </p>
   </div>
   <div class='ocr_carea' id='block_1_58' title="bbox 253 3941 956 3996">
    <p class='ocr_par' dir='ltr' id='par_1_58' title="bbox 253 3941 956 3996">
     <span class='ocr_line' id='line_1_58' title="bbox 253 3941 956 3996; baseline 0.001 -2"><span class='ocrx_word' id='word_1_424' title='bbox 253 3955 380 3995; x_wconf 90' lang='lat' dir='ltr'><strong>ecce</strong></span> <span class='ocrx_word' id='word_1_425' title='bbox 405 3941 577 3994; x_wconf 83' lang='lat' dir='ltr'><strong>omnia</strong></span> <span class='ocrx_word' id='word_1_426' title='bbox 605 3942 795 3995; x_wconf 89' lang='lat' dir='ltr'><strong>munda</strong></span> <span class='ocrx_word' id='word_1_427' title='bbox 819 3951 956 3996; x_wconf 90' lang='lat' dir='ltr'><strong>sunt.</strong></span> 
     </span>
    </p>
   </div>
   <div class='ocr_carea' id='block_1_59' title="bbox 466 4029 1642 4100">
    <p class='ocr_par' dir='ltr' id='par_1_59' title="bbox 466 4029 1642 4100">
     <span class='ocr_line' id='line_1_59' title="bbox 466 4029 1642 4100; baseline 0.001 -18"><span class='ocrx_word' id='word_1_428' title='bbox 466 4029 518 4082; x_wconf 77' lang='grc'><strong>4.</strong></span> <span class='ocrx_word' id='word_1_429' title='bbox 551 4031 695 4099; x_wconf 79' lang='lat' dir='ltr'><strong>(Var.</strong></span> <span class='ocrx_word' id='word_1_430' title='bbox 723 4031 775 4083; x_wconf 92' lang='lat' dir='ltr'><strong>in</strong></span> <span class='ocrx_word' id='word_1_431' title='bbox 796 4030 938 4100; x_wconf 87' lang='lat' dir='ltr'><strong>edd.)</strong></span> <span class='ocrx_word' id='word_1_432' title='bbox 963 4030 1037 4084; x_wconf 88' lang='lat' dir='ltr'><strong>De</strong></span> <span class='ocrx_word' id='word_1_433' title='bbox 1064 4031 1218 4085; x_wconf 83' lang='lat' dir='ltr'><strong>missa</strong></span> <span class='ocrx_word' id='word_1_434' title='bbox 1243 4031 1559 4084; x_wconf 79' lang='lat' dir='ltr'><strong>celebranda.</strong></span> <span class='ocrx_word' id='word_1_435' title='bbox 1637 4088 1642 4093; x_wconf 52' lang='grc'><em>,</em></span> 
     </span>
    </p>
   </div>
   <div class='ocr_carea' id='block_1_60' title="bbox 325 4137 1768 4208">
    <p class='ocr_par' dir='ltr' id='par_1_60' title="bbox 325 4137 1768 4208">
     <span class='ocr_line' id='line_1_60' title="bbox 325 4137 1768 4208; baseline 0.006 -20"><span class='ocrx_word' id='word_1_436' title='bbox 325 4137 478 4205; x_wconf 79' lang='lat' dir='ltr'><strong>(Add.</strong></span> <span class='ocrx_word' id='word_1_437' title='bbox 495 4137 692 4208; x_wconf 83' lang='lat' dir='ltr'><strong>interr.)</strong></span> <span class='ocrx_word' id='word_1_438' title='bbox 715 4137 926 4193; x_wconf 85' lang='lat' dir='ltr'><strong>Noverit</strong></span> <span class='ocrx_word' id='word_1_439' title='bbox 952 4139 1256 4203; x_wconf 79' lang='lat' dir='ltr'><strong>fraternitas</strong></span> <span class='ocrx_word' id='word_1_440' title='bbox 1282 4149 1369 4194; x_wconf 89' lang='lat' dir='ltr'><strong>tua</strong></span> <span class='ocrx_word' id='word_1_441' title='bbox 1395 4141 1642 4196; x_wconf 62' lang='lat' dir='ltr'><strong>Romana:</strong></span> <span class='ocrx_word' id='word_1_442' title='bbox 1677 4143 1768 4196; x_wconf 85' lang='lat' dir='ltr'><strong>Ec-</strong></span> 
     </span>
    </p>
   </div>
   <div class='ocr_carea' id='block_1_61' title="bbox 252 4225 1768 4308">
    <p class='ocr_par' dir='ltr' id='par_1_61' title="bbox 252 4225 1768 4308">
     <span class='ocr_line' id='line_1_61' title="bbox 252 4225 1768 4308; baseline 0.003 -28"><span class='ocrx_word' id='word_1_443' title='bbox 252 4227 428 4280; x_wconf 74' lang='lat' dir='ltr'><strong>clesia:</strong></span> <span class='ocrx_word' id='word_1_444' title='bbox 439 4227 882 4289; x_wconf 88' lang='lat' dir='ltr'><strong>consuetudinem,</strong></span> <span class='ocrx_word' id='word_1_445' title='bbox 912 4228 964 4280; x_wconf 93' lang='lat' dir='ltr'><strong>in</strong></span> <span class='ocrx_word' id='word_1_446' title='bbox 991 4241 1092 4308; x_wconf 82' lang='lat' dir='ltr'><strong>qua</strong></span> <span class='ocrx_word' id='word_1_447' title='bbox 1118 4228 1137 4296; x_wconf 88' lang='lat'>(</span> <span class='ocrx_word' id='word_1_448' title='bbox 1151 4225 1296 4297; x_wconf 81' lang='lat' dir='ltr'><strong>Var.)</strong></span> <span class='ocrx_word' id='word_1_449' title='bbox 1323 4231 1550 4281; x_wconf 87' lang='lat' dir='ltr'><strong>nutritus</strong></span> <span class='ocrx_word' id='word_1_450' title='bbox 1571 4245 1645 4282; x_wconf 87' lang='lat' dir='ltr'><strong>es.</strong></span> <span class='ocrx_word' id='word_1_451' title='bbox 1667 4229 1768 4284; x_wconf 88' lang='lat' dir='ltr'><strong>Sed</strong></span> 
     </span>
    </p>
   </div>
   <div class='ocr_carea' id='block_1_62' title="bbox 1879 1893 3388 1970">
    <p class='ocr_par' dir='ltr' id='par_1_62' title="bbox 1879 1893 3388 1970">
     <span class='ocr_line' id='line_1_62' title="bbox 1879 1893 3388 1970; baseline 0.01 -28"><span class='ocrx_word' id='word_1_452' title='bbox 1879 1893 2153 1956; x_wconf 82' lang='lat' dir='ltr'><strong>cliaritate,</strong></span> <span class='ocrx_word' id='word_1_453' title='bbox 2181 1910 2280 1957; x_wconf 87' lang='lat' dir='ltr'><strong>non</strong></span> <span class='ocrx_word' id='word_1_454' title='bbox 2306 1911 2368 1948; x_wconf 80' lang='lat' dir='ltr'><strong>ex</strong></span> <span class='ocrx_word' id='word_1_455' title='bbox 2393 1895 2568 1958; x_wconf 86' lang='lat' dir='ltr'><strong>furore</strong></span> <span class='ocrx_word' id='word_1_456' title='bbox 2597 1901 2854 1965; x_wconf 87' lang='lat' dir='ltr'><strong>agendum</strong></span> <span class='ocrx_word' id='word_1_457' title='bbox 2875 1910 2986 1953; x_wconf 87' lang='lat' dir='ltr'><strong>est:</strong></span> <span class='ocrx_word' id='word_1_458' title='bbox 3017 1904 3135 1968; x_wconf 88' lang='lat' dir='ltr'><strong>quia</strong></span> <span class='ocrx_word' id='word_1_459' title='bbox 3161 1900 3254 1970; x_wconf 86' lang='lat' dir='ltr'><strong>ipsi</strong></span> <span class='ocrx_word' id='word_1_460' title='bbox 3283 1905 3388 1957; x_wconf 81' lang='lat' dir='ltr'><strong>line</strong></span> 
     </span>
    </p>
   </div>
   <div class='ocr_carea' id='block_1_63' title="bbox 1877 1982 3384 2056">
    <p class='ocr_par' dir='ltr' id='par_1_63' title="bbox 1877 1982 3384 2056">
     <span class='ocr_line' id='line_1_63' title="bbox 1877 1982 3384 2056; baseline 0.009 -26"><span class='ocrx_word' id='word_1_461' title='bbox 1877 1988 2152 2046; x_wconf 50' lang='lat' dir='ltr'><strong>praestatur</strong></span> <span class='ocrx_word' id='word_1_462' title='bbox 2179 1982 2266 2047; x_wconf 90' lang='lat' dir='ltr'><strong>qui</strong></span> <span class='ocrx_word' id='word_1_463' title='bbox 2292 1984 2590 2050; x_wconf 85' lang='lat' dir='ltr'><strong>corrigitur.</strong></span> <span class='ocrx_word' id='word_1_464' title='bbox 2613 2002 2676 2038; x_wconf 81' lang='lat' dir='ltr'><strong>ne</strong></span> <span class='ocrx_word' id='word_1_465' title='bbox 2701 1988 2932 2052; x_wconf 85' lang='lat' dir='ltr'><strong>gebenna</strong></span> <span class='ocrx_word' id='word_1_466' title='bbox 2973 1990 3174 2056; x_wconf 84' lang='lat' dir='ltr'><strong>ignibus</strong></span> <span class='ocrx_word' id='word_1_467' title='bbox 3213 1995 3384 2043; x_wconf 89' lang='lat' dir='ltr'><strong>trada-</strong></span> 
     </span>
    </p>
   </div>
   <div class='ocr_carea' id='block_1_64' title="bbox 1878 2067 3379 2139">
    <p class='ocr_par' dir='ltr' id='par_1_64' title="bbox 1878 2067 3379 2139">
     <span class='ocr_line' id='line_1_64' title="bbox 1878 2067 3379 2139; baseline 0.009 -21"><span class='ocrx_word' id='word_1_468' title='bbox 1878 2076 1981 2130; x_wconf 70' lang='lat' dir='ltr'><strong>tur.~</strong></span> <span class='ocrx_word' id='word_1_469' title='bbox 2006 2067 2095 2125; x_wconf 87' lang='lat' dir='ltr'><strong>Sic</strong></span> <span class='ocrx_word' id='word_1_470' title='bbox 2121 2069 2258 2120; x_wconf 91' lang='lat' dir='ltr'><strong>enim</strong></span> <span class='ocrx_word' id='word_1_471' title='bbox 2287 2085 2380 2121; x_wconf 90' lang='lat' dir='ltr'><strong>nos</strong></span> <span class='ocrx_word' id='word_1_472' title='bbox 2406 2070 2640 2123; x_wconf 79' lang='lat' dir='ltr'><strong>ﬁdelibus</strong></span> <span class='ocrx_word' id='word_1_473' title='bbox 2667 2073 2989 2139; x_wconf 87' lang='lat' dir='ltr'><strong>disciplinam</strong></span> <span class='ocrx_word' id='word_1_474' title='bbox 3019 2083 3192 2128; x_wconf 90' lang='lat' dir='ltr'><strong>tenere</strong></span> <span class='ocrx_word' id='word_1_475' title='bbox 3226 2078 3379 2130; x_wconf 86' lang='lat' dir='ltr'><strong>debe-</strong></span> 
     </span>
    </p>
   </div>
   <div class='ocr_carea' id='block_1_65' title="bbox 1877 2154 3383 2230">
    <p class='ocr_par' dir='ltr' id='par_1_65' title="bbox 1877 2154 3383 2230">
     <span class='ocr_line' id='line_1_65' title="bbox 1877 2154 3383 2230; baseline 0.007 -26"><span class='ocrx_word' id='word_1_476' title='bbox 1877 2169 2012 2216; x_wconf 87' lang='lat' dir='ltr'><strong>mus,</strong></span> <span class='ocrx_word' id='word_1_477' title='bbox 2044 2154 2174 2206; x_wconf 89' lang='lat' dir='ltr'><strong>sicut</strong></span> <span class='ocrx_word' id='word_1_478' title='bbox 2202 2155 2318 2208; x_wconf 87' lang='lat' dir='ltr'><strong>boni</strong></span> <span class='ocrx_word' id='word_1_479' title='bbox 2353 2164 2527 2222; x_wconf 84' lang='lat' dir='ltr'><strong>patres</strong></span> <span class='ocrx_word' id='word_1_480' title='bbox 2569 2159 2863 2212; x_wconf 87' lang='lat' dir='ltr'><strong>carnalibus</strong></span> <span class='ocrx_word' id='word_1_481' title='bbox 2893 2160 3008 2212; x_wconf 85' lang='lat' dir='ltr'><strong>ﬁliis</strong></span> <span class='ocrx_word' id='word_1_482' title='bbox 3040 2163 3224 2224; x_wconf 86' lang='lat' dir='ltr'><strong>solent,</strong></span> <span class='ocrx_word' id='word_1_483' title='bbox 3255 2179 3383 2230; x_wconf 90' lang='lat' dir='ltr'><strong>quos</strong></span> 
     </span>
    </p>
   </div>
   <div class='ocr_carea' id='block_1_66' title="bbox 1874 2241 3384 2316">
    <p class='ocr_par' dir='ltr' id='par_1_66' title="bbox 1874 2241 3384 2316">
     <span class='ocr_line' id='line_1_66' title="bbox 1874 2241 3384 2316; baseline 0.007 -24"><span class='ocrx_word' id='word_1_484' title='bbox 1874 2249 1926 2292; x_wconf 91' lang='lat' dir='ltr'><strong>et</strong></span> <span class='ocrx_word' id='word_1_485' title='bbox 1977 2255 2071 2306; x_wconf 90' lang='lat' dir='ltr'><strong>pro</strong></span> <span class='ocrx_word' id='word_1_486' title='bbox 2107 2241 2272 2306; x_wconf 88' lang='lat' dir='ltr'><strong>culpis</strong></span> <span class='ocrx_word' id='word_1_487' title='bbox 2307 2244 2607 2296; x_wconf 88' lang='lat' dir='ltr'><strong>verberibus</strong></span> <span class='ocrx_word' id='word_1_488' title='bbox 2658 2245 2876 2308; x_wconf 82' lang='lat' dir='ltr'><strong>feriunt;</strong></span> <span class='ocrx_word' id='word_1_489' title='bbox 2925 2255 2977 2298; x_wconf 91' lang='lat' dir='ltr'><strong>et</strong></span> <span class='ocrx_word' id='word_1_490' title='bbox 3033 2255 3205 2301; x_wconf 89' lang='lat' dir='ltr'><strong>tamen</strong></span> <span class='ocrx_word' id='word_1_491' title='bbox 3247 2251 3384 2316; x_wconf 86' lang='lat' dir='ltr'><strong>ipsos</strong></span> 
     </span>
    </p>
   </div>
   <div class='ocr_carea' id='block_1_67' title="bbox 1874 2327 3381 2402">
    <p class='ocr_par' dir='ltr' id='par_1_67' title="bbox 1874 2327 3381 2402">
     <span class='ocr_line' id='line_1_67' title="bbox 1874 2327 3381 2402; baseline 0.009 -26"><span class='ocrx_word' id='word_1_492' title='bbox 1874 2340 2003 2391; x_wconf 91' lang='lat' dir='ltr'><strong>quos</strong></span> <span class='ocrx_word' id='word_1_493' title='bbox 2029 2327 2291 2378; x_wconf 88' lang='lat' dir='ltr'><strong>doloribus</strong></span> <span class='ocrx_word' id='word_1_494' title='bbox 2321 2327 2550 2395; x_wconf 85' lang='lat' dir='ltr'><strong>atlligunt</strong></span> <span class='ocrx_word' id='word_1_495' title='bbox 2587 2331 2779 2384; x_wconf 87' lang='lat' dir='ltr'><strong>habere</strong></span> <span class='ocrx_word' id='word_1_496' title='bbox 2818 2333 3050 2386; x_wconf 65' lang='lat' dir='ltr'><strong>haeredes</strong></span> <span class='ocrx_word' id='word_1_497' title='bbox 3093 2344 3329 2402; x_wconf 66' lang='lat' dir='ltr'><strong>quaerunt</strong></span> <span class='ocrx_word' id='word_1_498' title='bbox 3365 2350 3381 2388; x_wconf 90' lang='lat'><strong>:</strong></span> 
     </span>
    </p>
   </div>
   <div class='ocr_carea' id='block_1_68' title="bbox 1872 2402 3383 2488">
    <p class='ocr_par' dir='ltr' id='par_1_68' title="bbox 1872 2402 3383 2488">
     <span class='ocr_line' id='line_1_68' title="bbox 1872 2402 3383 2488; baseline 0.009 -26"><span class='ocrx_word' id='word_1_499' title='bbox 1872 2420 1922 2462; x_wconf 92' lang='lat' dir='ltr'><strong>et</strong></span> <span class='ocrx_word' id='word_1_500' title='bbox 1953 2427 2068 2478; x_wconf 72' lang='lat' dir='ltr'><strong>qua:</strong></span> <span class='ocrx_word' id='word_1_501' title='bbox 2111 2413 2373 2478; x_wconf 87' lang='lat' dir='ltr'><strong>possident</strong></span> <span class='ocrx_word' id='word_1_502' title='bbox 2419 2402 2516 2465; x_wconf 89' lang='lat' dir='ltr'><strong>illis</strong></span> <span class='ocrx_word' id='word_1_503' title='bbox 2555 2427 2762 2468; x_wconf 88' lang='lat' dir='ltr'><strong>servant</strong></span> <span class='ocrx_word' id='word_1_504' title='bbox 2811 2433 2941 2484; x_wconf 90' lang='lat' dir='ltr'><strong>quos</strong></span> <span class='ocrx_word' id='word_1_505' title='bbox 2978 2421 3178 2488; x_wconf 90' lang='lat' dir='ltr'><strong>insequi</strong></span> <span class='ocrx_word' id='word_1_506' title='bbox 3205 2423 3383 2475; x_wconf 85' lang='lat' dir='ltr'><strong>viden-</strong></span> 
     </span>
    </p>
   </div>
   <div class='ocr_carea' id='block_1_69' title="bbox 1874 2499 3385 2569">
    <p class='ocr_par' dir='ltr' id='par_1_69' title="bbox 1874 2499 3385 2569">
     <span class='ocr_line' id='line_1_69' title="bbox 1874 2499 3385 2569; baseline 0.008 -20"><span class='ocrx_word' id='word_1_507' title='bbox 1874 2507 1974 2549; x_wconf 89' lang='lat' dir='ltr'><strong>tur.</strong></span> <span class='ocrx_word' id='word_1_508' title='bbox 2015 2499 2134 2552; x_wconf 75' lang='lat' dir='ltr'><strong>lla&#39;c</strong></span> <span class='ocrx_word' id='word_1_509' title='bbox 2164 2515 2287 2567; x_wconf 87' lang='lat' dir='ltr'><strong>ergo</strong></span> <span class='ocrx_word' id='word_1_510' title='bbox 2317 2501 2542 2553; x_wconf 78' lang='lat' dir='ltr'><strong>Charitas</strong></span> <span class='ocrx_word' id='word_1_511' title='bbox 2570 2502 2620 2554; x_wconf 93' lang='lat' dir='ltr'><strong>in</strong></span> <span class='ocrx_word' id='word_1_512' title='bbox 2651 2512 2822 2555; x_wconf 88' lang='lat' dir='ltr'><strong>mente</strong></span> <span class='ocrx_word' id='word_1_513' title='bbox 2855 2507 3071 2558; x_wconf 90' lang='lat' dir='ltr'><strong>tenenda</strong></span> <span class='ocrx_word' id='word_1_514' title='bbox 3110 2515 3210 2569; x_wconf 89' lang='lat' dir='ltr'><strong>est,</strong></span> <span class='ocrx_word' id='word_1_515' title='bbox 3235 2509 3304 2560; x_wconf 91' lang='lat' dir='ltr'><strong>ita</strong></span> <span class='ocrx_word' id='word_1_516' title='bbox 3327 2517 3385 2561; x_wconf 91' lang='lat' dir='ltr'><strong>ut</strong></span> 
     </span>
    </p>
   </div>
   <div class='ocr_carea' id='block_1_70' title="bbox 1873 2585 3375 2654">
    <p class='ocr_par' dir='ltr' id='par_1_70' title="bbox 1873 2585 3375 2654">
     <span class='ocr_line' id='line_1_70' title="bbox 1873 2585 3375 2654; baseline 0.009 -22"><span class='ocrx_word' id='word_1_517' title='bbox 1873 2597 2018 2634; x_wconf 89' lang='lat' dir='ltr'><strong>mens</strong></span> <span class='ocrx_word' id='word_1_518' title='bbox 2060 2593 2205 2636; x_wconf 79' lang='lat' dir='ltr'><strong>extra</strong></span> <span class='ocrx_word' id='word_1_519' title='bbox 2248 2585 2464 2637; x_wconf 90' lang='lat' dir='ltr'><strong>rat-iouis</strong></span> <span class='ocrx_word' id='word_1_520' title='bbox 2513 2587 2742 2654; x_wconf 84' lang='lat' dir='ltr'><strong>regulam</strong></span> <span class='ocrx_word' id='word_1_521' title='bbox 2787 2590 2997 2642; x_wconf 89' lang='lat' dir='ltr'><strong>omnino</strong></span> <span class='ocrx_word' id='word_1_522' title='bbox 3030 2591 3157 2642; x_wconf 89' lang='lat' dir='ltr'><strong>nihil</strong></span> <span class='ocrx_word' id='word_1_523' title='bbox 3199 2591 3375 2645; x_wconf 81' lang='lat' dir='ltr'><strong>faciat.</strong></span> 
     </span>
    </p>
   </div>
   <div class='ocr_carea' id='block_1_71' title="bbox 1870 2670 3390 2732">
    <p class='ocr_par' dir='ltr' id='par_1_71' title="bbox 1870 2670 3390 2732">
     <span class='ocr_line' id='line_1_71' title="bbox 1870 2670 3390 2732; baseline 0.007 -11"><span class='ocrx_word' id='word_1_524' title='bbox 1870 2670 2135 2732; x_wconf 82' lang='lat' dir='ltr'><strong>Quomodo</strong></span> <span class='ocrx_word' id='word_1_525' title='bbox 2158 2681 2331 2724; x_wconf 89' lang='lat' dir='ltr'><strong>autem</strong></span> <span class='ocrx_word' id='word_1_526' title='bbox 2359 2672 2549 2724; x_wconf 85' lang='lat' dir='ltr'><strong>furtum</strong></span> <span class='ocrx_word' id='word_1_527' title='bbox 2580 2676 2720 2728; x_wconf 90' lang='lat' dir='ltr'><strong>reddi</strong></span> <span class='ocrx_word' id='word_1_528' title='bbox 2745 2676 2958 2729; x_wconf 86' lang='lat' dir='ltr'><strong>debeat?</strong></span> <span class='ocrx_word' id='word_1_529' title='bbox 2978 2678 3112 2730; x_wconf 81' lang='lat' dir='ltr'><strong>absit</strong></span> <span class='ocrx_word' id='word_1_530' title='bbox 3135 2688 3188 2730; x_wconf 93' lang='lat' dir='ltr'><strong>ut</strong></span> <span class='ocrx_word' id='word_1_531' title='bbox 3206 2679 3390 2732; x_wconf 86' lang='lat' dir='ltr'><strong>Eccle-</strong></span> 
     </span>
    </p>
   </div>
   <div class='ocr_carea' id='block_1_72' title="bbox 1870 2756 3380 2827">
    <p class='ocr_par' dir='ltr' id='par_1_72' title="bbox 1870 2756 3380 2827">
     <span class='ocr_line' id='line_1_72' title="bbox 1870 2756 3380 2827; baseline 0.006 -20"><span class='ocrx_word' id='word_1_532' title='bbox 1870 2756 1946 2808; x_wconf 88' lang='lat' dir='ltr'><strong>sia</strong></span> <span class='ocrx_word' id='word_1_533' title='bbox 1978 2772 2095 2808; x_wconf 90' lang='lat' dir='ltr'><strong>cum</strong></span> <span class='ocrx_word' id='word_1_534' title='bbox 2132 2766 2459 2811; x_wconf 89' lang='lat' dir='ltr'><strong>auctomento</strong></span> <span class='ocrx_word' id='word_1_535' title='bbox 2488 2761 2704 2825; x_wconf 88' lang='lat' dir='ltr'><strong>recipiat</strong></span> <span class='ocrx_word' id='word_1_536' title='bbox 2729 2762 2864 2827; x_wconf 90' lang='lat' dir='ltr'><strong>quod</strong></span> <span class='ocrx_word' id='word_1_537' title='bbox 2893 2762 2955 2814; x_wconf 91' lang='lat' dir='ltr'><strong>de</strong></span> <span class='ocrx_word' id='word_1_538' title='bbox 2981 2765 3200 2816; x_wconf 88' lang='lat' dir='ltr'><strong>terrenis</strong></span> <span class='ocrx_word' id='word_1_539' title='bbox 3227 2765 3380 2816; x_wconf 88' lang='lat' dir='ltr'><strong>rebus</strong></span> 
     </span>
    </p>
   </div>
   <div class='ocr_carea' id='block_1_73' title="bbox 1870 2836 3474 2922">
    <p class='ocr_par' dir='ltr' id='par_1_73' title="bbox 1870 2836 3474 2922">
     <span class='ocr_line' id='line_1_73' title="bbox 1870 2836 3474 2922; baseline 0.007 -28"><span class='ocrx_word' id='word_1_540' title='bbox 1870 2843 2073 2895; x_wconf 91' lang='lat' dir='ltr'><strong>videtur</strong></span> <span class='ocrx_word' id='word_1_541' title='bbox 2099 2845 2333 2898; x_wconf 88' lang='lat' dir='ltr'><strong>amisisse</strong></span> <span class='ocrx_word' id='word_1_542' title='bbox 2359 2855 2410 2899; x_wconf 90' lang='lat' dir='ltr'><strong>et</strong></span> <span class='ocrx_word' id='word_1_543' title='bbox 2431 2847 2572 2900; x_wconf 88' lang='lat' dir='ltr'><strong>lucra</strong></span> <span class='ocrx_word' id='word_1_544' title='bbox 2594 2848 2658 2900; x_wconf 90' lang='lat' dir='ltr'><strong>de</strong></span> <span class='ocrx_word' id='word_1_545' title='bbox 2685 2849 2831 2900; x_wconf 89' lang='lat' dir='ltr'><strong>vanis</strong></span> <span class='ocrx_word' id='word_1_546' title='bbox 2858 2850 3100 2918; x_wconf 78' lang='lat' dir='ltr'><strong>[damnis]</strong></span> <span class='ocrx_word' id='word_1_547' title='bbox 3126 2836 3376 2918; x_wconf 75' lang='lat' dir='ltr'><strong>quaerere.</strong></span> <span class='ocrx_word' id='word_1_548' title='bbox 3471 2919 3474 2922; x_wconf 22' lang='grc' dir='ltr'>λ</span> 
     </span>
    </p>
   </div>
   <div class='ocr_carea' id='block_1_74' title="bbox 1969 2931 3252 3004">
    <p class='ocr_par' dir='ltr' id='par_1_74' title="bbox 1969 2931 3252 3004">
     <span class='ocr_line' id='line_1_74' title="bbox 1969 2931 3252 3004; baseline 0.004 -21"><span class='ocrx_word' id='word_1_549' title='bbox 1969 2932 2018 2983; x_wconf 85' lang='grc'><strong>6.</strong></span> <span class='ocrx_word' id='word_1_550' title='bbox 2063 2931 2230 3000; x_wconf 59' lang='lat' dir='ltr'><strong>(Vala)</strong></span> <span class='ocrx_word' id='word_1_551' title='bbox 2262 2933 2335 2985; x_wconf 86' lang='lat' dir='ltr'><strong>De</strong></span> <span class='ocrx_word' id='word_1_552' title='bbox 2365 2935 2597 3001; x_wconf 80' lang='lat' dir='ltr'><strong>conjugio</strong></span> <span class='ocrx_word' id='word_1_553' title='bbox 2625 2951 2736 2986; x_wconf 86' lang='lat' dir='ltr'><strong>cum</strong></span> <span class='ocrx_word' id='word_1_554' title='bbox 2765 2937 3056 3004; x_wconf 80' lang='lat' dir='ltr'><strong>propinquis</strong></span> <span class='ocrx_word' id='word_1_555' title='bbox 3078 2933 3252 2988; x_wconf 73' lang='lat' dir='ltr'><strong>mixto.</strong></span> 
     </span>
    </p>
   </div>
   <div class='ocr_carea' id='block_1_75' title="bbox 1936 3009 3373 3092">
    <p class='ocr_par' dir='ltr' id='par_1_75' title="bbox 1936 3009 3373 3092">
     <span class='ocr_line' id='line_1_75' title="bbox 1936 3009 3373 3092; baseline 0.008 -27"><span class='ocrx_word' id='word_1_556' title='bbox 1936 3009 2000 3066; x_wconf 88' lang='lat' dir='ltr'><strong>Et</strong></span> <span class='ocrx_word' id='word_1_557' title='bbox 2021 3017 2225 3082; x_wconf 90' lang='lat' dir='ltr'><strong>quidem</strong></span> <span class='ocrx_word' id='word_1_558' title='bbox 2252 3020 2483 3083; x_wconf 64' lang='lat' dir='ltr'><strong>qumdam</strong></span> <span class='ocrx_word' id='word_1_559' title='bbox 2527 3021 2606 3072; x_wconf 76' lang='lat' dir='ltr'><strong>lex</strong></span> <span class='ocrx_word' id='word_1_560' title='bbox 2645 3021 2993 3074; x_wconf 84' lang='lat' dir='ltr'><strong>Romanorum</strong></span> <span class='ocrx_word' id='word_1_561' title='bbox 3043 3022 3119 3092; x_wconf 89' lang='lat' dir='ltr'><strong>[In</strong></span> <span class='ocrx_word' id='word_1_562' title='bbox 3143 3023 3373 3076; x_wconf 79' lang='lat' dir='ltr'><strong>Romana</strong></span> 
     </span>
    </p>
   </div>
   <div class='ocr_carea' id='block_1_76' title="bbox 1797 3074 3376 3172">
    <p class='ocr_par' dir='ltr' id='par_1_76' title="bbox 1797 3074 3376 3172">
     <span class='ocr_line' id='line_1_76' title="bbox 1797 3074 3376 3172; baseline 0.006 -19"><span class='ocrx_word' id='word_1_563' title='bbox 1797 3074 1842 3133; x_wconf 64' lang='grc' dir='ltr'>ο</span> <span class='ocrx_word' id='word_1_564' title='bbox 1877 3101 2160 3172; x_wconf 86' lang='lat' dir='ltr'><strong>republica]</strong></span> <span class='ocrx_word' id='word_1_565' title='bbox 2185 3105 2457 3169; x_wconf 90' lang='lat' dir='ltr'><strong>permittit,</strong></span> <span class='ocrx_word' id='word_1_566' title='bbox 2484 3113 2538 3156; x_wconf 90' lang='lat' dir='ltr'><strong>ut</strong></span> <span class='ocrx_word' id='word_1_567' title='bbox 2575 3107 2683 3158; x_wconf 88' lang='lat' dir='ltr'><strong>sive</strong></span> <span class='ocrx_word' id='word_1_568' title='bbox 2718 3106 2923 3168; x_wconf 89' lang='lat' dir='ltr'><strong>fratris,</strong></span> <span class='ocrx_word' id='word_1_569' title='bbox 2950 3117 3001 3160; x_wconf 90' lang='lat' dir='ltr'><strong>et</strong></span> <span class='ocrx_word' id='word_1_570' title='bbox 3044 3074 3256 3170; x_wconf 68' lang='lat' dir='ltr'><strong>sororis,</strong></span> <span class='ocrx_word' id='word_1_571' title='bbox 3287 3126 3376 3162; x_wconf 82' lang='lat' dir='ltr'><strong>seu</strong></span> 
     </span>
    </p>
   </div>
   <div class='ocr_carea' id='block_1_77' title="bbox 1877 3192 3380 3260">
    <p class='ocr_par' dir='ltr' id='par_1_77' title="bbox 1877 3192 3380 3260">
     <span class='ocr_line' id='line_1_77' title="bbox 1877 3192 3380 3260; baseline 0.005 -17"><span class='ocrx_word' id='word_1_572' title='bbox 1877 3192 2096 3244; x_wconf 89' lang='lat' dir='ltr'><strong>duorum</strong></span> <span class='ocrx_word' id='word_1_573' title='bbox 2121 3206 2502 3260; x_wconf 85' lang='lat' dir='ltr'><strong>germanorum,</strong></span> <span class='ocrx_word' id='word_1_574' title='bbox 2521 3192 2598 3246; x_wconf 86' lang='lat' dir='ltr'><strong>vel</strong></span> <span class='ocrx_word' id='word_1_575' title='bbox 2621 3195 2838 3246; x_wconf 89' lang='lat' dir='ltr'><strong>duarum</strong></span> <span class='ocrx_word' id='word_1_576' title='bbox 2869 3211 3104 3248; x_wconf 87' lang='lat' dir='ltr'><strong>sororum</strong></span> <span class='ocrx_word' id='word_1_577' title='bbox 3154 3197 3288 3250; x_wconf 85' lang='lat' dir='ltr'><strong>filius</strong></span> <span class='ocrx_word' id='word_1_578' title='bbox 3328 3203 3380 3249; x_wconf 87' lang='lat' dir='ltr'><strong>et</strong></span> 
     </span>
    </p>
   </div>
   <div class='ocr_carea' id='block_1_78' title="bbox 1875 3278 3378 3347">
    <p class='ocr_par' dir='ltr' id='par_1_78' title="bbox 1875 3278 3378 3347">
     <span class='ocr_line' id='line_1_78' title="bbox 1875 3278 3378 3347; baseline 0.003 -17"><span class='ocrx_word' id='word_1_579' title='bbox 1875 3278 1979 3331; x_wconf 82' lang='lat' dir='ltr'><strong>filia</strong></span> <span class='ocrx_word' id='word_1_580' title='bbox 2001 3280 2334 3343; x_wconf 84' lang='lat' dir='ltr'><strong>misceantur.</strong></span> <span class='ocrx_word' id='word_1_581' title='bbox 2370 3279 2470 3332; x_wconf 91' lang='lat' dir='ltr'><strong>Sed</strong></span> <span class='ocrx_word' id='word_1_582' title='bbox 2495 3282 2850 3347; x_wconf 82' lang='lat' dir='ltr'><strong>experimento</strong></span> <span class='ocrx_word' id='word_1_583' title='bbox 2875 3279 3165 3342; x_wconf 84' lang='lat' dir='ltr'><strong>didicimus,</strong></span> <span class='ocrx_word' id='word_1_584' title='bbox 3190 3298 3253 3336; x_wconf 79' lang='lat' dir='ltr'><strong>ex</strong></span> <span class='ocrx_word' id='word_1_585' title='bbox 3289 3285 3378 3335; x_wconf 92' lang='lat' dir='ltr'><strong>tali</strong></span> 
     </span>
    </p>
   </div>
   <div class='ocr_carea' id='block_1_79' title="bbox 1872 3362 3378 3433">
    <p class='ocr_par' dir='ltr' id='par_1_79' title="bbox 1872 3362 3378 3433">
     <span class='ocr_line' id='line_1_79' title="bbox 1872 3362 3378 3433; baseline 0.003 -18"><span class='ocrx_word' id='word_1_586' title='bbox 1872 3362 2110 3429; x_wconf 88' lang='lat' dir='ltr'><strong>conjugio</strong></span> <span class='ocrx_word' id='word_1_587' title='bbox 2129 3363 2356 3416; x_wconf 88' lang='lat' dir='ltr'><strong>sobolem</strong></span> <span class='ocrx_word' id='word_1_588' title='bbox 2398 3379 2498 3416; x_wconf 87' lang='lat' dir='ltr'><strong>non</strong></span> <span class='ocrx_word' id='word_1_589' title='bbox 2521 3378 2672 3431; x_wconf 92' lang='lat' dir='ltr'><strong>posse</strong></span> <span class='ocrx_word' id='word_1_590' title='bbox 2693 3381 3034 3433; x_wconf 87' lang='lat' dir='ltr'><strong>succrescere.</strong></span> <span class='ocrx_word' id='word_1_591' title='bbox 3070 3366 3087 3403; x_wconf 72' lang='grc' dir='ltr'>ί</span> <span class='ocrx_word' id='word_1_592' title='bbox 3120 3367 3261 3420; x_wconf 81' lang='lat' dir='ltr'><strong>Unde</strong></span> <span class='ocrx_word' id='word_1_593' title='bbox 3287 3384 3378 3419; x_wconf 88' lang='lat' dir='ltr'><strong>ne-</strong></span> 
     </span>
    </p>
   </div>
   <div class='ocr_carea' id='block_1_80' title="bbox 1871 3449 3375 3518">
    <p class='ocr_par' dir='ltr' id='par_1_80' title="bbox 1871 3449 3375 3518">
     <span class='ocr_line' id='line_1_80' title="bbox 1871 3449 3375 3518; baseline 0.001 -16"><span class='ocrx_word' id='word_1_594' title='bbox 1871 3463 2015 3502; x_wconf 79' lang='lat' dir='ltr'><strong>oesse</strong></span> <span class='ocrx_word' id='word_1_595' title='bbox 2035 3457 2132 3512; x_wconf 87' lang='lat' dir='ltr'><strong>est,</strong></span> <span class='ocrx_word' id='word_1_596' title='bbox 2166 3450 2323 3502; x_wconf 91' lang='lat' dir='ltr'><strong>etiam</strong></span> <span class='ocrx_word' id='word_1_597' title='bbox 2350 3449 2500 3502; x_wconf 89' lang='lat' dir='ltr'><strong>tertia</strong></span> <span class='ocrx_word' id='word_1_598' title='bbox 2524 3450 2603 3502; x_wconf 89' lang='lat' dir='ltr'><strong>vel</strong></span> <span class='ocrx_word' id='word_1_599' title='bbox 2641 3453 2665 3489; x_wconf 73' lang='grc' dir='ltr'>ε</span> <span class='ocrx_word' id='word_1_600' title='bbox 2693 3461 2876 3518; x_wconf 90' lang='lat' dir='ltr'><strong>quarta</strong></span> <span class='ocrx_word' id='word_1_601' title='bbox 2900 3453 3228 3518; x_wconf 67' lang='lat' dir='ltr'><strong>generatione</strong></span> <span class='ocrx_word' id='word_1_602' title='bbox 3252 3452 3375 3505; x_wconf 85' lang='lat' dir='ltr'><strong>lide-</strong></span> 
     </span>
    </p>
   </div>
   <div class='ocr_carea' id='block_1_81' title="bbox 1871 3537 3382 3607">
    <p class='ocr_par' dir='ltr' id='par_1_81' title="bbox 1871 3537 3382 3607">
     <span class='ocr_line' id='line_1_81' title="bbox 1871 3537 3382 3607; baseline 0.002 -19"><span class='ocrx_word' id='word_1_603' title='bbox 1871 3537 1946 3590; x_wconf 89' lang='lat' dir='ltr'><strong>les</strong></span> <span class='ocrx_word' id='word_1_604' title='bbox 1968 3537 2186 3590; x_wconf 88' lang='lat' dir='ltr'><strong>licenter</strong></span> <span class='ocrx_word' id='word_1_605' title='bbox 2209 3537 2545 3606; x_wconf 89' lang='lat' dir='ltr'><strong>conjungere.</strong></span> <span class='ocrx_word' id='word_1_606' title='bbox 2569 3537 2697 3589; x_wconf 82' lang='lat' dir='ltr'><strong>Nam</strong></span> <span class='ocrx_word' id='word_1_607' title='bbox 2733 3541 2958 3590; x_wconf 88' lang='lat' dir='ltr'><strong>secunda</strong></span> <span class='ocrx_word' id='word_1_608' title='bbox 2998 3555 3152 3604; x_wconf 89' lang='lat' dir='ltr'><strong>quam</strong></span> <span class='ocrx_word' id='word_1_609' title='bbox 3196 3539 3382 3607; x_wconf 73' lang='lat' dir='ltr'><strong>przedi-</strong></span> 
     </span>
    </p>
   </div>
   <div class='ocr_carea' id='block_1_82' title="bbox 1872 3621 3382 3693">
    <p class='ocr_par' dir='ltr' id='par_1_82' title="bbox 1872 3621 3382 3693">
     <span class='ocr_line' id='line_1_82' title="bbox 1872 3621 3382 3693; baseline 0.001 -18"><span class='ocrx_word' id='word_1_610' title='bbox 1872 3624 2040 3676; x_wconf 80' lang='lat' dir='ltr'><strong>ximus</strong></span> <span class='ocrx_word' id='word_1_611' title='bbox 2069 3625 2166 3676; x_wconf 87' lang='lat' dir='ltr'><strong>hac</strong></span> <span class='ocrx_word' id='word_1_612' title='bbox 2192 3640 2247 3676; x_wconf 89' lang='lat' dir='ltr'><strong>se</strong></span> <span class='ocrx_word' id='word_1_613' title='bbox 2274 3623 2323 3693; x_wconf 88' lang='lat' dir='ltr'><strong>[a</strong></span> <span class='ocrx_word' id='word_1_614' title='bbox 2350 3623 2426 3692; x_wconf 87' lang='lat' dir='ltr'><strong>se]</strong></span> <span class='ocrx_word' id='word_1_615' title='bbox 2455 3621 2753 3677; x_wconf 84' lang='lat' dir='ltr'><strong>omnimodo</strong></span> <span class='ocrx_word' id='word_1_616' title='bbox 2774 3625 2924 3676; x_wconf 57' lang='lat' dir='ltr'><strong>debet</strong></span> <span class='ocrx_word' id='word_1_617' title='bbox 2949 3623 3226 3676; x_wconf 88' lang='lat' dir='ltr'><strong>abstinere.</strong></span> <span class='ocrx_word' id='word_1_618' title='bbox 3251 3624 3382 3677; x_wconf 88' lang='lat' dir='ltr'><strong>Cum</strong></span> 
     </span>
    </p>
   </div>
   <div class='ocr_carea' id='block_1_83' title="bbox 1869 3709 3379 3780">
    <p class='ocr_par' dir='ltr' id='par_1_83' title="bbox 1869 3709 3379 3780">
     <span class='ocr_line' id='line_1_83' title="bbox 1869 3709 3379 3780; baseline -0.001 -17"><span class='ocrx_word' id='word_1_619' title='bbox 1869 3727 2089 3764; x_wconf 87' lang='lat' dir='ltr'><strong>noverca</strong></span> <span class='ocrx_word' id='word_1_620' title='bbox 2113 3720 2282 3764; x_wconf 88' lang='lat' dir='ltr'><strong>autem</strong></span> <span class='ocrx_word' id='word_1_621' title='bbox 2307 3711 2532 3773; x_wconf 89' lang='lat' dir='ltr'><strong>misceri,</strong></span> <span class='ocrx_word' id='word_1_622' title='bbox 2557 3726 2711 3780; x_wconf 89' lang='lat' dir='ltr'><strong>grave</strong></span> <span class='ocrx_word' id='word_1_623' title='bbox 2732 3721 2809 3764; x_wconf 90' lang='lat' dir='ltr'><strong>est</strong></span> <span class='ocrx_word' id='word_1_624' title='bbox 2837 3709 3053 3772; x_wconf 84' lang='lat' dir='ltr'><strong>facinus,</strong></span> <span class='ocrx_word' id='word_1_625' title='bbox 3085 3711 3203 3776; x_wconf 85' lang='lat' dir='ltr'><strong>quia</strong></span> <span class='ocrx_word' id='word_1_626' title='bbox 3232 3709 3304 3778; x_wconf 91' lang='lat' dir='ltr'><strong>[et</strong></span> <span class='ocrx_word' id='word_1_627' title='bbox 3329 3712 3379 3763; x_wconf 91' lang='lat' dir='ltr'><strong>in</strong></span> 
     </span>
    </p>
   </div>
   <div class='ocr_carea' id='block_1_84' title="bbox 1871 3785 3381 3866">
    <p class='ocr_par' dir='ltr' id='par_1_84' title="bbox 1871 3785 3381 3866">
     <span class='ocr_line' id='line_1_84' title="bbox 1871 3785 3381 3866; baseline -0.001 -17"><span class='ocrx_word' id='word_1_628' title='bbox 1871 3797 2005 3866; x_wconf 88' lang='lat' dir='ltr'><strong>lege]</strong></span> <span class='ocrx_word' id='word_1_629' title='bbox 2030 3798 2279 3864; x_wconf 89' lang='lat' dir='ltr'><strong>scriptum</strong></span> <span class='ocrx_word' id='word_1_630' title='bbox 2303 3807 2410 3850; x_wconf 89' lang='lat' dir='ltr'><strong>est:</strong></span> <span class='ocrx_word' id='word_1_631' title='bbox 2431 3797 2809 3865; x_wconf 74' lang='lat' dir='ltr'><strong>Turpitudinem</strong></span> <span class='ocrx_word' id='word_1_632' title='bbox 2835 3797 2993 3864; x_wconf 84' lang='lat' dir='ltr'><strong>patris</strong></span> <span class='ocrx_word' id='word_1_633' title='bbox 3024 3798 3098 3848; x_wconf 88' lang='lat' dir='ltr'><strong>tui</strong></span> <span class='ocrx_word' id='word_1_634' title='bbox 3125 3811 3222 3848; x_wconf 83' lang='lat' dir='ltr'><strong>non</strong></span> <span class='ocrx_word' id='word_1_635' title='bbox 3250 3785 3381 3848; x_wconf 62' lang='lat' dir='ltr'><strong>rare-</strong></span> 
     </span>
    </p>
   </div>
   <div class='ocr_carea' id='block_1_85' title="bbox 1866 3882 3379 3951">
    <p class='ocr_par' dir='ltr' id='par_1_85' title="bbox 1866 3882 3379 3951">
     <span class='ocr_line' id='line_1_85' title="bbox 1866 3882 3379 3951; baseline 0 -17"><span class='ocrx_word' id='word_1_636' title='bbox 1866 3882 1994 3934; x_wconf 84' lang='lat' dir='ltr'><strong>labis</strong></span> <span class='ocrx_word' id='word_1_637' title='bbox 2020 3882 2170 3951; x_wconf 80' lang='lat' dir='ltr'><strong>(Var.</strong></span> <span class='ocrx_word' id='word_1_638' title='bbox 2191 3891 2237 3935; x_wconf 82' lang='lat' dir='ltr'><strong>et</strong></span> <span class='ocrx_word' id='word_1_639' title='bbox 2263 3882 2407 3950; x_wconf 79' lang='lat' dir='ltr'><strong>add.)</strong></span> <span class='ocrx_word' id='word_1_640' title='bbox 2432 3883 2493 3934; x_wconf 89' lang='lat' dir='ltr'><strong>Et</strong></span> <span class='ocrx_word' id='word_1_641' title='bbox 2517 3883 2605 3949; x_wconf 89' lang='lat' dir='ltr'><strong>qui</strong></span> <span class='ocrx_word' id='word_1_642' title='bbox 2641 3883 3007 3949; x_wconf 88' lang='lat' dir='ltr'><strong>turpitudinem</strong></span> <span class='ocrx_word' id='word_1_643' title='bbox 3036 3898 3268 3936; x_wconf 71' lang='lat' dir='ltr'><strong>noverca:</strong></span> <span class='ocrx_word' id='word_1_644' title='bbox 3303 3898 3379 3934; x_wconf 81' lang='lat' dir='ltr'><strong>re.-</strong></span> 
     </span>
    </p>
   </div>
   <div class='ocr_carea' id='block_1_86' title="bbox 1868 3968 3378 4036">
    <p class='ocr_par' dir='ltr' id='par_1_86' title="bbox 1868 3968 3378 4036">
     <span class='ocr_line' id='line_1_86' title="bbox 1868 3968 3378 4036; baseline 0.001 -17"><span class='ocrx_word' id='word_1_645' title='bbox 1868 3968 2024 4030; x_wconf 89' lang='lat' dir='ltr'><strong>velat,</strong></span> <span class='ocrx_word' id='word_1_646' title='bbox 2053 3968 2420 4035; x_wconf 88' lang='lat' dir='ltr'><strong>turpitudinem</strong></span> <span class='ocrx_word' id='word_1_647' title='bbox 2442 3969 2606 4035; x_wconf 87' lang='lat' dir='ltr'><strong>patris</strong></span> <span class='ocrx_word' id='word_1_648' title='bbox 2634 3969 2846 4031; x_wconf 86' lang='lat' dir='ltr'><strong>revelat,</strong></span> <span class='ocrx_word' id='word_1_649' title='bbox 2863 3983 2979 4021; x_wconf 89' lang='lat' dir='ltr'><strong>cum</strong></span> <span class='ocrx_word' id='word_1_650' title='bbox 3007 3983 3106 4036; x_wconf 89' lang='lat' dir='ltr'><strong>qua</strong></span> <span class='ocrx_word' id='word_1_651' title='bbox 3129 3984 3228 4021; x_wconf 92' lang='lat' dir='ltr'><strong>una</strong></span> <span class='ocrx_word' id='word_1_652' title='bbox 3255 3985 3378 4023; x_wconf 90' lang='lat' dir='ltr'><strong>caro</strong></span> 
     </span>
    </p>
   </div>
   <div class='ocr_carea' id='block_1_87' title="bbox 1871 4054 3377 4124">
    <p class='ocr_par' dir='ltr' id='par_1_87' title="bbox 1871 4054 3377 4124">
     <span class='ocr_line' id='line_1_87' title="bbox 1871 4054 3377 4124; baseline 0.001 -17"><span class='ocrx_word' id='word_1_653' title='bbox 1871 4057 2062 4107; x_wconf 86' lang='lat' dir='ltr'><strong>dudum</strong></span> <span class='ocrx_word' id='word_1_654' title='bbox 2091 4055 2203 4108; x_wconf 91' lang='lat' dir='ltr'><strong>fuit.</strong></span> <span class='ocrx_word' id='word_1_655' title='bbox 2232 4054 2386 4124; x_wconf 78' lang='lat' dir='ltr'><strong>(Add.</strong></span> <span class='ocrx_word' id='word_1_656' title='bbox 2411 4066 2458 4107; x_wconf 86' lang='lat' dir='ltr'><strong>et</strong></span> <span class='ocrx_word' id='word_1_657' title='bbox 2493 4055 2637 4124; x_wconf 84' lang='lat' dir='ltr'><strong>Var.)</strong></span> <span class='ocrx_word' id='word_1_658' title='bbox 2663 4056 2891 4124; x_wconf 89' lang='lat' dir='ltr'><strong>Cognata</strong></span> <span class='ocrx_word' id='word_1_659' title='bbox 2915 4072 3038 4110; x_wconf 86' lang='lat' dir='ltr'><strong>vero</strong></span> <span class='ocrx_word' id='word_1_660' title='bbox 3064 4056 3377 4124; x_wconf 83' lang='lat' dir='ltr'><strong>perconjuu—</strong></span> 
     </span>
    </p>
   </div>
   <div class='ocr_carea' id='block_1_88' title="bbox 1867 4142 3378 4197">
    <p class='ocr_par' dir='ltr' id='par_1_88' title="bbox 1867 4142 3378 4197">
     <span class='ocr_line' id='line_1_88' title="bbox 1867 4142 3378 4197; baseline 0 -3"><span class='ocrx_word' id='word_1_661' title='bbox 1867 4143 2090 4195; x_wconf 82' lang='lat' dir='ltr'><strong>ctionein</strong></span> <span class='ocrx_word' id='word_1_662' title='bbox 2107 4142 2284 4194; x_wconf 87' lang='lat' dir='ltr'><strong>fratris</strong></span> <span class='ocrx_word' id='word_1_663' title='bbox 2301 4143 2372 4194; x_wconf 91' lang='lat' dir='ltr'><strong>tui</strong></span> <span class='ocrx_word' id='word_1_664' title='bbox 2395 4157 2543 4197; x_wconf 89' lang='lat' dir='ltr'><strong>soror</strong></span> <span class='ocrx_word' id='word_1_665' title='bbox 2564 4150 2649 4194; x_wconf 90' lang='lat' dir='ltr'><strong>tua</strong></span> <span class='ocrx_word' id='word_1_666' title='bbox 2665 4142 2798 4194; x_wconf 90' lang='lat' dir='ltr'><strong>facta</strong></span> <span class='ocrx_word' id='word_1_667' title='bbox 2814 4152 2914 4196; x_wconf 90' lang='lat' dir='ltr'><strong>est.</strong></span> <span class='ocrx_word' id='word_1_668' title='bbox 2931 4144 2952 4180; x_wconf 67' lang='grc' dir='ltr'>δ</span> <span class='ocrx_word' id='word_1_669' title='bbox 2974 4143 3027 4195; x_wconf 92' lang='lat' dir='ltr'><strong>Si</strong></span> <span class='ocrx_word' id='word_1_670' title='bbox 3053 4157 3175 4195; x_wconf 89' lang='lat' dir='ltr'><strong>vero</strong></span> <span class='ocrx_word' id='word_1_671' title='bbox 3201 4144 3251 4194; x_wconf 92' lang='lat' dir='ltr'><strong>in</strong></span> <span class='ocrx_word' id='word_1_672' title='bbox 3274 4142 3378 4194; x_wconf 86' lang='lat' dir='ltr'><strong>An-</strong></span> 
     </span>
    </p>
   </div>
   <div class='ocr_carea' id='block_1_89' title="bbox 1866 4226 3378 4296">
    <p class='ocr_par' dir='ltr' id='par_1_89' title="bbox 1866 4226 3378 4296">
     <span class='ocr_line' id='line_1_89' title="bbox 1866 4226 3378 4296; baseline 0.001 -18"><span class='ocrx_word' id='word_1_673' title='bbox 1866 4228 2066 4296; x_wconf 88' lang='lat' dir='ltr'><strong>glorum</strong></span> <span class='ocrx_word' id='word_1_674' title='bbox 2089 4235 2260 4296; x_wconf 91' lang='lat' dir='ltr'><strong>gente,</strong></span> <span class='ocrx_word' id='word_1_675' title='bbox 2285 4226 2460 4295; x_wconf 75' lang='grc' dir='ltr'><em>(ναν.)</em></span> <span class='ocrx_word' id='word_1_676' title='bbox 2483 4228 2602 4278; x_wconf 91' lang='lat' dir='ltr'><strong>dum</strong></span> <span class='ocrx_word' id='word_1_677' title='bbox 2627 4236 2764 4280; x_wconf 86' lang='lat' dir='ltr'><strong>esset</strong></span> <span class='ocrx_word' id='word_1_678' title='bbox 2791 4230 2842 4281; x_wconf 93' lang='lat' dir='ltr'><strong>in</strong></span> <span class='ocrx_word' id='word_1_679' title='bbox 2871 4229 3190 4290; x_wconf 82' lang='lat' dir='ltr'><strong>inﬁdelitate,</strong></span> <span class='ocrx_word' id='word_1_680' title='bbox 3221 4229 3378 4294; x_wconf 89' lang='lat' dir='ltr'><strong>aliqui</strong></span> 
     </span>
    </p>
   </div>
   <div class='ocr_carea' id='block_1_90' title="bbox 257 4313 3378 4404">
    <p class='ocr_par' dir='ltr' id='par_1_90' title="bbox 257 4313 3378 4404">
     <span class='ocr_line' id='line_1_90' title="bbox 257 4313 3378 4404; baseline 0 -36"><span class='ocrx_word' id='word_1_681' title='bbox 257 4317 383 4368; x_wconf 89' lang='lat' dir='ltr'><strong>mihi</strong></span> <span class='ocrx_word' id='word_1_682' title='bbox 420 4316 606 4384; x_wconf 87' lang='lat' dir='ltr'><strong>placet,</strong></span> <span class='ocrx_word' id='word_1_683' title='bbox 643 4323 702 4368; x_wconf 88' lang='lat' dir='ltr'><strong>ut</strong></span> <span class='ocrx_word' id='word_1_684' title='bbox 735 4316 845 4370; x_wconf 78' lang='lat' dir='ltr'><strong>sive</strong></span> <span class='ocrx_word' id='word_1_685' title='bbox 871 4317 922 4368; x_wconf 93' lang='lat' dir='ltr'><strong>in</strong></span> <span class='ocrx_word' id='word_1_686' title='bbox 955 4315 1208 4379; x_wconf 82' lang='lat' dir='ltr'><strong>Romana,</strong></span> <span class='ocrx_word' id='word_1_687' title='bbox 1237 4317 1345 4369; x_wconf 89' lang='lat' dir='ltr'><strong>sive</strong></span> <span class='ocrx_word' id='word_1_688' title='bbox 1387 4317 1437 4368; x_wconf 92' lang='lat' dir='ltr'><strong>in</strong></span> <span class='ocrx_word' id='word_1_689' title='bbox 1462 4317 1762 4374; x_wconf 85' lang='lat' dir='ltr'><strong>Galliarum.</strong></span> <span class='ocrx_word' id='word_1_690' title='bbox 1794 4347 1840 4404; x_wconf 76' lang='grc' dir='ltr'>υ</span> <span class='ocrx_word' id='word_1_691' title='bbox 1869 4316 1989 4368; x_wconf 88' lang='lat' dir='ltr'><strong>huic</strong></span> <span class='ocrx_word' id='word_1_692' title='bbox 2031 4316 2252 4368; x_wconf 79' lang='lat' dir='ltr'><strong>nefando</strong></span> <span class='ocrx_word' id='word_1_693' title='bbox 2300 4314 2538 4382; x_wconf 71' lang='lat' dir='ltr'><strong>coniugio</strong></span> <span class='ocrx_word' id='word_1_694' title='bbox 2564 4313 2774 4367; x_wconf 89' lang='lat' dir='ltr'><strong>fuerunt</strong></span> <span class='ocrx_word' id='word_1_695' title='bbox 2810 4316 3043 4376; x_wconf 72' lang='lat' dir='ltr'><strong>admixti,</strong></span> <span class='ocrx_word' id='word_1_696' title='bbox 3070 4318 3378 4403; x_wconf 82' lang='lat' dir='ltr'><strong>admonendi</strong></span> 
     </span>
    </p>
   </div>
   <div class='ocr_carea' id='block_1_91' title="bbox 254 4399 1763 4476">
    <p class='ocr_par' dir='ltr' id='par_1_91' title="bbox 254 4399 1763 4476">
     <span class='ocr_line' id='line_1_91' title="bbox 254 4399 1763 4476; baseline -0.001 -20"><span class='ocrx_word' id='word_1_697' title='bbox 254 4404 367 4456; x_wconf 85' lang='lat' dir='ltr'><strong>sive</strong></span> <span class='ocrx_word' id='word_1_698' title='bbox 394 4403 444 4456; x_wconf 90' lang='lat' dir='ltr'><strong>in</strong></span> <span class='ocrx_word' id='word_1_699' title='bbox 469 4401 698 4470; x_wconf 87' lang='lat' dir='ltr'><strong>qualibet</strong></span> <span class='ocrx_word' id='word_1_700' title='bbox 718 4399 948 4455; x_wconf 88' lang='lat' dir='ltr'><strong>Ecclesia</strong></span> <span class='ocrx_word' id='word_1_701' title='bbox 981 4401 1174 4470; x_wconf 90' lang='lat' dir='ltr'><strong>aliquid</strong></span> <span class='ocrx_word' id='word_1_702' title='bbox 1200 4403 1439 4456; x_wconf 81' lang='lat' dir='ltr'><strong>invenisti</strong></span> <span class='ocrx_word' id='word_1_703' title='bbox 1478 4403 1612 4476; x_wconf 87' lang='lat' dir='ltr'><strong>quod</strong></span> <span class='ocrx_word' id='word_1_704' title='bbox 1650 4403 1763 4470; x_wconf 92' lang='lat' dir='ltr'><strong>plus</strong></span> 
     </span>
    </p>
   </div>
   <div class='ocr_carea' id='block_1_92' title="bbox 293 4546 1761 4668">
    <p class='ocr_par' dir='ltr' id='par_1_92' title="bbox 293 4546 1761 4668">
     <span class='ocr_line' id='line_1_92' title="bbox 293 4546 1761 4668; baseline 0.003 -70"><span class='ocrx_word' id='word_1_705' title='bbox 293 4562 351 4668; x_wconf 66' lang='lat'><strong>&quot;-</strong></span> <span class='ocrx_word' id='word_1_706' title='bbox 381 4549 506 4668; x_wconf 47' lang='grc' dir='ltr'><strong>ἔξω</strong></span> <span class='ocrx_word' id='word_1_707' title='bbox 533 4548 652 4603; x_wconf 88' lang='lat' dir='ltr'><strong>edd.</strong></span> <span class='ocrx_word' id='word_1_708' title='bbox 680 4548 794 4603; x_wconf 76' lang='grc' dir='ltr'><strong>νεά.</strong></span> <span class='ocrx_word' id='word_1_709' title='bbox 821 4548 1024 4616; x_wconf 89' lang='lat' dir='ltr'><strong>epistol.</strong></span> <span class='ocrx_word' id='word_1_710' title='bbox 1052 4547 1112 4601; x_wconf 76' lang='lat' dir='ltr'><strong>5i</strong></span> <span class='ocrx_word' id='word_1_711' title='bbox 1141 4548 1238 4604; x_wconf 67' lang='lat' dir='ltr'><strong>lib.</strong></span> <span class='ocrx_word' id='word_1_712' title='bbox 1263 4564 1335 4602; x_wconf 79' lang='lat' dir='ltr'><strong>xu</strong></span> <span class='ocrx_word' id='word_1_713' title='bbox 1367 4546 1560 4618; x_wconf 81' lang='lat' dir='ltr'><strong>Reg&#39;ist.</strong></span> <span class='ocrx_word' id='word_1_714' title='bbox 1610 4551 1761 4618; x_wconf 89' lang='lat' dir='ltr'><strong>epist.</strong></span> 
     </span>
    </p>
   </div>
   <div class='ocr_carea' id='block_1_93' title="bbox 256 4625 464 4670">
    <p class='ocr_par' dir='ltr' id='par_1_93' title="bbox 256 4625 464 4670">
     <span class='ocr_line' id='line_1_93' title="bbox 256 4625 464 4670; baseline -0.014 -1"><span class='ocrx_word' id='word_1_715' title='bbox 256 4625 352 4670; x_wconf 87' lang='lat' dir='ltr'><strong>ult.</strong></span> <span class='ocrx_word' id='word_1_716' title='bbox 381 4625 464 4668; x_wconf 86' lang='lat' dir='ltr'><strong>ed.</strong></span> 
     </span>
    </p>
   </div>
   <div class='ocr_carea' id='block_1_94' title="bbox 327 4681 1762 4752">
    <p class='ocr_par' dir='ltr' id='par_1_94' title="bbox 327 4681 1762 4752">
     <span class='ocr_line' id='line_1_94' title="bbox 327 4681 1762 4752; baseline 0 -17"><span class='ocrx_word' id='word_1_717' title='bbox 327 4685 355 4724; x_wconf 69' lang='grc' dir='ltr'>δ</span> <span class='ocrx_word' id='word_1_718' title='bbox 372 4683 621 4752; x_wconf 68' lang='grc' dir='ltr'><strong>Ωιιωάειω</strong></span> <span class='ocrx_word' id='word_1_719' title='bbox 641 4681 760 4752; x_wconf 71' lang='lat' dir='ltr'><strong>add.</strong></span> <span class='ocrx_word' id='word_1_720' title='bbox 787 4682 842 4735; x_wconf 92' lang='lat' dir='ltr'><strong>in</strong></span> <span class='ocrx_word' id='word_1_721' title='bbox 862 4681 979 4736; x_wconf 90' lang='lat' dir='ltr'><strong>edd.</strong></span> <span class='ocrx_word' id='word_1_722' title='bbox 1001 4682 1200 4737; x_wconf 89' lang='lat' dir='ltr'><strong>scilicet</strong></span> <span class='ocrx_word' id='word_1_723' title='bbox 1217 4683 1516 4751; x_wconf 81' lang='lat' dir='ltr'><strong>interrogat.</strong></span> <span class='ocrx_word' id='word_1_724' title='bbox 1547 4683 1762 4752; x_wconf 78' lang='lat' dir='ltr'><strong>August.</strong></span> 
     </span>
    </p>
   </div>
   <div class='ocr_carea' id='block_1_95' title="bbox 254 4749 878 4828">
    <p class='ocr_par' dir='ltr' id='par_1_95' title="bbox 254 4749 878 4828">
     <span class='ocr_line' id='line_1_95' title="bbox 254 4749 878 4828; baseline -0.005 -23"><span class='ocrx_word' id='word_1_725' title='bbox 254 4761 312 4806; x_wconf 86' lang='lat' dir='ltr'><strong>et</strong></span> <span class='ocrx_word' id='word_1_726' title='bbox 336 4751 457 4828; x_wconf 57' lang='lat' dir='ltr'><strong>alia,</strong></span> <span class='ocrx_word' id='word_1_727' title='bbox 483 4757 628 4828; x_wconf 54' lang='grc' dir='ltr'><strong>θακε-</strong></span> <span class='ocrx_word' id='word_1_728' title='bbox 641 4751 694 4803; x_wconf 93' lang='lat' dir='ltr'><strong>in</strong></span> <span class='ocrx_word' id='word_1_729' title='bbox 721 4749 878 4828; x_wconf 59' lang='lat' dir='ltr'><strong>Resp.</strong></span> 
     </span>
    </p>
   </div>
   <div class='ocr_carea' id='block_1_96' title="bbox 331 4816 1766 4872">
    <p class='ocr_par' dir='ltr' id='par_1_96' title="bbox 331 4816 1766 4872">
     <span class='ocr_line' id='line_1_96' title="bbox 331 4816 1766 4872; baseline 0 -2"><span class='ocrx_word' id='word_1_730' title='bbox 331 4830 352 4857; x_wconf 77' lang='grc' dir='ltr'><strong>ε</strong></span> <span class='ocrx_word' id='word_1_731' title='bbox 379 4817 566 4872; x_wconf 83' lang='lat' dir='ltr'><strong>Petrus</strong></span> <span class='ocrx_word' id='word_1_732' title='bbox 590 4816 995 4870; x_wconf 62' lang='lat' dir='ltr'><strong>Gussanvillaaus</strong></span> <span class='ocrx_word' id='word_1_733' title='bbox 1022 4824 1162 4869; x_wconf 90' lang='lat' dir='ltr'><strong>recte</strong></span> <span class='ocrx_word' id='word_1_734' title='bbox 1197 4817 1560 4870; x_wconf 79' lang='lat' dir='ltr'><strong>animadvertit</strong></span> <span class='ocrx_word' id='word_1_735' title='bbox 1591 4819 1639 4870; x_wconf 93' lang='lat' dir='ltr'><strong>in</strong></span> <span class='ocrx_word' id='word_1_736' title='bbox 1683 4818 1766 4870; x_wconf 85' lang='lat' dir='ltr'><strong>illa</strong></span> 
     </span>
    </p>
   </div>
   <div class='ocr_carea' id='block_1_97' title="bbox 256 4883 1765 4954">
    <p class='ocr_par' dir='ltr' id='par_1_97' title="bbox 256 4883 1765 4954">
     <span class='ocr_line' id='line_1_97' title="bbox 256 4883 1765 4954; baseline -0.001 -15"><span class='ocrx_word' id='word_1_737' title='bbox 256 4886 478 4954; x_wconf 85' lang='lat' dir='ltr'><strong>epistola</strong></span> <span class='ocrx_word' id='word_1_738' title='bbox 501 4885 671 4954; x_wconf 87' lang='lat' dir='ltr'><strong>aliqua</strong></span> <span class='ocrx_word' id='word_1_739' title='bbox 711 4899 825 4936; x_wconf 86' lang='lat' dir='ltr'><strong>esse</strong></span> <span class='ocrx_word' id='word_1_740' title='bbox 863 4899 978 4951; x_wconf 63' lang='lat' dir='ltr'><strong>quae</strong></span> <span class='ocrx_word' id='word_1_741' title='bbox 1003 4898 1031 4935; x_wconf 89' lang='lat' dir='ltr'><strong>a</strong></span> <span class='ocrx_word' id='word_1_742' title='bbox 1053 4886 1208 4954; x_wconf 84' lang='lat' dir='ltr'><strong>genio</strong></span> <span class='ocrx_word' id='word_1_743' title='bbox 1234 4883 1289 4936; x_wconf 93' lang='lat' dir='ltr'><strong>S.</strong></span> <span class='ocrx_word' id='word_1_744' title='bbox 1321 4883 1568 4954; x_wconf 27' lang='lat' dir='ltr'><strong>‘Gregorii</strong></span> <span class='ocrx_word' id='word_1_745' title='bbox 1602 4885 1765 4938; x_wconf 87' lang='lat' dir='ltr'><strong>aliena</strong></span> 
     </span>
    </p>
   </div>
   <div class='ocr_carea' id='block_1_98' title="bbox 258 4951 1768 5028">
    <p class='ocr_par' dir='ltr' id='par_1_98' title="bbox 258 4951 1768 5028">
     <span class='ocr_line' id='line_1_98' title="bbox 258 4951 1768 5028; baseline 0.001 -24"><span class='ocrx_word' id='word_1_746' title='bbox 258 4951 518 5028; x_wconf 77' lang='lat' dir='ltr'><strong>videntur.</strong></span> <span class='ocrx_word' id='word_1_747' title='bbox 535 4951 721 5028; x_wconf 59' lang='lat' dir='ltr'><strong>Quare</strong></span> <span class='ocrx_word' id='word_1_748' title='bbox 744 4963 804 5003; x_wconf 78' lang='lat' dir='ltr'><strong>ea</strong></span> <span class='ocrx_word' id='word_1_749' title='bbox 834 4952 1119 5028; x_wconf 66' lang='lat' dir='ltr'><strong>praesertim</strong></span> <span class='ocrx_word' id='word_1_750' title='bbox 1147 4951 1364 5028; x_wconf 82' lang='lat' dir='ltr'><strong>notanda</strong></span> <span class='ocrx_word' id='word_1_751' title='bbox 1392 4951 1647 5028; x_wconf 60' lang='lat' dir='ltr'><strong>suntqua:</strong></span> <span class='ocrx_word' id='word_1_752' title='bbox 1665 4969 1768 5028; x_wconf 78' lang='lat' dir='ltr'><strong>non</strong></span> 
     </span>
    </p>
   </div>
   <div class='ocr_carea' id='block_1_99' title="bbox 258 5019 1764 5086">
    <p class='ocr_par' dir='ltr' id='par_1_99' title="bbox 258 5019 1764 5086">
     <span class='ocr_line' id='line_1_99' title="bbox 258 5019 1764 5086; baseline -0.002 -12"><span class='ocrx_word' id='word_1_753' title='bbox 258 5020 445 5086; x_wconf 85' lang='lat' dir='ltr'><strong>recipit</strong></span> <span class='ocrx_word' id='word_1_754' title='bbox 471 5019 708 5072; x_wconf 87' lang='lat' dir='ltr'><strong>collectio</strong></span> <span class='ocrx_word' id='word_1_755' title='bbox 743 5019 1102 5084; x_wconf 89' lang='lat' dir='ltr'><strong>antiquissima</strong></span> <span class='ocrx_word' id='word_1_756' title='bbox 1134 5027 1188 5070; x_wconf 88' lang='lat' dir='ltr'><strong>et</strong></span> <span class='ocrx_word' id='word_1_757' title='bbox 1226 5019 1618 5086; x_wconf 86' lang='lat' dir='ltr'><strong>accuratissima</strong></span> <span class='ocrx_word' id='word_1_758' title='bbox 1651 5021 1764 5073; x_wconf 92' lang='lat' dir='ltr'><strong>cod.</strong></span> 
     </span>
    </p>
   </div>
   <div class='ocr_carea' id='block_1_100' title="bbox 260 5085 1766 5153">
    <p class='ocr_par' dir='ltr' id='par_1_100' title="bbox 260 5085 1766 5153">
     <span class='ocr_line' id='line_1_100' title="bbox 260 5085 1766 5153; baseline -0.001 -13"><span class='ocrx_word' id='word_1_759' title='bbox 260 5085 408 5150; x_wconf 81' lang='lat' dir='ltr'><strong>ller.,</strong></span> <span class='ocrx_word' id='word_1_760' title='bbox 433 5101 549 5139; x_wconf 89' lang='lat' dir='ltr'><strong>cum</strong></span> <span class='ocrx_word' id='word_1_761' title='bbox 573 5101 637 5138; x_wconf 76' lang='lat' dir='ltr'><strong>ex</strong></span> <span class='ocrx_word' id='word_1_762' title='bbox 660 5086 787 5152; x_wconf 90' lang='lat' dir='ltr'><strong>ipsis</strong></span> <span class='ocrx_word' id='word_1_763' title='bbox 808 5093 984 5153; x_wconf 85' lang='lat' dir='ltr'><strong>pateat</strong></span> <span class='ocrx_word' id='word_1_764' title='bbox 1007 5101 1242 5150; x_wconf 77' lang='lat' dir='ltr'><strong>quamam</strong></span> <span class='ocrx_word' id='word_1_765' title='bbox 1271 5087 1322 5137; x_wconf 90' lang='lat' dir='ltr'><strong>in</strong></span> <span class='ocrx_word' id='word_1_766' title='bbox 1350 5085 1432 5137; x_wconf 84' lang='lat' dir='ltr'><strong>ed.</strong></span> <span class='ocrx_word' id='word_1_767' title='bbox 1464 5086 1766 5141; x_wconf 82' lang='lat' dir='ltr'><strong>redundent.</strong></span> 
     </span>
    </p>
   </div>
   <div class='ocr_carea' id='block_1_101' title="bbox 327 5151 1363 5218">
    <p class='ocr_par' dir='ltr' id='par_1_101' title="bbox 327 5151 1363 5218">
     <span class='ocr_line' id='line_1_101' title="bbox 327 5151 1363 5218; baseline -0.004 -12"><span class='ocrx_word' id='word_1_768' title='bbox 327 5153 352 5192; x_wconf 70' lang='grc' dir='ltr'><em>δ</em></span> <span class='ocrx_word' id='word_1_769' title='bbox 379 5153 434 5206; x_wconf 81' lang='lat' dir='ltr'><strong>In</strong></span> <span class='ocrx_word' id='word_1_770' title='bbox 455 5155 546 5207; x_wconf 88' lang='lat' dir='ltr'><strong>ult.</strong></span> <span class='ocrx_word' id='word_1_771' title='bbox 578 5154 660 5206; x_wconf 89' lang='lat' dir='ltr'><strong>ed.</strong></span> <span class='ocrx_word' id='word_1_772' title='bbox 680 5151 788 5205; x_wconf 77' lang='lat' dir='ltr'><strong>non</strong></span> <span class='ocrx_word' id='word_1_773' title='bbox 811 5151 1021 5218; x_wconf 79' lang='lat' dir='ltr'><strong>distiug.</strong></span> <span class='ocrx_word' id='word_1_774' title='bbox 1051 5167 1078 5202; x_wconf 91' lang='lat' dir='ltr'><strong>a</strong></span> <span class='ocrx_word' id='word_1_775' title='bbox 1105 5167 1216 5217; x_wconf 91' lang='lat' dir='ltr'><strong>sup.</strong></span> <span class='ocrx_word' id='word_1_776' title='bbox 1251 5167 1363 5218; x_wconf 86' lang='lat' dir='ltr'><strong>cap.</strong></span> 
     </span>
    </p>
   </div>
   <div class='ocr_carea' id='block_1_102' title="bbox 333 5217 1768 5274">
    <p class='ocr_par' dir='ltr' id='par_1_102' title="bbox 333 5217 1768 5274">
     <span class='ocr_line' id='line_1_102' title="bbox 333 5217 1768 5274; baseline -0.002 -1"><span class='ocrx_word' id='word_1_777' title='bbox 333 5233 356 5258; x_wconf 79' lang='grc' dir='ltr'><strong>ε</strong></span> <span class='ocrx_word' id='word_1_778' title='bbox 382 5221 454 5273; x_wconf 89' lang='lat' dir='ltr'><strong>De</strong></span> <span class='ocrx_word' id='word_1_779' title='bbox 483 5221 564 5274; x_wconf 89' lang='lat' dir='ltr'><strong>his</strong></span> <span class='ocrx_word' id='word_1_780' title='bbox 595 5222 664 5273; x_wconf 92' lang='lat' dir='ltr'><strong>ita</strong></span> <span class='ocrx_word' id='word_1_781' title='bbox 695 5220 854 5272; x_wconf 88' lang='lat' dir='ltr'><strong>sentit</strong></span> <span class='ocrx_word' id='word_1_782' title='bbox 879 5221 959 5271; x_wconf 88' lang='lat' dir='ltr'><strong>vir</strong></span> <span class='ocrx_word' id='word_1_783' title='bbox 983 5217 1216 5271; x_wconf 82' lang='lat' dir='ltr'><strong>eruditus</strong></span> <span class='ocrx_word' id='word_1_784' title='bbox 1243 5220 1292 5269; x_wconf 93' lang='lat' dir='ltr'><strong>in</strong></span> <span class='ocrx_word' id='word_1_785' title='bbox 1318 5217 1424 5271; x_wconf 71' lang='lat' dir='ltr'><strong>Suis</strong></span> <span class='ocrx_word' id='word_1_786' title='bbox 1450 5221 1582 5270; x_wconf 85' lang='lat' dir='ltr'><strong>notis</strong></span> <span class='ocrx_word' id='word_1_787' title='bbox 1620 5231 1633 5269; x_wconf 94' lang='lat'>:</span> <span class='ocrx_word' id='word_1_788' title='bbox 1667 5238 1682 5265; x_wconf 69' lang='grc' dir='ltr'><em>α</em></span> <span class='ocrx_word' id='word_1_789' title='bbox 1714 5217 1768 5270; x_wconf 89' lang='lat' dir='ltr'><strong>ln</strong></span> 
     </span>
    </p>
   </div>
   <div class='ocr_carea' id='block_1_103' title="bbox 259 5285 1772 5358">
    <p class='ocr_par' dir='ltr' id='par_1_103' title="bbox 259 5285 1772 5358">
     <span class='ocr_line' id='line_1_103' title="bbox 259 5285 1772 5358; baseline -0.002 -18"><span class='ocrx_word' id='word_1_790' title='bbox 259 5290 426 5358; x_wconf 89' lang='lat' dir='ltr'><strong>prima</strong></span> <span class='ocrx_word' id='word_1_791' title='bbox 472 5305 634 5358; x_wconf 86' lang='lat' dir='ltr'><strong>resp._,</strong></span> <span class='ocrx_word' id='word_1_792' title='bbox 685 5287 871 5354; x_wconf 86' lang='lat' dir='ltr'><strong>inquit,</strong></span> <span class='ocrx_word' id='word_1_793' title='bbox 914 5285 1025 5358; x_wconf 86' lang='lat' dir='ltr'><strong>jam</strong></span> <span class='ocrx_word' id='word_1_794' title='bbox 1068 5285 1402 5358; x_wconf 76' lang='lat' dir='ltr'><strong>dequatuor</strong></span> <span class='ocrx_word' id='word_1_795' title='bbox 1452 5285 1772 5358; x_wconf 79' lang='lat' dir='ltr'><strong>portionibus</strong></span> 
     </span>
    </p>
   </div>
   <div class='ocr_carea' id='block_1_104' title="bbox 260 5353 1769 5419">
    <p class='ocr_par' dir='ltr' id='par_1_104' title="bbox 260 5353 1769 5419">
     <span class='ocr_line' id='line_1_104' title="bbox 260 5353 1769 5419; baseline -0.003 -11"><span class='ocrx_word' id='word_1_796' title='bbox 260 5353 456 5416; x_wconf 73' lang='lat' dir='ltr'><strong>actum,</strong></span> <span class='ocrx_word' id='word_1_797' title='bbox 502 5353 685 5407; x_wconf 31' lang='lat' dir='ltr'><strong>ct’vila</strong></span> <span class='ocrx_word' id='word_1_798' title='bbox 736 5355 1022 5407; x_wconf 81' lang='lat' dir='ltr'><strong>communis</strong></span> <span class='ocrx_word' id='word_1_799' title='bbox 1068 5355 1258 5404; x_wconf 82' lang='lat' dir='ltr'><strong>indicta</strong></span> <span class='ocrx_word' id='word_1_800' title='bbox 1303 5367 1316 5403; x_wconf 89' lang='lat'><strong>:</strong></span> <span class='ocrx_word' id='word_1_801' title='bbox 1364 5367 1455 5405; x_wconf 83' lang='lat' dir='ltr'><strong>nec</strong></span> <span class='ocrx_word' id='word_1_802' title='bbox 1485 5360 1598 5403; x_wconf 91' lang='lat' dir='ltr'><strong>erat</strong></span> <span class='ocrx_word' id='word_1_803' title='bbox 1635 5353 1769 5419; x_wconf 87' lang='lat' dir='ltr'><strong>quod</strong></span> 
     </span>
    </p>
   </div>
   <div class='ocr_carea' id='block_1_105' title="bbox 259 5419 1770 5490">
    <p class='ocr_par' dir='ltr' id='par_1_105' title="bbox 259 5419 1770 5490">
     <span class='ocr_line' id='line_1_105' title="bbox 259 5419 1770 5490; baseline -0.003 -14"><span class='ocrx_word' id='word_1_804' title='bbox 259 5438 418 5490; x_wconf 85' lang='lat' dir='ltr'><strong>super</strong></span> <span class='ocrx_word' id='word_1_805' title='bbox 439 5423 519 5476; x_wconf 88' lang='lat' dir='ltr'><strong>his</strong></span> <span class='ocrx_word' id='word_1_806' title='bbox 544 5437 640 5490; x_wconf 87' lang='lat' dir='ltr'><strong>nou</strong></span> <span class='ocrx_word' id='word_1_807' title='bbox 675 5429 883 5490; x_wconf 81' lang='lat' dir='ltr'><strong>rogatus</strong></span> <span class='ocrx_word' id='word_1_808' title='bbox 930 5420 1330 5490; x_wconf 60' lang='lat' dir='ltr'><strong>responderet.»</strong></span> <span class='ocrx_word' id='word_1_809' title='bbox 1362 5419 1770 5490; x_wconf 66' lang='lat' dir='ltr'><strong>llectequidem</strong></span> 
     </span>
    </p>
   </div>
   <div class='ocr_carea' id='block_1_106' title="bbox 263 5487 1772 5554">
    <p class='ocr_par' dir='ltr' id='par_1_106' title="bbox 263 5487 1772 5554">
     <span class='ocr_line' id='line_1_106' title="bbox 263 5487 1772 5554; baseline -0.003 -12"><span class='ocrx_word' id='word_1_810' title='bbox 263 5487 489 5551; x_wconf 72' lang='lat' dir='ltr'><strong>notatur,</strong></span> <span class='ocrx_word' id='word_1_811' title='bbox 517 5489 638 5547; x_wconf 80' lang='lat' dir='ltr'><strong>illud</strong></span> <span class='ocrx_word' id='word_1_812' title='bbox 659 5487 790 5541; x_wconf 81' lang='lat' dir='ltr'><strong>idem</strong></span> <span class='ocrx_word' id='word_1_813' title='bbox 811 5487 916 5552; x_wconf 86' lang='lat' dir='ltr'><strong>jam</strong></span> <span class='ocrx_word' id='word_1_814' title='bbox 944 5502 1094 5554; x_wconf 80' lang='lat' dir='ltr'><strong>supra</strong></span> <span class='ocrx_word' id='word_1_815' title='bbox 1113 5502 1228 5539; x_wconf 78' lang='lat' dir='ltr'><strong>esse</strong></span> <span class='ocrx_word' id='word_1_816' title='bbox 1257 5489 1475 5546; x_wconf 83' lang='lat' dir='ltr'><strong>dictum;</strong></span> <span class='ocrx_word' id='word_1_817' title='bbox 1506 5487 1549 5538; x_wconf 93' lang='lat' dir='ltr'><strong>si</strong></span> <span class='ocrx_word' id='word_1_818' title='bbox 1573 5487 1772 5554; x_wconf 87' lang='lat' dir='ltr'><strong>legatur</strong></span> 
     </span>
    </p>
   </div>
   <div class='ocr_carea' id='block_1_107' title="bbox 262 5556 1771 5622">
    <p class='ocr_par' dir='ltr' id='par_1_107' title="bbox 262 5556 1771 5622">
     <span class='ocr_line' id='line_1_107' title="bbox 262 5556 1771 5622; baseline -0.005 -11"><span class='ocrx_word' id='word_1_819' title='bbox 262 5567 320 5611; x_wconf 86' lang='lat' dir='ltr'><strong>ut</strong></span> <span class='ocrx_word' id='word_1_820' title='bbox 367 5557 416 5609; x_wconf 84' lang='lat' dir='ltr'><strong>iu</strong></span> <span class='ocrx_word' id='word_1_821' title='bbox 461 5558 541 5610; x_wconf 83' lang='lat' dir='ltr'><strong>ed.</strong></span> <span class='ocrx_word' id='word_1_822' title='bbox 587 5557 688 5609; x_wconf 83' lang='lat' dir='ltr'><strong>Sed</strong></span> <span class='ocrx_word' id='word_1_823' title='bbox 738 5556 888 5608; x_wconf 77' lang='lat' dir='ltr'><strong>aliam</strong></span> <span class='ocrx_word' id='word_1_824' title='bbox 919 5571 1131 5622; x_wconf 54' lang='lat' dir='ltr'><strong>prorsus</strong></span> <span class='ocrx_word' id='word_1_825' title='bbox 1174 5572 1286 5606; x_wconf 72' lang='lat' dir='ltr'><strong>esse</strong></span> <span class='ocrx_word' id='word_1_826' title='bbox 1335 5556 1666 5620; x_wconf 75' lang='lat' dir='ltr'><strong>qiurstionmu</strong></span> <span class='ocrx_word' id='word_1_827' title='bbox 1722 5563 1771 5605; x_wconf 83' lang='lat' dir='ltr'><strong>et</strong></span> 
     </span>
    </p>
   </div>
   <div class='ocr_carea' id='block_1_108' title="bbox 1864 4398 3378 4467">
    <p class='ocr_par' dir='ltr' id='par_1_108' title="bbox 1864 4398 3378 4467">
     <span class='ocr_line' id='line_1_108' title="bbox 1864 4398 3378 4467; baseline 0.001 -15"><span class='ocrx_word' id='word_1_828' title='bbox 1864 4410 2003 4462; x_wconf 87' lang='lat' dir='ltr'><strong>sunt,</strong></span> <span class='ocrx_word' id='word_1_829' title='bbox 2019 4411 2143 4453; x_wconf 89' lang='lat' dir='ltr'><strong>utse</strong></span> <span class='ocrx_word' id='word_1_830' title='bbox 2162 4402 2454 4454; x_wconf 86' lang='lat' dir='ltr'><strong>abstineant</strong></span> <span class='ocrx_word' id='word_1_831' title='bbox 2473 4409 2526 4454; x_wconf 90' lang='lat' dir='ltr'><strong>et</strong></span> <span class='ocrx_word' id='word_1_832' title='bbox 2551 4402 2861 4467; x_wconf 65' lang='lat' dir='ltr'><strong>poeniteant:</strong></span> <span class='ocrx_word' id='word_1_833' title='bbox 2881 4403 3054 4460; x_wconf 59' lang='grc' dir='ltr'><strong>(ΑΜ.)</strong></span> <span class='ocrx_word' id='word_1_834' title='bbox 3079 4419 3176 4455; x_wconf 88' lang='lat' dir='ltr'><strong>non</strong></span> <span class='ocrx_word' id='word_1_835' title='bbox 3208 4398 3378 4455; x_wconf 86' lang='lat' dir='ltr'><strong>tamen</strong></span> 
     </span>
    </p>
   </div>
   <div class='ocr_carea' id='block_1_109' title="bbox 1864 4546 3373 4614">
    <p class='ocr_par' dir='ltr' id='par_1_109' title="bbox 1864 4546 3373 4614">
     <span class='ocr_line' id='line_1_109' title="bbox 1864 4546 3373 4614; baseline -0.001 -12"><span class='ocrx_word' id='word_1_836' title='bbox 1864 4549 2076 4602; x_wconf 70' lang='lat' dir='ltr'><strong>maximi</strong></span> <span class='ocrx_word' id='word_1_837' title='bbox 2115 4548 2383 4608; x_wconf 85' lang='lat' dir='ltr'><strong>momenti,</strong></span> <span class='ocrx_word' id='word_1_838' title='bbox 2419 4547 2605 4614; x_wconf 90' lang='lat' dir='ltr'><strong>probat</strong></span> <span class='ocrx_word' id='word_1_839' title='bbox 2630 4546 2780 4600; x_wconf 89' lang='lat' dir='ltr'><strong>lectio</strong></span> <span class='ocrx_word' id='word_1_840' title='bbox 2800 4549 2940 4599; x_wconf 88' lang='lat' dir='ltr'><strong>varia</strong></span> <span class='ocrx_word' id='word_1_841' title='bbox 2964 4548 3077 4600; x_wconf 90' lang='lat' dir='ltr'><strong>cod.</strong></span> <span class='ocrx_word' id='word_1_842' title='bbox 3117 4547 3373 4602; x_wconf 85' lang='lat' dir='ltr'><strong>Hcrovall.</strong></span> 
     </span>
    </p>
   </div>
   <div class='ocr_carea' id='block_1_110' title="bbox 1939 4614 3049 4684">
    <p class='ocr_par' dir='ltr' id='par_1_110' title="bbox 1939 4614 3049 4684">
     <span class='ocr_line' id='line_1_110' title="bbox 1939 4614 3049 4684; baseline -0.002 -17"><span class='ocrx_word' id='word_1_843' title='bbox 1939 4616 1956 4653; x_wconf 72' lang='grc' dir='ltr'><strong>ί</strong></span> <span class='ocrx_word' id='word_1_844' title='bbox 1989 4616 2048 4684; x_wconf 85' lang='lat' dir='ltr'><strong>lu</strong></span> <span class='ocrx_word' id='word_1_845' title='bbox 2077 4617 2158 4684; x_wconf 84' lang='lat' dir='ltr'><strong>ed.</strong></span> <span class='ocrx_word' id='word_1_846' title='bbox 2183 4615 2435 4684; x_wconf 49' lang='lat' dir='ltr'><strong>quaedam.</strong></span> <span class='ocrx_word' id='word_1_847' title='bbox 2452 4614 2596 4684; x_wconf 69' lang='lat' dir='ltr'><strong>male</strong></span> <span class='ocrx_word' id='word_1_848' title='bbox 2629 4615 3049 4684; x_wconf 88' lang='lat' dir='ltr'><strong>interponuntur.</strong></span> 
     </span>
    </p>
   </div>
   <div class='ocr_carea' id='block_1_111' title="bbox 1935 4681 3034 4734">
    <p class='ocr_par' dir='ltr' id='par_1_111' title="bbox 1935 4681 3034 4734">
     <span class='ocr_line' id='line_1_111' title="bbox 1935 4681 3034 4734; baseline -0.005 0"><span class='ocrx_word' id='word_1_849' title='bbox 1935 4686 1958 4720; x_wconf 75' lang='grc' dir='ltr'><strong>δ</strong></span> <span class='ocrx_word' id='word_1_850' title='bbox 1995 4683 2107 4734; x_wconf 77' lang='lat' dir='ltr'><strong>Vid.</strong></span> <span class='ocrx_word' id='word_1_851' title='bbox 2132 4691 2240 4734; x_wconf 91' lang='lat' dir='ltr'><strong>not.</strong></span> <span class='ocrx_word' id='word_1_852' title='bbox 2270 4682 2409 4734; x_wconf 89' lang='lat' dir='ltr'><strong>Petri</strong></span> <span class='ocrx_word' id='word_1_853' title='bbox 2439 4681 2698 4734; x_wconf 73' lang='lat' dir='ltr'><strong>Gussauv.</strong></span> <span class='ocrx_word' id='word_1_854' title='bbox 2769 4681 2784 4684; x_wconf 17' lang='grc' dir='ltr'><strong>ἡ</strong></span> <span class='ocrx_word' id='word_1_855' title='bbox 3027 4685 3034 4693; x_wconf 90' lang='grc'><strong>·</strong></span> 
     </span>
    </p>
   </div>
   <div class='ocr_carea' id='block_1_112' title="bbox 1845 4748 3374 4815">
    <p class='ocr_par' dir='ltr' id='par_1_112' title="bbox 1845 4748 3374 4815">
     <span class='ocr_line' id='line_1_112' title="bbox 1845 4748 3374 4815; baseline 0.001 -14"><span class='ocrx_word' id='word_1_856' title='bbox 1845 4753 1847 4758; x_wconf 86' lang='grc'><strong>’</strong></span> <span class='ocrx_word' id='word_1_857' title='bbox 1931 4751 1954 4787; x_wconf 78' lang='lat' dir='ltr'><strong>h</strong></span> <span class='ocrx_word' id='word_1_858' title='bbox 1997 4749 2091 4802; x_wconf 84' lang='lat' dir='ltr'><strong>Hic</strong></span> <span class='ocrx_word' id='word_1_859' title='bbox 2131 4750 2312 4815; x_wconf 90' lang='lat' dir='ltr'><strong>incipit</strong></span> <span class='ocrx_word' id='word_1_860' title='bbox 2351 4765 2422 4800; x_wconf 86' lang='lat' dir='ltr'><strong>vu</strong></span> <span class='ocrx_word' id='word_1_861' title='bbox 2454 4749 2735 4815; x_wconf 79' lang='lat' dir='ltr'><strong>Resp.,sed</strong></span> <span class='ocrx_word' id='word_1_862' title='bbox 2773 4748 2965 4802; x_wconf 83' lang='lat' dir='ltr'><strong>rectius</strong></span> <span class='ocrx_word' id='word_1_863' title='bbox 3010 4749 3059 4799; x_wconf 90' lang='lat' dir='ltr'><strong>in</strong></span> <span class='ocrx_word' id='word_1_864' title='bbox 3110 4748 3226 4800; x_wconf 89' lang='lat' dir='ltr'><strong>coll.</strong></span> <span class='ocrx_word' id='word_1_865' title='bbox 3257 4764 3374 4802; x_wconf 92' lang='lat' dir='ltr'><strong>cum</strong></span> 
     </span>
    </p>
   </div>
   <div class='ocr_carea' id='block_1_113' title="bbox 1863 4815 3374 4882">
    <p class='ocr_par' dir='ltr' id='par_1_113' title="bbox 1863 4815 3374 4882">
     <span class='ocr_line' id='line_1_113' title="bbox 1863 4815 3374 4882; baseline 0 -14"><span class='ocrx_word' id='word_1_866' title='bbox 1863 4824 2047 4882; x_wconf 79' lang='lat' dir='ltr'><strong>agatur</strong></span> <span class='ocrx_word' id='word_1_867' title='bbox 2077 4817 2140 4868; x_wconf 89' lang='lat' dir='ltr'><strong>de</strong></span> <span class='ocrx_word' id='word_1_868' title='bbox 2166 4819 2342 4882; x_wconf 84' lang='lat' dir='ltr'><strong>eadem</strong></span> <span class='ocrx_word' id='word_1_869' title='bbox 2372 4817 2673 4882; x_wconf 70' lang='lat' dir='ltr'><strong>qumstione.</strong></span> <span class='ocrx_word' id='word_1_870' title='bbox 2697 4816 2808 4868; x_wconf 82' lang='lat' dir='ltr'><strong>V‘id.</strong></span> <span class='ocrx_word' id='word_1_871' title='bbox 2837 4823 2943 4866; x_wconf 85' lang='lat' dir='ltr'><strong>not.</strong></span> <span class='ocrx_word' id='word_1_872' title='bbox 2969 4815 3104 4867; x_wconf 88' lang='lat' dir='ltr'><strong>Petri</strong></span> <span class='ocrx_word' id='word_1_873' title='bbox 3121 4818 3374 4868; x_wconf 83' lang='lat' dir='ltr'><strong>Gussanv.</strong></span> 
     </span>
    </p>
   </div>
   <div class='ocr_carea' id='block_1_114' title="bbox 1863 4832 3376 4950">
    <p class='ocr_par' dir='ltr' id='par_1_114' title="bbox 1863 4832 3376 4950">
     <span class='ocr_line' id='line_1_114' title="bbox 1863 4832 3374 4882; baseline 0 -14"><span class='ocrx_word' id='word_1_874' title='bbox 1863 4833 1890 4868; x_wconf 90' lang='lat' dir='ltr'><strong>a</strong></span> <span class='ocrx_word' id='word_1_875' title='bbox 1930 4832 2047 4868; x_wconf 82' lang='lat' dir='ltr'><strong>atur</strong></span> <span class='ocrx_word' id='word_1_876' title='bbox 2077 4832 2140 4868; x_wconf 87' lang='lat' dir='ltr'><strong>ae</strong></span> <span class='ocrx_word' id='word_1_877' title='bbox 2166 4832 2342 4868; x_wconf 79' lang='lat' dir='ltr'><strong>eadem</strong></span> <span class='ocrx_word' id='word_1_878' title='bbox 2372 4832 2673 4882; x_wconf 70' lang='lat' dir='ltr'><strong>qumsuone.</strong></span> <span class='ocrx_word' id='word_1_879' title='bbox 2704 4832 2808 4868; x_wconf 80' lang='lat' dir='ltr'><strong>vni.</strong></span> <span class='ocrx_word' id='word_1_880' title='bbox 2837 4832 2943 4866; x_wconf 81' lang='lat' dir='ltr'><strong>nm.</strong></span> <span class='ocrx_word' id='word_1_881' title='bbox 2969 4832 3374 4868; x_wconf 74' lang='lat' dir='ltr'><strong>retriuussanv.</strong></span> 
     </span>
     <span class='ocr_line' id='line_1_115' title="bbox 1863 4832 3376 4950; baseline -0.001 -15"><span class='ocrx_word' id='word_1_882' title='bbox 1863 4832 1976 4936; x_wconf 42' lang='lat' dir='ltr'><strong>Aﬁia</strong></span> <span class='ocrx_word' id='word_1_883' title='bbox 2001 4885 2052 4936; x_wconf 92' lang='lat' dir='ltr'><strong>in</strong></span> <span class='ocrx_word' id='word_1_884' title='bbox 2077 4885 2158 4936; x_wconf 84' lang='lat' dir='ltr'><strong>ed.</strong></span> <span class='ocrx_word' id='word_1_885' title='bbox 2187 4881 2302 4934; x_wconf 90' lang='lat' dir='ltr'><strong>add.</strong></span> <span class='ocrx_word' id='word_1_886' title='bbox 2337 4883 2535 4936; x_wconf 87' lang='lat' dir='ltr'><strong>scilicet</strong></span> <span class='ocrx_word' id='word_1_887' title='bbox 2551 4883 2615 4935; x_wconf 90' lang='lat' dir='ltr'><strong>ab</strong></span> <span class='ocrx_word' id='word_1_888' title='bbox 2643 4884 2722 4935; x_wconf 88' lang='lat' dir='ltr'><strong>bis</strong></span> <span class='ocrx_word' id='word_1_889' title='bbox 2750 4883 2919 4934; x_wconf 83' lang='lat' dir='ltr'><strong>verbis</strong></span> <span class='ocrx_word' id='word_1_890' title='bbox 2943 4899 3088 4934; x_wconf 83' lang='lat' dir='ltr'><strong>soror</strong></span> <span class='ocrx_word' id='word_1_891' title='bbox 3112 4895 3199 4935; x_wconf 86' lang='lat' dir='ltr'><strong>tua</strong></span> <span class='ocrx_word' id='word_1_892' title='bbox 3242 4884 3376 4950; x_wconf 76' lang='lat' dir='ltr'><strong>facta</strong></span> 
     </span>
    </p>
   </div>
   <div class='ocr_carea' id='block_1_115' title="bbox 1864 4950 3376 5016">
    <p class='ocr_par' dir='ltr' id='par_1_115' title="bbox 1864 4950 3376 5016">
     <span class='ocr_line' id='line_1_116' title="bbox 1864 4950 3376 5016; baseline -0.001 -14"><span class='ocrx_word' id='word_1_893' title='bbox 1864 4961 1954 5014; x_wconf 82' lang='lat' dir='ltr'><strong>est,</strong></span> <span class='ocrx_word' id='word_1_894' title='bbox 1985 4965 2146 5016; x_wconf 89' lang='lat' dir='ltr'><strong>usque</strong></span> <span class='ocrx_word' id='word_1_895' title='bbox 2169 4950 2232 5002; x_wconf 91' lang='lat' dir='ltr'><strong>ad</strong></span> <span class='ocrx_word' id='word_1_896' title='bbox 2263 4950 2306 5000; x_wconf 83' lang='lat' dir='ltr'><strong>si</strong></span> <span class='ocrx_word' id='word_1_897' title='bbox 2333 4967 2467 5012; x_wconf 73' lang='lat' dir='ltr'><strong>vero,</strong></span> <span class='ocrx_word' id='word_1_898' title='bbox 2497 4951 2560 5002; x_wconf 83' lang='lat' dir='ltr'><strong>de</strong></span> <span class='ocrx_word' id='word_1_899' title='bbox 2595 4950 2784 5016; x_wconf 83' lang='lat' dir='ltr'><strong>quibus</strong></span> <span class='ocrx_word' id='word_1_900' title='bbox 2819 4951 2893 5016; x_wconf 74' lang='lat' dir='ltr'><strong>sic</strong></span> <span class='ocrx_word' id='word_1_901' title='bbox 2938 4953 3014 5011; x_wconf 84' lang='lat' dir='ltr'><strong>vir</strong></span> <span class='ocrx_word' id='word_1_902' title='bbox 3054 4952 3286 5003; x_wconf 89' lang='lat' dir='ltr'><strong>eruditus</strong></span> <span class='ocrx_word' id='word_1_903' title='bbox 3323 4950 3376 5002; x_wconf 92' lang='lat' dir='ltr'><strong>iu</strong></span> 
     </span>
    </p>
   </div>
   <div class='ocr_carea' id='block_1_116' title="bbox 1865 5015 3381 5084">
    <p class='ocr_par' dir='ltr' id='par_1_116' title="bbox 1865 5015 3381 5084">
     <span class='ocr_line' id='line_1_117' title="bbox 1865 5015 3381 5084; baseline -0.001 -14"><span class='ocrx_word' id='word_1_904' title='bbox 1865 5019 1973 5071; x_wconf 89' lang='lat' dir='ltr'><strong>suis</strong></span> <span class='ocrx_word' id='word_1_905' title='bbox 2004 5015 2138 5069; x_wconf 80' lang='lat' dir='ltr'><strong>notis</strong></span> <span class='ocrx_word' id='word_1_906' title='bbox 2165 5031 2178 5068; x_wconf 88' lang='lat'><strong>:</strong></span> <span class='ocrx_word' id='word_1_907' title='bbox 2213 5034 2229 5062; x_wconf 76' lang='grc' dir='ltr'>ι</span> <span class='ocrx_word' id='word_1_908' title='bbox 2262 5031 2356 5082; x_wconf 89' lang='lat' dir='ltr'><strong>pro</strong></span> <span class='ocrx_word' id='word_1_909' title='bbox 2376 5031 2474 5083; x_wconf 91' lang='lat' dir='ltr'><strong>qua</strong></span> <span class='ocrx_word' id='word_1_910' title='bbox 2506 5032 2560 5068; x_wconf 91' lang='lat' dir='ltr'><strong>re</strong></span> <span class='ocrx_word' id='word_1_911' title='bbox 2583 5015 2804 5068; x_wconf 72' lang='lat' dir='ltr'><strong>lnannes</strong></span> <span class='ocrx_word' id='word_1_912' title='bbox 2835 5015 3088 5084; x_wconf 86' lang='lat' dir='ltr'><strong>Baptista,</strong></span> <span class='ocrx_word' id='word_1_913' title='bbox 3118 5026 3241 5079; x_wconf 89' lang='lat' dir='ltr'><strong>etc.,</strong></span> <span class='ocrx_word' id='word_1_914' title='bbox 3269 5018 3381 5068; x_wconf 67' lang='lat' dir='ltr'><strong>haec</strong></span> 
     </span>
    </p>
   </div>
   <div class='ocr_carea' id='block_1_117' title="bbox 1866 5084 3373 5152">
    <p class='ocr_par' dir='ltr' id='par_1_117' title="bbox 1866 5084 3373 5152">
     <span class='ocr_line' id='line_1_118' title="bbox 1866 5084 3373 5152; baseline -0.001 -15"><span class='ocrx_word' id='word_1_915' title='bbox 1866 5085 2151 5150; x_wconf 71' lang='lat' dir='ltr'><strong>dispar-ilia,</strong></span> <span class='ocrx_word' id='word_1_916' title='bbox 2176 5084 2364 5149; x_wconf 90' lang='lat' dir='ltr'><strong>inquit,</strong></span> <span class='ocrx_word' id='word_1_917' title='bbox 2382 5101 2481 5136; x_wconf 89' lang='lat' dir='ltr'><strong>non</strong></span> <span class='ocrx_word' id='word_1_918' title='bbox 2509 5084 2796 5152; x_wconf 77' lang='lat' dir='ltr'><strong>miscuisset</strong></span> <span class='ocrx_word' id='word_1_919' title='bbox 2825 5095 3035 5152; x_wconf 88' lang='lat' dir='ltr'><strong>sanctus</strong></span> <span class='ocrx_word' id='word_1_920' title='bbox 3056 5084 3334 5152; x_wconf 83' lang='lat' dir='ltr'><strong>Gregorius</strong></span> <span class='ocrx_word' id='word_1_921' title='bbox 3360 5101 3373 5135; x_wconf 88' lang='lat'><strong>:</strong></span> 
     </span>
    </p>
   </div>
   <div class='ocr_carea' id='block_1_118' title="bbox 1868 5149 3376 5218">
    <p class='ocr_par' dir='ltr' id='par_1_118' title="bbox 1868 5149 3376 5218">
     <span class='ocr_line' id='line_1_119' title="bbox 1868 5149 3376 5218; baseline 0 -16"><span class='ocrx_word' id='word_1_922' title='bbox 1868 5149 2004 5203; x_wconf 86' lang='lat' dir='ltr'><strong>aliud</strong></span> <span class='ocrx_word' id='word_1_923' title='bbox 2033 5153 2219 5218; x_wconf 86' lang='lat' dir='ltr'><strong>quippe</strong></span> <span class='ocrx_word' id='word_1_924' title='bbox 2248 5161 2326 5203; x_wconf 88' lang='lat' dir='ltr'><strong>est</strong></span> <span class='ocrx_word' id='word_1_925' title='bbox 2349 5151 2550 5203; x_wconf 87' lang='lat' dir='ltr'><strong>misceri</strong></span> <span class='ocrx_word' id='word_1_926' title='bbox 2587 5152 2730 5201; x_wconf 73' lang='lat' dir='ltr'><strong>uxori</strong></span> <span class='ocrx_word' id='word_1_927' title='bbox 2762 5149 2939 5201; x_wconf 88' lang='lat' dir='ltr'><strong>fratris</strong></span> <span class='ocrx_word' id='word_1_928' title='bbox 2965 5149 3213 5214; x_wconf 74' lang='lat' dir='ltr'><strong>viventis,</strong></span> <span class='ocrx_word' id='word_1_929' title='bbox 3239 5151 3376 5202; x_wconf 90' lang='lat' dir='ltr'><strong>aliud</strong></span> 
     </span>
    </p>
   </div>
   <div class='ocr_carea' id='block_1_119' title="bbox 1869 5218 3375 5284">
    <p class='ocr_par' dir='ltr' id='par_1_119' title="bbox 1869 5218 3375 5284">
     <span class='ocr_line' id='line_1_120' title="bbox 1869 5218 3375 5284; baseline -0.001 -14"><span class='ocrx_word' id='word_1_930' title='bbox 1869 5219 2162 5279; x_wconf 88' lang='lat' dir='ltr'><strong>mortui,_ut</strong></span> <span class='ocrx_word' id='word_1_931' title='bbox 2190 5232 2252 5269; x_wconf 80' lang='lat' dir='ltr'><strong>ex</strong></span> <span class='ocrx_word' id='word_1_932' title='bbox 2280 5219 2439 5269; x_wconf 86' lang='lat' dir='ltr'><strong>veteri</strong></span> <span class='ocrx_word' id='word_1_933' title='bbox 2476 5218 2585 5284; x_wconf 80' lang='lat' dir='ltr'><strong>lege</strong></span> <span class='ocrx_word' id='word_1_934' title='bbox 2629 5225 2856 5278; x_wconf 84' lang='lat' dir='ltr'><strong>constat,</strong></span> <span class='ocrx_word' id='word_1_935' title='bbox 2887 5225 2984 5270; x_wconf 88' lang='lat' dir='ltr'><strong>etc.</strong></span> <span class='ocrx_word' id='word_1_936' title='bbox 3016 5218 3264 5271; x_wconf 74' lang='lat' dir='ltr'><strong>Existimo</strong></span> <span class='ocrx_word' id='word_1_937' title='bbox 3291 5225 3375 5269; x_wconf 85' lang='lat' dir='ltr'><strong>to-</strong></span> 
     </span>
    </p>
   </div>
   <div class='ocr_carea' id='block_1_120' title="bbox 1869 5285 3376 5351">
    <p class='ocr_par' dir='ltr' id='par_1_120' title="bbox 1869 5285 3376 5351">
     <span class='ocr_line' id='line_1_121' title="bbox 1869 5285 3376 5351; baseline -0.002 -14"><span class='ocrx_word' id='word_1_938' title='bbox 1869 5294 1972 5337; x_wconf 92' lang='lat' dir='ltr'><strong>tam</strong></span> <span class='ocrx_word' id='word_1_939' title='bbox 2005 5287 2138 5338; x_wconf 89' lang='lat' dir='ltr'><strong>banc</strong></span> <span class='ocrx_word' id='word_1_940' title='bbox 2180 5287 2512 5351; x_wconf 83' lang='lat' dir='ltr'><strong>appendicem</strong></span> <span class='ocrx_word' id='word_1_941' title='bbox 2559 5300 2585 5334; x_wconf 88' lang='lat' dir='ltr'><strong>a</strong></span> <span class='ocrx_word' id='word_1_942' title='bbox 2635 5285 2855 5351; x_wconf 88' lang='lat' dir='ltr'><strong>quodam</strong></span> <span class='ocrx_word' id='word_1_943' title='bbox 2903 5287 3261 5338; x_wconf 88' lang='lat' dir='ltr'><strong>concionatore</strong></span> <span class='ocrx_word' id='word_1_944' title='bbox 3311 5285 3376 5343; x_wconf 87' lang='lat' dir='ltr'><strong>ad</strong></span> 
     </span>
    </p>
   </div>
   <div class='ocr_carea' id='block_1_121' title="bbox 1871 5351 3374 5420">
    <p class='ocr_par' dir='ltr' id='par_1_121' title="bbox 1871 5351 3374 5420">
     <span class='ocr_line' id='line_1_122' title="bbox 1871 5351 3374 5420; baseline -0.002 -16"><span class='ocrx_word' id='word_1_945' title='bbox 1871 5353 2152 5420; x_wconf 80' lang='lat' dir='ltr'><strong>marginem</strong></span> <span class='ocrx_word' id='word_1_946' title='bbox 2203 5353 2420 5420; x_wconf 73' lang='lat' dir='ltr'><strong>positam</strong></span> <span class='ocrx_word' id='word_1_947' title='bbox 2464 5351 2640 5410; x_wconf 67' lang='lat' dir='ltr'><strong>fuisse,</strong></span> <span class='ocrx_word' id='word_1_948' title='bbox 2687 5353 2748 5402; x_wconf 90' lang='lat' dir='ltr'><strong>de</strong></span> <span class='ocrx_word' id='word_1_949' title='bbox 2795 5367 2892 5418; x_wconf 88' lang='lat' dir='ltr'><strong>qua</strong></span> <span class='ocrx_word' id='word_1_950' title='bbox 2925 5354 3268 5420; x_wconf 30' lang='lat' dir='ltr'><strong>Apostmodum</strong></span> <span class='ocrx_word' id='word_1_951' title='bbox 3323 5352 3374 5402; x_wconf 87' lang='lat' dir='ltr'><strong>in</strong></span> 
     </span>
    </p>
   </div>
   <div class='ocr_carea' id='block_1_122' title="bbox 1870 5417 3373 5486">
    <p class='ocr_par' dir='ltr' id='par_1_122' title="bbox 1870 5417 3373 5486">
     <span class='ocr_line' id='line_1_123' title="bbox 1870 5417 3373 5486; baseline -0.003 -17"><span class='ocrx_word' id='word_1_952' title='bbox 1870 5417 2064 5470; x_wconf 75' lang='lat' dir='ltr'><strong>textum</strong></span> <span class='ocrx_word' id='word_1_953' title='bbox 2114 5417 2336 5485; x_wconf 80' lang='lat' dir='ltr'><strong>irrepsit.</strong></span> <span class='ocrx_word' id='word_1_954' title='bbox 2368 5417 2476 5470; x_wconf 84' lang='lat' dir='ltr'><strong>Non</strong></span> <span class='ocrx_word' id='word_1_955' title='bbox 2509 5419 2633 5472; x_wconf 87' lang='lat' dir='ltr'><strong>solet</strong></span> <span class='ocrx_word' id='word_1_956' title='bbox 2667 5417 2874 5470; x_wconf 84' lang='lat' dir='ltr'><strong>sam-Ius</strong></span> <span class='ocrx_word' id='word_1_957' title='bbox 2913 5417 3188 5486; x_wconf 77' lang='lat' dir='ltr'><strong>Gregorius</strong></span> <span class='ocrx_word' id='word_1_958' title='bbox 3229 5426 3373 5468; x_wconf 73' lang='lat' dir='ltr'><strong>extra</strong></span> 
     </span>
    </p>
   </div>
   <div class='ocr_carea' id='block_1_123' title="bbox 1870 5486 3376 5553">
    <p class='ocr_par' dir='ltr' id='par_1_123' title="bbox 1870 5486 3376 5553">
     <span class='ocr_line' id='line_1_124' title="bbox 1870 5486 3376 5553; baseline -0.003 -16"><span class='ocrx_word' id='word_1_959' title='bbox 1870 5488 2084 5538; x_wconf 73' lang='lat' dir='ltr'><strong>chorum</strong></span> <span class='ocrx_word' id='word_1_960' title='bbox 2116 5486 2321 5544; x_wconf 83' lang='lat' dir='ltr'><strong>saltare,</strong></span> <span class='ocrx_word' id='word_1_961' title='bbox 2353 5494 2402 5536; x_wconf 85' lang='lat' dir='ltr'><strong>et</strong></span> <span class='ocrx_word' id='word_1_962' title='bbox 2426 5500 2508 5538; x_wconf 91' lang='lat' dir='ltr'><strong>res</strong></span> <span class='ocrx_word' id='word_1_963' title='bbox 2529 5501 2554 5536; x_wconf 86' lang='lat' dir='ltr'><strong>a</strong></span> <span class='ocrx_word' id='word_1_964' title='bbox 2587 5487 2846 5553; x_wconf 83' lang='lat' dir='ltr'><strong>proposito</strong></span> <span class='ocrx_word' id='word_1_965' title='bbox 2875 5486 3069 5538; x_wconf 87' lang='lat' dir='ltr'><strong>alienas</strong></span> <span class='ocrx_word' id='word_1_966' title='bbox 3091 5487 3376 5537; x_wconf 78' lang='lat' dir='ltr'><strong>admiscere</strong></span> 
     </span>
    </p>
   </div>
   <div class='ocr_carea' id='block_1_124' title="bbox 1874 5553 3373 5620">
    <p class='ocr_par' dir='ltr' id='par_1_124' title="bbox 1874 5553 3373 5620">
     <span class='ocr_line' id='line_1_125' title="bbox 1874 5553 3373 5620; baseline -0.001 -16"><span class='ocrx_word' id='word_1_967' title='bbox 1874 5566 1978 5606; x_wconf 85' lang='lat' dir='ltr'><strong>tam</strong></span> <span class='ocrx_word' id='word_1_968' title='bbox 2009 5553 2207 5620; x_wconf 74' lang='lat' dir='ltr'><strong>frigide.</strong></span> <span class='ocrx_word' id='word_1_969' title='bbox 2243 5571 2258 5602; x_wconf 70' lang='grc' dir='ltr'><strong><em>ι</em></strong></span> <span class='ocrx_word' id='word_1_970' title='bbox 2304 5553 2447 5616; x_wconf 86' lang='lat' dir='ltr'><strong>Quod</strong></span> <span class='ocrx_word' id='word_1_971' title='bbox 2479 5554 2668 5619; x_wconf 77' lang='lat' dir='ltr'><strong>absque</strong></span> <span class='ocrx_word' id='word_1_972' title='bbox 2697 5554 2849 5605; x_wconf 89' lang='lat' dir='ltr'><strong>ullius</strong></span> <span class='ocrx_word' id='word_1_973' title='bbox 2890 5553 3002 5604; x_wconf 78' lang='lat' dir='ltr'><strong>md.</strong></span> <span class='ocrx_word' id='word_1_974' title='bbox 3047 5554 3373 5604; x_wconf 72' lang='lat' dir='ltr'><strong>auelni&#39;itate.</strong></span> 
     </span>
    </p>
   </div>
  </div>
