3926 6216
370 5204 435 5225 ’,τι

200 5254 331 5288 κιχη-

540 322 672 375 W79

1354 314 1659 371 CANONES
1698 312 1972 366 SELECTl
2012 313 2095 365 EX
2142 315 2287 367 \‘ET.
2330 315 2479 369 CAN.
2522 317 2839 373 COLLECT.

3530 317 3677 370 £089

537 445 629 493 pro
651 429 746 479 bac
773 440 843 487 re,
872 440 1023 492 quam
1049 404 1346 491 ignoranter
1369 432 1488 474 ante
1506 422 1820 504 baptismum
1834 418 2044 472 commi-
2076 424 2121 477 Α
2152 420 2443 489 rit,gratias
2464 432 2641 475 actura
2668 424 2826 476 intret
2849 422 3138 485 ecclesiam,
3156 426 3293 476 nullo
3318 427 3513 491 peccati
3534 439 3677 490 pon-

536 525 732 573 scrunt,
754 514 1112 567 communione
1138 514 1404 579 priventur
1429 522 1473 561 ι.

835 606 883 654 7.
926 604 998 655 De
1043 603 1443 654 ordinationibus
1473 601 1739 667 faciendis.

602 690 799 758 (ρααιά.
836 690 1169 756 prwcedunt.)
1200 689 1434 755 Epimopi
1462 702 1563 739 non
1594 687 1748 754 longo
1776 682 2047 737 intervallo

534 780 667 831 inter
691 794 744 830 se
771 777 1153 846 disjungantur,
1177 787 1231 829 ut
1256 777 1320 828 ad
1361 775 1704 828 ordinandum
1750 774 2045 840 episcopum

532 876 633 918 tres
662 875 751 918 aut
783 876 1007 933 quatuor
1030 865 1308 918 convenire
1331 864 1568 931 possinL:
1616 860 1786 928 (Mult.
1832 859 1952 911 add.
1999 868 2045 909 et

529 956 656 1017 rar.)
690 956 811 1021 quia
854 954 1006 1014 aliter
1053 952 1163 1005 ﬁeri
1213 966 1315 1004 non
1365 958 1589 1018 oportet.
1638 948 1766 1001 Nam
1812 948 1863 1000 in
1918 946 2045 1013 ipsis

528 1042 679 1094 rebus
699 1042 1037 1107 spiritalibus,
1056 1049 1112 1092 ut
1131 1040 1390 1105 sapienter
1403 1048 1455 1091 et
1472 1045 1669 1089 mature
1683 1037 2039 1103 disponantur,

525 1127 815 1193 exemplum
856 1128 1063 1178 trahere
1103 1141 1128 1176 a
1180 1126 1335 1177 rebus
1385 1124 1542 1177 etiam
1589 1122 1883 1175 carnalibus
1925 1136 2043 1188 pos-

524 1229 720 1266 sumus.
773 1214 924 1267 Certe
977 1215 1111 1266 enim
1167 1214 1290 1265 dum
1330 1211 1569 1279 conjugia
1615 1210 1687 1279 [in
1722 1208 1933 1277 mundo]
1957 1223 2043 1261 ce-

524 1298 811 1361 lcbrantur,
845 1298 1103 1367 conjugati
1130 1300 1319 1365 quique
1348 1308 1599 1351 vocantur
1628 1306 1687 1349 ut
1719 1296 1807 1362 qui
1855 1296 1906 1346 in
1957 1294 2038 1346 via

513 1384 621 1450 jam
667 1387 889 1455 conjugii
928 1398 1305 1453 praecesserunt
1351 1388 1401 1439 in
1441 1385 1875 1453 subsequentibus
1912 1398 2041 1450 quo-

520 1488 619 1539 que
645 1475 831 1539 gaudio
864 1466 1201 1528 misceantur.
1236 1476 1343 1528 Cur
1376 1489 1478 1527 non
1510 1490 1634 1541 ergo
1678 1476 1945 1526 nobiscum
1987 1472 2037 1522 in

519 1566 614 1613 bac
635 1562 853 1627 spiritali
877 1563 1225 1625 ordinatione,
1250 1579 1351 1629 qua
1376 1578 1471 1631 per
1500 1578 1704 1615 sacrum
1733 1560 2037 1628 mysterium

517 1648 670 1701 homo
696 1649 799 1701 Deo
826 1650 1178 1718 coniungitur,
1204 1651 1689 1711 talesconveniant,
1730 1649 1819 1716 qui
1845 1639 2037 1712 in'pro-

2143 508 2266 560 dere
2287 518 2547 575 gravatur.
2559 510 2802 576 Voluptas
2814 511 2950 562 enim
2965 512 3155 572 carnis,
3172 526 3273 563 non
3284 513 3431 563 dolor
3444 513 3491 561 in
3506 512 3671 577 culpa

2142 603 2239 646 est.
2279 595 2456 664 (ΑΜ.)
2507 596 2561 648 Si
2613 599 2750 649 enim
2778 598 2985 649 enixam
3026 596 3288 649 mulierem
3327 600 3677 664 prohibemus

2144 682 2413 735 ecclesiam
2448 683 2661 744 intrare,
2692 685 2855 751 ipsam
2897 684 2943 736 ei
2974 700 3180 752 pinnam
3219 700 3364 737 suam
3416 686 3464 737 in
3504 686 3670 752 culpa

2142 770 2471 837 deputamus.
2499 770 2757 838 Baptizari
2787 779 2957 824 autem
2990 772 3069 824 vel
3114 774 3316 824 enixam
3361 771 3665 832 mulierem,

2141 853 2219 904 vel
2241 854 2339 906 hoc
2364 857 2502 921 quod
2528 856 2781 921 genuerit,
2798 857 2839 907 si
2865 858 3049 909 mortis
3074 855 3209 925 [sine
3235 858 3401 927 mora]
3425 858 3667 924 periculo

2140 950 2372 1007 urgetur,
2403 941 2481 991 vel
2511 941 2621 1007 ipsa
2664 942 2791 995 hora
2836 943 3016 995 eadem
3070 959 3173 1010 qua
3221 945 3402 1012 gignit,
3432 946 3509 997 vel
3560 946 3670 997 hoc

2140 1027 2274 1093 quod
2310 1027 2555 1094 gignitur,
2601 1028 2790 1080 eadem
2826 1028 2952 1080 hora
2996 1043 3097 1094 qua
3141 1038 3318 1080 natum
3368 1038 3469 1087 est,
3512 1031 3668 1082 nullo

2140 1116 2293 1169 modo
2320 1116 2627 1181 prohibetur
2659 1134 2669 1166 :
2702 1117 2822 1183 quia
2847 1117 3011 1167 sancti
3045 1118 3278 1185 mystcrii
3308 1118 3472 1185 gratia
3518 1119 3669 1169 sicut

2136 1204 2435 1257 viventibus
2462 1212 2617 1271 atque
2646 1205 3061 1257 discernentibus
3085 1220 3202 1257 eum
3232 1219 3415 1273 magna
3456 1206 3669 1257 discre-

2139 1293 2276 1345 tione
2318 1294 2632 1359 providenda
2660 1301 2759 1352 est,
2787 1292 2858 1343 ita
2902 1293 2982 1345 his
3018 1294 3204 1360 quibus
3234 1308 3371 1346 mors
3399 1294 3667 1352 imminet,

2136 1381 2247 1433 sine
2274 1380 2373 1433 ulla
2401 1381 2645 1433 dilatione
2669 1380 2998 1447 proferenda,
3020 1395 3085 1431 ne
3108 1381 3229 1433 dum
3258 1381 3423 1433 adhuc
3451 1391 3668 1447 tempus

2135 1467 2198 1517 ad
2227 1469 2559 1532 praebendum
2612 1470 2917 1536 mysterium
2966 1469 3337 1535 redemptionis
3380 1470 3665 1536 quteritur,

2135 1555 2511 1609 interveniente
2553 1557 2814 1625 paululum
2852 1572 2996 1609 mora
3040 1556 3227 1625 [morte
3254 1557 3407 1624 male]
3434 1557 3667 1608 inveniri

2136 1659 2236 1695 non
2265 1644 2437 1697 valeat
2455 1646 2542 1710 qui
2574 1645 2877 1698 redimatur.

515 1734 704 1788 fectum
742 1738 966 1806 episcopi
992 1736 1069 1807 [in
1108 1737 1341 1806 profectu
1365 1736 1606 1807 ordinati]
1647 1736 1918 1805 gaudeant,
1952 1735 2031 1786 vel

2199 1750 2223 1788 δ
2252 1750 2332 1803 l0.
2368 1750 2536 1819 (Van)
2579 1752 2651 1803 De
2700 1752 2858 1830 enixa
2904 1752 3137 1813 muliere,
3176 1762 3265 1803 aut
3321 1760 3664 1802 menstruam.

512 1839 606 1890 pro
628 1823 739 1889 ejus
764 1826 995 1878 custodia
1017 1826 1358 1893 omnipotenti
1380 1826 1483 1878 Deo
1504 1839 1681 1892 preces
1700 1824 1896 1891 pariter
1922 1822 2029 1874 Deo

514 1910 766 1963 fundant?

517 2018 540 2054 δ
569 2019 616 2069 9.
648 2018 722 2071 De
759 2019 1024 2085 baptismo,
1055 2032 1099 2073 et
1125 2022 1542 2088 periclitantibus,
1572 2030 1617 2072 et
1645 2028 1795 2087 partu
1828 2032 2025 2073 eorum.

496 2160 519 2181 ο
576 2135 599 2161 ο
640 2123 820 2177 Mulier
866 2140 1137 2194 prmgnans
1186 2126 1361 2194 (νιν.)
1399 2133 1567 2193 potest
1593 2124 1879 2194 baptizari,
1908 2138 2026 2177 cum

510 2230 610 2267 non
646 2215 712 2267 sit
741 2224 863 2268 ante
889 2215 1261 2283 omnipotentis
1291 2215 1377 2267 Dei
1422 2216 1601 2275 oculos
1654 2214 1804 2284 culpa
1852 2214 2025 2282 aliqua

508 2300 796 2355 fecunditas
824 2299 1063 2371 [carnis].
1094 2302 1222 2354 Nam
1250 2317 1364 2354 eum
1391 2302 1559 2371 primo
1591 2310 1838 2371 parentes
1860 2302 2023 2355 nostri

506 2388 841 2457 deliquissent
872 2390 922 2443 in
956 2391 1218 2459 paradiso,
1245 2391 1687 2461 immortalitatem
1735 2406 1890 2458 quam
1934 2406 2022 2442 ac-

504 2487 769 2546 ceperant,
797 2488 939 2533 recto
968 2480 1057 2533 Dei
1077 2478 1273 2546 judicio
1293 2478 1647 2545 perdiderunt.
1690 2478 1818 2545 Quia
1849 2480 2023 2548 itaque

506 2564 645 2617 idem.
665 2566 992 2634 omnipotens
1020 2566 1155 2619 Deus
1180 2567 1462 2619 humanum
1485 2581 1647 2634 genus
1672 2567 1723 2618 in
1749 2566 1897 2634 culpa
1928 2582 2019 2619 sua

506 2653 735 2707 funditus
764 2656 1095 2725 exstinguere
1138 2644 1319 2719 noluit,
1344 2665 1397 2710 et
1436 2657 1879 2710 immortalitatem
1922 2660 2017 2713 ho-

504 2744 626 2797 mini
659 2758 751 2813 per
804 2756 1073 2815 peccatum
1096 2751 1103 2763 ‘
1124 2746 1238 2817 [pro
1267 2746 1500 2816 peccato]
1530 2763 1679 2800 suum
1706 2749 1940 2809 abstulit,
1968 2758 2022 2801 et

504 2832 519 2891 (
536 2829 676 2899 γαν.)
700 2832 1069 2901 benignitatem
1096 2848 1201 2885 sua:
1223 2834 1430 2899 pietatis
1473 2834 1791 2886 fecunditate
1830 2834 2020 2888 sobolis

502 2919 576 2971 eis
602 2922 903 2973 reservavit.
938 2920 1083 2986 Quod
1108 2936 1236 2985 ergo
1290 2920 1460 2990 (Mult.
1488 2922 1617 2990 ear.)
1664 2938 1765 2976 non
1820 2932 2018 2978 natura:

2203 1872 2223 1898 ο
2250 1861 2327 1914 Ad
2350 1862 2619 1913 mulierem
2663 1862 2870 1914 enixam
2902 1862 2985 1931 [ad
3012 1862 3126 1930 ejus
3152 1878 3276 1917 vero
3298 1863 3667 1933 concubitum]

2130 1950 2208 1999 vir
2232 1962 2355 2000 suus
2376 1948 2624 2000 accedere
2652 1963 2755 2001 non
2782 1949 2953 2011 debet,
2983 1952 3323 2019 quoadusque
3350 1952 3519 2017 proles
3534 1965 3666 2017 qua:

2127 2034 2374 2102 gignitur,
2408 2034 2712 2087 ablactetur.
2767 2034 2934 2091 Prava
2973 2046 3145 2091 autem
3183 2039 3235 2091 in
3260 2040 3666 2107 coniugatorum

2126 2124 2359 2177 moribus
2401 2126 2722 2179 consuetudo
2749 2128 3005 2187 surrexit,
3046 2136 3102 2179 ut
3139 2128 3383 2182 mulieres
3427 2127 3669 2181 infantes

2124 2227 2245 2265 suos
2272 2214 2389 2266 aliis
2422 2214 2727 2267 mulieribus
2770 2214 2924 2283 (Var.
2953 2216 3168 2284 etadd.)
3202 2216 3266 2269 ad
3317 2217 3667 2269 nutriendum

2125 2302 2351 2354 tradant.
2385 2302 2532 2366 Quod
2560 2317 2619 2354 ex
2664 2302 2771 2357 sola
2815 2318 2971 2356 causa
3014 2305 3401 2357 incontinentiae
3448 2305 3671 2357 videtur

2124 2388 2409 2451 inventum,
2440 2388 2561 2457 quia
2594 2390 2717 2442 dum
2747 2406 2803 2443 se
2831 2391 3102 2444 continere
3126 2392 3326 2455 nolunt,
3358 2391 3669 2461 despiciunt

2121 2475 2315 2527 lactare
2336 2490 2465 2543 quos
2486 2478 2717 2546 gignunt.
2743 2468 2849 2532 illa:
2879 2480 3056 2547 itaque
3095 2496 3210 2549 qum
3246 2480 3379 2535 ﬁlios
3417 2497 3539 2535 suos
3590 2499 3666 2536 ex

2119 2580 2277 2633 prava
2301 2569 2677 2621 consuetudine
2708 2568 2822 2621 aliis
2844 2570 2907 2621 ad
2936 2570 3271 2623 nutriendum
3303 2573 3531 2633 tradunt,
3550 2573 3669 2625 nisi

2118 2654 2443 2721 purgationis
2472 2663 2673 2721 tempus
2702 2656 2991 2717 transierit,
3016 2657 3142 2709 viris
3171 2658 3279 2710 suis
3322 2674 3423 2712 non
3464 2660 3671 2712 debent

2120 2740 2397 2825 qdmisceri
2428 2759 2439 2792 :
2468 2743 2591 2808 quia
2632 2751 2683 2795 et
2713 2744 2825 2796 sine
2852 2753 3034 2810 partus
3064 2759 3244 2806 causa,
3273 2761 3390 2798 cum
3432 2747 3669 2799 insuetis

2120 2828 2429 2900 [consuetis]
2464 2834 2747 2886 menstruis
2788 2834 3107 2895 detinentur,
3132 2834 3259 2887 viris
3298 2836 3405 2888 suis
3442 2838 3667 2890 misceri

2117 2905 2491 2986 prohibentur;
2522 2922 2590 2973 ita
2618 2931 2675 2973 ut
2697 2930 2865 2973 morte
2890 2921 2973 2974 lex
3005 2916 3152 2974 sacra
3178 2922 3349 2986 feriat,
3368 2924 3409 2977 si
3434 2925 3550 2991 quis
3570 2926 3669 2978 vir

504 3009 752 3069 humanae,
785 3009 873 3061 sed
898 3010 1267 3078 omnipotentis
1292 3012 1379 3064 Dei
1404 3012 1540 3074 dono
1568 3022 1889 3065 reservatum
1916 3024 2014 3075 est,
2043 3024 2087 3085 ο
2120 3010 2184 3061 ad
2226 3017 2603 3063 menstruatam
2656 3009 2975 3080 [mulierem]
3022 3010 3255 3064 secedat.
3305 3011 3429 3077 Quae
3473 3020 3665 3065 tamen

501 3113 601 3163 qua
634 3098 831 3151 ratione
854 3100 1040 3166 poterit
1066 3101 1201 3153 sacri
1249 3101 1577 3169 baptismatis
1626 3104 1816 3171 gratia'
1839 3105 2016 3171 probi-

504 3185 645 3238 beri?
680 3185 732 3237 ln
782 3186 867 3239 illo
906 3189 1094 3255 quippe
1121 3190 1400 3256 mysterio.
1426 3190 1474 3240 in
1505 3205 1607 3257 quo
1650 3192 1819 3243 omnis
1866 3192 2017 3261 culpa

506 3271 733 3328 funditus
758 3276 1121 3342 exstinguitur,
1149 3275 1297 3327 valde
1339 3278 1552 3330 stultum
1591 3286 1690 3341 est,
1738 3280 1779 3331 si
1825 3280 2017 3332 donum

499 3360 676 3425 gratia:
704 3362 981 3414 contradici
1011 3377 1161 3429 posse
1204 3364 1456 3417 videatur.
1504 3366 1632 3419 Cum
1688 3382 1811 3420 vero
1865 3368 2016 3420 enixa

503 3448 677 3509 fuerit,
703 3457 816 3514 post
844 3459 969 3517 quot
994 3451 1179 3504 debeat
1224 3453 1337 3505 dies
1386 3454 1571 3506 mulier
1615 3456 1886 3509 ecclesiam
1934 3458 2014 3508 in-

503 3534 866 3593 lrare,\'cteris
888 3536 1200 3589 Testamenti
1228 3538 1539 3607 prtec'eptutu
1554 3550 1632 3593 cst
1652 3540 2018 3609 [pmt-eptitine

501 3623 772 3692 didicisti],
794 3633 846 3676 ut
875 3639 969 3691 pro
1003 3625 1234 3678 masculo
1261 3628 1328 3679 35
1358 3628 1555 3685 diebus,
1586 3646 1678 3695 pro
1708 3630 1893 3683 furtiua
1927 3648 2018 3681 au—

503 3700 604 3765 tem
634 3712 697 3765 66
728 3714 906 3765 diebus
929 3712 1114 3768 debeat
1146 3715 1424 3767 abstinere.
1468 3716 1643 3783 (ιάν.)
1676 3712 1777 3769 Sed
1827 3720 1933 3771 in'CC
1967 3720 2016 3771 iu

503 3801 747 3869 mysterio
768 3802 1107 3869 accipiuntur.
1134 3802 1259 3856 Nam
1288 3805 1328 3856 si
1354 3804 1478 3856 hora
1508 3784 1687 3859 eadem
1704 3822 1807 3871 qua
1828 3824 2019 3872 genue-

500 3930 588 3982 sed
616 3930 733 3999 sola
755 3931 1201 3999 perspicaciteisui
1239 3932 1429 3999 ingenii
1454 3934 1535 3983 hic
1556 3932 1754 3999 profert
1791 3934 1870 3984 vir
1896 3950 2016 3987 eru-

498 4000 653 4059 ditus,
685 3997 806 4050 illud
833 4000 966 4051 idem
990 3997 1327 4051 confirmatur
1346 3997 1565 4054 collect.‘
1589 4003 1703 4054 cod.
1756 4002 2013 4055 llcrovall.

499 4066 922 4184 exaltisitissima,
953 4082 981 4117 a
1005 4082 1104 4133 qua
1132 4068 1281 4145 longe
1318 4068 1523 4127 absunt,
1552 4084 1872 4136 quaecunque
1898 4080 2017 4124 sunt

504 4150 528 4182 a
601 4133 801 4184 reaorio
828 4133 1012 4184 aliena.
1039 4133 1182 4184 Unde
1208 4135 1325 4184 licet
1354 4134 1596 4184 colligere
1624 4153 1723 4184 non
1754 4153 2013 4184 essentm-

601 4133 801 4207 regorio
828 4133 1012 4207 aliena.
1039 4133 1182 4207 Unde
1208 4133 1723 4207 licetucolligere‘non
1754 4133 2013 4207 essequo-
2041 4194 2052 4203 ,

498 4214 598 4319 ηὲρ
627 4200 860 4268 Gregorii
887 4216 1022 4269 quan
1044 4203 1265 4269 plurima
1292 4204 1419 4265 alia,
1448 4218 1561 4271 qua:
1602 4205 1832 4258 indicant
1881 4200 2015 4260 notzn

498 4285 525 4317 ε.
584 4283 746 4319 mam.
1940 4296 1945 4301 '

498 4283 563 4319 att
584 4283 746 4321 mare.
1940 4296 1945 4301 '

792 4338 905 4389 add.
930 4353 1043 4405 quae
1064 4338 1317 4404 glossema
1348 4340 1576 4405 sapiunt.

572 4356 590 4373 -
616 4356 766 4389 rutra
792 4356 905 4389 auo.
930 4356 1043 4405 qua:
1064 4356 1317 4404 glossema
1348 4356 1399 4389 sa
1443 4356 1576 4391 Iunt.

572 4404 595 4440 δ
621 4403 901 4482 ξζοερερυι
926 4408 1211 4482 notaturin
1240 4407 1323 4482 ed.
1380 4356 1465 4482 lii,
1492 4410 1612 4475 quia
1668 4409 1731 4461 de
1780 4410 2013 4477 reliquiis

500 4472 663 4523 sancti
693 4469 1093 4544 Sixti‘pnecedit
1117 4474 1275 4544 aliud,
1302 4475 1436 4544 quod
1482 4469 1735 4544 repugnat
1776 4469 2012 4544 genuina:

501 4556 562 4591 ac
583 4547 738 4591 certa:
764 4539 990 4606 epistola:
1020 4540 1084 4591 50
1116 4541 1209 4594 lib.
1233 4557 1299 4601 tv,
1321 4539 1463 4595 unde
1495 4539 1593 4594 isiu

500 4606 614 4658 lect.
642 4608 757 4660 cod.
792 4608 909 4659 ller.
942 4610 1075 4660 sicut
1104 4624 1130 4660 a
1162 4624 1285 4661 mss.
1312 4609 1438 4661 Tell.
1465 4619 1515 4661 et
1546 4610 2016 4674 Carn.,etc.,sicut

497 4676 793 4727 observavit
815 4676 1215 4730 Gussanvillmus
1242 4678 1290 4732 in
1316 4679 1421 4729 suis
1449 4679 1603 4731 notis.

570 4752 591 4779 ε
622 4742 701 4795 Ab
730 4744 813 4795 his
839 4745 1013 4813 verbis
1033 4745 1125 4797 hoc
1151 4761 1250 4797 non
1277 4745 1496 4812 ambigo,
1532 4761 1695 4813 usque
1727 4749 1789 4798 ad
1836 4749 2017 4801 mulier

497 4825 784 4885 praegnans,
803 4811 882 4885 vir
903 4814 1081 4885 doctus
1107 4813 1394 4885 in_nuit_non
1417 4811 1536 4885 esse
1558 4811 1723 4885 sancti
1744 4815 1979 4885 Gregorii
2000 4835 2012 4879 ;

496 4877 740 4953 quianon
762 4879 883 4953 satis
899 4881 1129 4953 sapiunt,
1155 4880 1338 4947 inquit,
1353 4884 1551 4953 genium
1574 4881 1802 4953 Gregorii
1824 4877 2011 4953 niagm'.

498 4943 645 5009 Quod
676 4945 800 4999 dicit
826 4943 1012 4998 nullius
1034 4946 1147 5000 eod.
1180 4943 1485 5003 auctoritate
1525 4943 1718 5009 fretus".
1750 4954 1843 5005 hoc
1891 4943 2014 5007 cyon-

498 5013 772 5133 ﬁrmamus
788 5014 1091 5067 collectione
1117 5016 1234 5068 cod.
1263 5015 1379 5068 ller.
1411 5018 1461 5069 in
1488 5034 1587 5085 qua
1606 5021 1734 5072 nihil
1760 5020 2012 5085 ejusmodi

530 5089 703 5133 ,‘llllll’.

530 5089 703 5148 εεξιιιτι

480 5166 527 5183 κ-
552 5146 595 5185 *ἀ
632 5147 687 5221 l_n
718 5151 799 5202 ed.
821 5166 926 5221 non
953 5152 1159 5221 disting.
1195 5168 1219 5204 a
1254 5152 1583 5221 praecedenti.

572 5228 593 5253 ο
633 5214 787 5269 Petro
811 5214 1181 5289 Gussanvillfco
1211 5214 1317 5273 ha'cc
1340 5222 1623 5289 propositio
1654 5222 1857 5275 videtur
1902 5241 2015 5277 sus-

484 5292 644 5348 «pccta
681 5294 959 5355 «propter,
985 5286 1170 5355 inquit,
1197 5286 1354 5341 verba
1380 5286 1665 5355 sedquentia,
1690 5291 1845 5343 donec
1874 5294 2015 5344 abla-

498 5359 673 5423 rtetttr.
700 5352 827 5423 Quis
853 5354 993 5407 enim
1021 5354 1248 5423 virorum
1281 5357 1373 5407 ista
1403 5352 1588 5423 se'lege
1615 5360 1775 5410 teneri
1804 5362 2013 5412 credat?

501 5418 629 5492 Quis
661 5420 985 5492 prmlatorum
1017 5422 1116 5473 tale
1145 5423 1331 5476 audeat
1353 5418 1554 5492 juguni'
1576 5426 1855 5492 imponere.
1886 5430 2013 5481 Vide

502 5442 629 5476 quis
661 5442 985 5484 pl‘iCliNOl‘lllll
1018 5442 1116 5473 tate
1145 5442 1331 5476 auocat
1353 5442 1406 5488 jll
1450 5442 1533 5477 Ulli
1576 5442 1855 5492 tmponcrc.
1893 5442 2009 5481 Vtile

502 5480 683 5563 fluann.
715 5486 859 5539 Gcrs.
890 5488 1344 5563 de'prazparatione
1370 5442 1665 5563 agtuissam
1698 5504 1811 5560 post
1842 5496 2009 5563 pollu-

502 5560 691 5603 tionem
724 5568 1023 5608 nocturnmn
1052 5558 1359 5609 considerat.
1393 5559 1421 5607 7
1447 5570 1495 5611 et
1520 5564 1567 5611 8.
1611 5582 1624 5610 ι
1666 5558 1781 5614 Ηᾎτνςῖ
1804 5558 1879 5614 est
1913 5580 2011 5615 una

1674 4547 1822 4597 abest
1848 4562 1874 4596 a
1907 4548 2015 4599 col-
2055 4586 2064 4599 ς

2119 3095 2328 3159 mulier,
2352 3096 2475 3149 dum
2503 3095 2685 3165 (ναν.)
2711 3097 3140 3151 consuetudinem
3168 3106 3487 3151 menstruam
3516 3100 3669 3165 pati-

2118 3190 2222 3243 tur,
2251 3184 2519 3249 prohiberi
2561 3184 2838 3237 ecclesiam
2869 3186 3065 3238 intrare
3092 3200 3195 3238 non
3226 3186 3379 3239 debet
3407 3203 3420 3238 :
3450 3189 3569 3255 quia
3604 3188 3669 3241 ei

2118 3280 2318 3324 naturae
2343 3271 2674 3339 superﬂuitas
2700 3274 2751 3324 in
2784 3273 2996 3339 culpam
3015 3288 3117 3326 non
3148 3272 3284 3326 valet
3310 3274 3557 3341 reputari.
3586 3276 3669 3328 Et

2116 3376 2211 3428 per
2237 3362 2335 3414 hoc
2363 3362 2499 3429 quod
2531 3362 2690 3414 invita
2726 3362 2947 3430 patitur,
2978 3363 3171 3431 justum
3203 3378 3303 3417 non
3350 3372 3429 3417 est
3470 3374 3527 3416 ut
3570 3366 3667 3417 in-

2116 3465 2295 3517 gressu
2322 3450 2553 3503 ecclesia:
2578 3451 2829 3518 privetur.
2858 3449 3107 3505 Novimus
3128 3467 3352 3520 namque
3374 3452 3510 3522 quod
3536 3469 3667 3506 mu-

2116 3535 2212 3588 lier
2240 3552 2355 3603 qua:
2386 3538 2655 3605 sanguinis
2684 3535 2880 3591 ﬂuxum
2920 3539 3236 3605 patielatur,
3277 3548 3396 3607 post
3448 3550 3663 3609 tergum
3740 3580 3745 3583 -

2118 3627 2320 3678 [omini
2350 3628 2616 3679 humiliter
2650 3627 2874 3680 veniens.
2901 3628 3197 3681 vestimenti
3236 3627 3348 3694 ejus
3389 3628 3664 3683 ﬁmbriam

2120 3715 2307 3782 tetigit,
2337 3724 2489 3781 atque
2518 3714 2582 3767 ab
2607 3730 2666 3767 ea
2698 3715 2875 3769 statim
2899 3730 2989 3766 sua
3028 3715 3306 3769 infirmitas
3336 3717 3567 3769 recessit.
3592 3716 3661 3770 Si

2117 3817 2240 3870 ergo
2282 3802 2330 3853 in
2380 3801 2514 3853 (luxu
2565 3803 2835 3871 sanguinis
2887 3804 3075 3870 posita,
3105 3804 3435 3858 laudabiliter
3482 3808 3664 3874 potuit

2069 3942 2077 3953 '
2117 3934 2247 3985 ratio
2276 3934 2371 3985 \ll‘i
2402 3934 2556 3991 docti.
2599 3950 2713 4001 qua:
2755 3935 2880 4002 quin
2931 3935 3057 3987 mihi
3101 3934 3342 3989 videatur
3370 3950 3509 3999 vera,
3546 3937 3657 3990 tria

2117 4002 2419 4067 impediunt.
2468 4003 2517 4051 to
2561 4002 2691 4066 Quia
2719 4003 2863 4056 nullo
2899 4003 3255 4070 cujuscunque
3284 4004 3477 4056 codicis
3506 4006 3660 4058 testi-

2116 4070 2289 4140 monio
2327 4070 2503 4140 utitur.
2533 4070 2587 4121 2°
2613 4071 2741 4133 Quia
2769 4072 2931 4140 codex
2961 4070 3358 4140 llerovallianus
3382 4074 3473 4140 qui
3494 4088 3657 4127 veras

2116 4139 2277 4203 ipsius
2308 4134 2636 4201 conjecturas
2659 4138 2850 4206 smpius
2878 4139 3176 4202 confirmat,
3209 4142 3343 4197 hanc
3370 4134 3426 4194 ut
3458 4140 3654 4195 falsam

2115 4208 2352 4275 revincit.
2382 4206 2437 4257 5ο
2463 4207 2593 4271 Quia
2616 4222 2679 4259 ex
2702 4207 2801 4259 bac
2831 4208 3033 4261 ratione
3057 4217 3369 4275 sequeretur
3408 4210 3653 4275 quaedam

2114 4274 2326 4345 Patrum
2354 4276 2647 4327 testimonia
2674 4276 2969 4345 certissima
2996 4274 3223 4345 expungi
3252 4274 3469 4339 debere;
3496 4279 3653 4331 verbi

2114 4344 2293 4412 gratia
2318 4358 2436 4395 cum
2456 4352 2679 4412 _sanetus
2706 4342 2946 4412 Clemens
2978 4342 3360 4397 Alexandrinus
3381 4345 3450 4396 ita
3475 4345 3653 4412 loqui-

2117 4410 2201 4461 tur
2246 4410 2336 4461 lib.
2368 4427 2422 4462 Ill
2449 4410 2768 4464 Stromatum
2798 4430 2807 4461 :
2839 4429 2855 4459 ‹
2888 4411 3031 4464 Unde
3061 4412 3257 4464 nullum
3288 4429 3349 4465 ex
3379 4410 3654 4467 veteribus

2115 4494 2178 4547 ex
2214 4478 2482 4547 Scriptura
2508 4480 2799 4533 ostenderis
2825 4480 2911 4546 qui
2943 4494 3058 4532 cum
3086 4490 3383 4547 pra‘gnante
3415 4498 3519 4534 rem
3551 4482 3651 4535 ha-

2116 4546 2314 4617 buerit;
2350 4548 2437 4617 sed
2464 4556 2736 4617 postquam
2766 4548 2987 4617 gestavit
3025 4546 3253 4610 uterum,
3283 4558 3329 4601 el
3367 4559 3647 4617 postquam

2116 4614 2310 4686 editum
2342 4614 2498 4665 fetum
2538 4632 2563 4686 ξι
2597 4614 2727 4686 lacte
2756 4614 2968 4683 depulit,
2998 4632 3177 4669 rursus
3206 4632 3234 4669 a
3259 4614 3384 4670 viris
3408 4614 3650 4686 cognitas

2118 4682 2276 4752 fuisse
2298 4698 2501 4734 uxores.
2530 4680 2642 4752 Jan:
2668 4685 2806 4737 hunc
2823 4680 3047 4752 scopum
3078 4694 3133 4738 et
3160 4686 3448 4741 institutum
3472 4680 3650 4739 winve.

2119 4750 2228 4820 nios
2268 4759 2559 4820 servantem
2590 4750 2778 4819 Moysis
2806 4750 3028 4819 patrem,
3056 4769 3173 4805 cum
3217 4756 3495 4807 triennium
3521 4765 3651 4820 post

2117 4818 2371 4889 Aaronem
2420 4819 2614 4889 editum
2664 4818 3046 4881 intermisisset,
3100 4822 3341 4889 genuisse
3390 4818 3642 4889 Moysen).

2118 4885 2389 4961 Eurursus
2415 4887 2824 4961 _l_evitiea__tribns
2850 4903 3065 4961 servans
3094 4885 3227 4961 lianc
3254 4899 3450 4943 natnne
3471 4885 3646 4961 legem

2065 5011 2071 5016 _
2118 4968 2143 5004 a
2178 4954 2280 5005 Dco
2312 4955 2576 5026 traditam,
2609 4955 2964 5026 aliisnumero
3001 4959 3169 5026 ntiuor
3197 4959 3428 5026 ingressa
3459 4954 3548 5012 εδῖ
3588 4962 3644 5013 in

2117 5032 2309 5073 terram
2342 5023 2667 5098 promissam.
2698 5022 2803 5076 Non
2828 5025 2965 5098 cnim
2996 5022 3537 5098 facilemubiplicatur
3555 5042 3649 5098 ge-

2116 5104 2233 5146 nus.
2258 5106 2380 5161 cum
2402 5092 2498 5161 viri
2524 5091 2730 5155 quidem
2750 5093 3008 5143 seminaut
3033 5093 3118 5157 qui
3145 5091 3425 5161 legitimum
3458 5091 3650 5150 ineunt

2117 5159 2525 5216 matrimonium,
2573 5169 2873 5225 exspectant
2916 5167 3086 5211 autent
3138 5159 3239 5213 no'n
3291 5163 3454 5215 solum
3501 5166 3646 5217 uteri

2147 5227 2473 5296 estationcm,
2519 5228 2605 5296 sed
2660 5229 2816 5278 etiam
2869 5228 3083 5296 abiete
3141 5230 3496 5296 depulsionem
3544 5233 3573 5265 "
3620 5252 3639 5281 ι

2114 5239 2473 5343 gestationem,
2519 5239 2605 5277 sed
2660 5239 2816 5278 etiam
2869 5242 2895 5276 a
2952 5239 3083 5279 laete
3141 5239 3496 5296 depulsionem
3544 5239 3573 5265 ’
3620 5252 3639 5281 ι

2134 5295 2305 5345 ,θόρῐη
2333 5293 2695 5364 commendant
2716 5304 2761 5364 et
2787 5294 3309 5364 prm'cipiuntquiuam
3328 5300 3412 5351 alii
3436 5299 3646 5359 Patres.

2116 5371 2324 5414 sanctus
2365 5362 2693 5421 Ambrosius,
2724 5362 3005 5429 Gregorius
3035 5362 3161 5430 papa
3199 5364 3281 5427 Ill,
3312 5377 3364 5420 ct
3385 5377 3647 5435 quotquot

2121 5461 3640 5484 W

2182 5500 2208 5525 ⁸
2238 5496 2585 5564 Ἀὺαμενὸντων
2624 5496 2669 5549 δέ
2705 5502 2759 5549 οὐ
2798 5506 2879 5553 τήν
2914 5505 3167 5568 ruas-opim
3196 5502 3353 5568 μόνον.
3401 5502 3522 5554 ἆ)λᾶ
3563 5506 3651 5557 καὶ

2116 5573 2197 5621 τήν
2227 5566 2614 5632 ’χώακτς-λχὲφν.
