3926 6216
256 325 391 380 1081

1072 336 1370 388 (ΖΛΝΟΝΕΒ
1409 333 1678 388 SELECTI
1720 333 1805 384 EX
1851 331 1994 383 \‘ET.
2036 332 2182 383 CAN.
2219 325 2537 383 COLLECT.

3231 331 3356 382 £032

249 440 464 495 Domini
493 421 850 496 vestimentum
889 454 1126 513 tangere,
1161 464 1254 500 cur
1295 463 1407 514 qua:
1440 453 1756 499 menstruam
1792 451 1827 504 Α
1858 442 1952 492 fuit
1970 442 2104 507 quod
2125 421 2485 499 dimitteretur,
2512 440 2626 491 ideo
2650 452 2751 491 non
2775 444 2854 490 est
2874 438 3141 490 dimissum
3165 438 3212 488 in
3239 439 3364 514 bap-

247 529 526 596 s'anguinis
565 531 783 597 patitur,
813 533 857 583 ei
903 548 1002 584 non
1045 532 1197 585 liceat
1242 533 1442 584 Domini
1488 531 1790 584 ecclesiam‘r

254 616 494 667 .ntrare?
523 626 546 653 ι
587 615 788 668 Sanctae
833 626 1003 670 autem
1046 618 1418 670 communionis
1459 617 1758 684 mysterium

257 698 308 751 in
337 701 532 753 eisdem
562 703 744 755 diebus
770 705 1035 770 percipere
1067 704 1328 769 prohiberi
1371 718 1468 754 non
1509 703 1676 754 debet.
1707 701 1759 753 Si

259 799 386 838 vero
408 786 494 837 illa
525 799 590 838 ex
623 802 803 854 magna
832 791 1160 841 veneratione
1191 789 1452 855 percipere
1480 802 1581 838 non
1627 801 1760 852 pra:-

251 874 436 930 sumit,
467 873 716 925 laudanda
745 884 823 926 est
853 893 864 925 :
895 876 938 927 si
976 891 1101 928 vero
1129 877 1372 942 percepit,
1398 891 1498 927 non
1527 874 1764 939 judican—

249 957 346 1007 da.
372 957 628 1011 Bonarum
659 961 902 1012 mentium
931 970 1028 1024 est,
1054 970 1105 1014 et
1133 963 1201 1014 ibi
1226 965 1395 1030 aliquo
1418 964 1569 1016 modo
1589 963 1763 1028 culpas

248 1059 384 1097 suas
407 1060 709 1112 agnoscere,
735 1047 819 1098 ubi
845 1047 991 1113 culpa
1021 1063 1122 1100 non
1161 1059 1279 1102 est:
1311 1052 1429 1117 quia
1473 1065 1607 1116 saepe
1653 1051 1764 1101 sine

249 1131 411 1198 culpa
440 1133 629 1200 agitur,
652 1134 787 1199 quod
830 1136 970 1187 venit
1001 1151 1062 1187 ex
1094 1135 1260 1202 culpa.
1293 1136 1437 1190 Unde
1460 1137 1615 1190 etiam
1645 1150 1761 1188 eum

248 1219 540 1279 esurimus,
570 1220 681 1271 sine
727 1220 874 1287 culpa
918 1223 1266 1283 comedimus,
1289 1224 1475 1296 quibus
1507 1238 1567 1274 ex
1613 1222 1762 1287 culpa

247 1306 415 1373 primi
453 1301 676 1359 hominis
703 1307 894 1361 factum
923 1317 1034 1372 est,
1064 1319 1121 1362 ut
1158 1312 1465 1364 esuriamus.
1504 1311 1765 1364 Menstrua

245 1393 399 1444 enim
437 1396 753 1447 consuetudo
796 1397 1094 1450 mulieribus
1142 1413 1242 1451 non
1296 1399 1466 1466 aliqua
1493 1400 1640 1465 culpa
1667 1407 1762 1457 est,

247 1477 500 1531 videlicet
530 1480 616 1547 qui
657 1482 964 1534 naturaliter
1010 1485 1212 1536 accidit.
1264 1484 1363 1536 Sed
1413 1493 1585 1536 tamen
1631 1485 1766 1549 quod

245 1575 442 1617 natura
477 1567 586 1633 ipsa
627 1567 710 1633 ita,
738 1568 914 1620 vitiata
937 1577 1033 1628 est,
1059 1579 1114 1621 ut
1147 1571 1300 1621 etiam
1344 1571 1452 1622 sine
1489 1571 1768 1636 voluptatis

246 1653 432 1704 studio
477 1651 711 1706 videatur
743 1668 856 1707 esse
898 1655 1112 1721 polluta,
1141 1671 1202 1708 ex
1238 1657 1385 1724 mdpa
1413 1657 1553 1708 venit
1585 1657 1765 1708 vitium

250 1739 268 1809 ι
301 1756 368 1792 ex
414 1741 575 1809 culpa:
618 1742 757 1795 venit
791 1742 977 1812 vitio],
1007 1743 1058 1796 in
1100 1759 1202 1811 quo
1226 1745 1446 1811 seipsam
1473 1744 1638 1813 qualis
1673 1758 1767 1812 per

236 1829 503 1896 judicium
551 1830 688 1883 facta
743 1831 812 1884 sit
857 1831 1084 1885 humana
1124 1840 1310 1885 natura
1364 1841 1682 1899 cognoscat:
1716 1840 1769 1884 et

244 1920 415 1971 homo
447 1920 533 1986 qui
558 1919 761 1986 culpam
801 1927 983 1987 sponte
1014 1921 1352 1988 perpetravit,
1384 1929 1581 1972 reatum
1607 1919 1769 1986 culpae

243 2014 427 2073 portet
450 2006 658 2059 invitus.
684 2006 710 2045 ι)
733 2005 880 2060 Sicut
896 2008 946 2060 in
963 2008 1294 2061 Testamento
1320 2009 1488 2061 Veteri
1511 2009 1770 2062 exteriora

245 2106 417 2157 opera
445 2091 813 2154 observantur,
839 2093 908 2144 ita
934 2093 984 2146 in
1009 2091 1338 2146 Testamento
1365 2092 1506 2146 Novo
1531 2109 1632 2147 non
1662 2106 1769 2145 tam

243 2180 393 2245 quod
420 2180 651 2234 exterius
685 2181 874 2248 agitur,
905 2196 1061 2249 quam
1090 2183 1138 2235 id
1171 2183 1306 2249 quod
1354 2183 1584 2236 exterius
1630 2184 1770 2250 cogi-

245 2275 412 2327 tatur,
435 2266 651 2320 sollicita
680 2269 964 2321 intentione
988 2271 1294 2333 attenditur,
1321 2277 1378 2322 ut
1420 2271 1597 2323 subtili
1652 2286 1771 2323 sen-

244 2355 414 2408 tentia
438 2357 789 2422 perpendatur
817 2355 1164 2427 [puniuntur].

713 2521 801 2574 EX
836 2479 1070 2575 CAP-[TE
1105 2480 1308 2576 ίχΧγ.

660 2637 682 2664 θ
708 2643 755 2680 IN
785 2643 1030 2683 εριετοιΑ
1059 2645 1357 2684 HIEBONYII.

327 2755 406 2809 De
434 2772 490 2809 eo
515 2757 648 2825 quod
671 2758 742 2808 ait
764 2759 1028 2826 Apostolus
1050 2777 1066 2812 :
1106 2761 1270 2814 Unius
1293 2763 1470 2815 uxoris
1493 2763 1680 2818 virum.

315 2843 608 2912 Nunquam,
636 2844 704 2897 ﬁli
729 2843 952 2908 Oceane,
974 2846 1084 2900 fore
1107 2850 1372 2915 putabam,
1397 2850 1766 2918 indulgentiam

241 2933 500 3001 principis
541 2933 850 2986 calumniam
892 2936 1148 2988 sustinere
1183 2950 1407 2990 reorum.
1435 2936 1458 2975 δ
1490 2938 1768 3010 Consurgit

1859 529 2100 589 tismate;
2136 535 2187 578 et
2232 528 2350 593 quia
2385 535 2646 592 peccatum
2699 539 2798 576 non
2846 523 2970 586 fuit,
3002 525 3052 575 in
3100 513 3363 590 peccatum

1860 613 2210 680 reputabitur?
2233 613 2413 664 Omnia
2437 619 2629 672 scorta,
2660 611 3009 678 parricidium,
3033 619 3085 661 et
3114 611 3366 662 incestum

1860 698 1996 750 fonte
2023 707 2338 765 purgantur:
2372 700 2544 750 uxoris
2582 700 2900 749 inhmrebunt
2943 698 3172 756 maculze,
3210 706 3262 749 et
3287 699 3370 748 lu-

1859 788 2068 852 panaria
2095 786 2332 838 thalamis
2368 784 2722 852 praiferentur.
2764 785 2986 835 Audiant
3015 786 3110 837 hoc
3142 785 3330 836 ethnici
3359 828 3372 849 ,

1860 875 2213 944 catechumeni
2237 882 2407 925 etnon
2431 873 2644 926 honesta
2659 870 2874 939 iungant
2897 874 3224 945 matrimonia
3246 891 3256 924 :
3282 873 3370 925 sed

1863 961 2175 1022 Scottorum,
2207 969 2257 1013 et
2285 958 2570 1012 Atticorum
2595 959 2694 1009 ritu
2723 959 3042 1025 promiscuas
3071 973 3258 1010 uxores
3276 998 3288 1019 ,
3320 966 3372 1008 et

1860 1061 2158 1099 communes
2184 1045 2374 1097 liberos
2411 1045 2637 1096 habeant
2660 1062 2681 1094 :.
2713 1045 2815 1096 imo
2858 1051 3071 1096 caveant
3095 1044 3371 1108 qualecun-

1860 1147 1957 1197 que
1981 1131 2282 1183 vocabulum
2323 1129 2551 1197 conjugis
2571 1169 2584 1191 ,
2629 1146 2694 1181 ne
2734 1139 3003 1196 postquam
3035 1130 3083 1180 in
3111 1129 3370 1181 Christum

1861 1218 2187 1275 crediderint,
2205 1200 2386 1268 noceat
2405 1218 2478 1268 eis
2502 1215 2638 1283 quod
2663 1231 2849 1268 uxores
2871 1225 2924 1267 et
2944 1231 3043 1267 non
3064 1216 3376 1290 concubinas

1862 1313 1912 1355 et
1941 1305 2238 1356 meretrices
2264 1304 2557 1356 habuerint.
2587 1303 2929 1369 imputabitur
2953 1303 3226 1355 infelicitas
3253 1317 3376 1353 con-

1855 1387 1995 1456 jugis
2025 1398 2257 1451 mortuae,
2284 1397 2334 1440 et
2363 1389 2520 1450 libido
2546 1389 2837 1442 meretricia
2860 1389 3222 1447 coronabitur;
3255 1397 3304 1440 et
3334 1389 3376 1438 si

1863 1462 2193 1528 matrimOnio
2219 1474 2563 1542 cepnlasses,'
2584 1491 2686 1527 non
2722 1461 2899 1541 posses
2923 1475 3196 1540 aliquando
3226 1475 3378 1526 cleri-

1865 1579 1956 1616 cus
2008 1565 2256 1617 ordinari.
2303 1564 2379 1616 Illi
2427 1563 2773 1616 henedictioni
2818 1562 3018 1616 Domini
3059 1563 3374 1622 servientes,

1865 1651 2098 1713 Crescite,
2118 1661 2163 1704 et
2188 1651 2606 1719 multiplicamini,
2636 1658 2687 1702 ct
2706 1650 2842 1716 quod
2861 1647 3067 1710 licebat,
3091 1650 3380 1702 verecundo

1795 1731 1838 1788 Β
1865 1741 2059 1809 pudore
2087 1737 2352 1791 celarunt:
2383 1748 2436 1790 tu
2467 1738 2604 1805 quod
2634 1742 2754 1790 'non
2800 1738 3013 1798 licebat,
3061 1737 3383 1803 impudenter

1866 1824 2088 1893 gessisti.
2121 1824 2222 1875 Illis
2258 1825 2509 1890 scriptum
2535 1831 2631 1886 est,
2668 1821 2999 1876 Honorabiles
3028 1824 3250 1888 nuptire:
3291 1824 3380 1874 tibi

1865 1911 2088 1977 legitur,
2135 1908 2488 1960 Form'catores
2535 1917 2581 1959 et
2618 1908 2871 1959 adulteros
2908 1910 3076 1972 perdet
3119 1909 3378 1960 Dominus.

1865 1995 2050 2049 Omnia
2081 1997 2189 2048 haee
2216 1996 2266 2047 in
2290 1995 2544 2060 baptismo
2574 1994 2859 2046 condonata
2889 2001 3008 2045 sunt
3033 1995 3276 2055 crimina,
3308 1995 3383 2044 di-

1866 2093 2013 2136 cente
2039 2083 2286 2150 Apostolo
2311 2101 2321 2133 :
2364 2081 2488 2134 Hrec
2507 2082 2708 2148 quidem
2731 2082 2915 2148 fuistis,
2947 2083 3031 2134 sed
3061 2081 3215 2134 abluti
3245 2083 3382 2133 estis.

1868 2169 1969 2222 Sed
2004 2185 2179 2236 quatro
2202 2170 2460 2235 quomodo
2490 2177 2591 2221 tua:
2631 2170 2809 2237 sordes
2837 2169 2955 2222 lota:
2998 2178 3148 2230 sunt,
3180 2178 3233 2222 et
3259 2185 3386 2222 [ηοω

1867 2256 2133 2308 munditiae
2159 2254 2554 2308 sordidatm.~Si
2583 2256 2760 2308 sordes
2797 2250 3032 2317 fuissent,
3064 2247 3180 2310 lotae
3209 2259 3387 2323 utique

1866 2351 2058 2397 essent.
2091 2342 2143 2396 Si
2171 2358 2297 2396 vero
2339 2344 2519 2395 sordes
2548 2357 2648 2395 non
2675 2345 3112 2410 sunt,‘quomodo
3148 2360 3242 2411 pro
3268 2361 3383 2397 sor-

1866 2432 2017 2486 dibus
2040 2434 2392 2501 imputantur?
2427 2432 2550 2497 Quae
2570 2441 2650 2485 est
2675 2434 2768 2484 ista
2794 2435 3169 2501 tergiversatio,
3196 2443 3243 2487 et
3267 2451 3386 2490 acu-
3460 2453 3466 2459 ’

1866 2532 1983 2570 men
2009 2520 2148 2571 omni
2180 2519 2371 2586 pistillo
2401 2521 2666 2572 retusius?
2701 2520 2827 2584 Quia
2858 2522 2992 2587 quod
3027 2537 3132 2574 non
3157 2531 3238 2574 est
3262 2537 3384 2590 pec-

1865 2610 2068 2664 catum,
2112 2612 2378 2670 peccatum
2409 2613 2490 2656 est
2530 2607 2666 2671 quod
2710 2621 2808 2657 non
2840 2606 3066 2659 dimittat
3102 2607 3384 2670 Dominus;

1867 2690 1989 2758 quia
2019 2706 2120 2743 non
2147 2691 2328 2743 habuit
2354 2691 2490 2757 quod
2529 2693 2843 2744 dimitteret:
2893 2702 2944 2746 et
2989 2695 3182 2748 idcirco
3214 2710 3391 2751 manet

1867 2777 2004 2846 quod
2030 2778 2299 2831 dimissum
2322 2792 2423 2830 non
2449 2778 2564 2830 fuit.
2590 2777 2691 2832 Sed
2714 2781 2776 2832 de
2796 2779 2892 2832 hoc
2911 2783 3048 2846 quod
3069 2783 3212 2844 dicit,
3237 2785 3384 2837 unius

1867 2867 2040 2917 uxoris
2067 2868 2263 2928 virum;
2297 2867 2463 2934 prima
2493 2867 2687 2928 Christi
2735 2870 2961 2923 Ecclesia
2993 2885 3104 2937 quae
3147 2874 3210 2924 ab
3249 2874 3383 2940 Apo~

1868 2951 1999 3004 stolo
2024 2953 2322 3014 docebatur,
2353 2969 2414 3007 ex
2443 2954 2596 3008 Israel
2636 2955 2762 3020 fuit,
2793 2959 2873 3010 cui
2916 2961 3232 3013 consuetudo
3273 2970 3379 3014 erat

242 3023 376 3074 mihi
403 3021 662 3115 Αεθίηίθηθ
705 3021 906 3115 [Cium]
938 3024 1193 3115 δκῖέδίεν-
1215 3034 1268 3079 et
1307 3035 1542 3080 εωοτῑυδ
1585 3029 1762 3097 Vipera
1793 3037 1834 3095 C
1866 3053 1928 3090 ex
1950 3039 2061 3106 lege
2083 3047 2134 3091 et
2152 3039 2386 3107 exemplo
2405 3041 2814 3108 patriarcharum
2841 3046 2966 3110 ipsis
2989 3061 3192 3115 quoque
3212 3064 3386 3101 sacer-

239 3112 528 3164 contritum
562 3120 716 3180 caput
763 3112 900 3164 levat
948 3123 970 3148 ο
1013 3111 1231 3166 dicendo
1276 3128 1393 3166 esse
1439 3115 1611 3182 aliqua
1656 3130 1770 3182 qua:

241 3200 486 3252 Christus
519 3212 740 3267 purgare
769 3213 870 3251 non
898 3199 1079 3266 possit.
1117 3200 1133 3237 ί
1179 3200 1468 3264 Cartarius,
1514 3202 1771 3271 Hispania:

239 3289 540 3356 episcopus,
554 3304 709 3342 unam
730 3299 1007 3356 antequam
1028 3290 1402 3358 baptizaretur,
1416 3290 1632 3344 alteram
1654 3298 1772 3358 post

239 3376 556 3443 lzaptismum
581 3378 756 3444 priore
780 3386 983 3429 mortua
1007 3379 1153 3431 duxit
1177 3393 1392 3432 uxorem
1419 3397 1430 3430 :
1470 3388 1524 3432 et
1548 3380 1769 3433 arbitra-

238 3461 318 3514 ris
347 3476 464 3514 eum
491 3472 672 3517 contra
695 3463 994 3530 Apostolum
1025 3464 1251 3518 fecisse?
1284 3469 1307 3504 ε
1335 3466 1562 3519 Sustinui
1591 3468 1768 3520 Roma:

236 3564 266 3598 a
301 3549 416 3601 viro
443 3548 863 3617 eloquentissimo
891 3555 1186 3616 cornutum,
1217 3561 1274 3605 ut
1299 3553 1507 3617 dicitur,
1530 3555 1767 3624 syllogis—

240 3650 408 3697 mum,
438 3636 525 3703 qui
547 3636 883 3706 interrogavit
908 3653 1026 3691 me:
1069 3638 1293 3692 Uxorem
1326 3639 1513 3693 ducere
1542 3648 1623 3693 est
1646 3657 1767 3709 pec-

235 3724 449 3776 calum?
474 3724 581 3793 Ego
603 3726 904 3793 simpliciter
929 3727 1198 3795 respondi:
1225 3727 1336 3781 Non
1367 3737 1450 3781 est
1473 3739 1761 3796 peceatum.

237 3811 306 3861 l-It
338 3809 423 3861 ille
460 3810 625 3862 dixit:
661 3811 714 3863 In
749 3813 1004 3880 baptismo
1031 3813 1166 3865 mala
1202 3829 1359 3882 opera
1400 3817 1764 3880 dimittuntur,

235 3911 344 3948 non
383 3896 537 3950 bona.
576 3897 711 3966 Ergo
735 3914 849 3966 quae
889 3915 989 3952 non
1019 3901 1378 3965 dimittuntur,
1405 3913 1760 3956 reservantur.

236 3983 306 4034 Et
349 3998 444 4052 ego
483 3984 694 4052 inquio:
735 3985 1028 4054 Baptismus
1053 4002 1116 4041 ex
1155 3994 1261 4040 toto
1289 4003 1478 4042 novum
1504 3990 1763 4048 hominem

234 4075 406 4126 facit?
437 4073 594 4141 Resp.
625 4089 685 4127 ex
720 4082 826 4127 toto
868 4076 1179 4142 interrogavi
1207 4093 1217 4126 :
1258 4075 1394 4129 Nihil
1420 4091 1546 4144 ergo
1573 4077 1763 4130 veteris

235 4160 464 4214 hominis
487 4161 539 4213 in
584 4162 894 4229 baptismate
933 4173 1261 4215 reservatur:
1310 4179 1410 4216 non
1440 4173 1606 4231 potest
1629 4180 1762 4216 novo

233 4248 500 4317 imputari,
546 4248 683 4315 quod
713 4249 763 4300 in
793 4249 950 4301 veteri
989 4251 1248 4316 quondam
1297 4249 1432 4302 fuit?
1472 4249 1756 4304 Obmutuit.

1866 3128 2070 3181 dotibus
2093 3129 2141 3180 in
2163 3128 2338 3183 multis
2360 3131 2610 3183 uxoribus
2632 3131 2819 3184 liberos
2845 3147 3105 3200 spargere.
3133 3135 3384 3203 Praecepit

1857 3224 2007 3283 ergo,
2038 3228 2103 3267 ne
2131 3215 2366 3267 eamdem
2404 3215 2663 3268 licentiam
2709 3215 2953 3270 Ecclesiae
2993 3218 3090 3270 sibi
3123 3219 3385 3274 vindicent

1864 3301 2178 3362 sacerdotes,
2221 3303 2312 3354 sed
2359 3309 2416 3354 ut
2460 3302 2677 3371 singulis
2720 3320 2824 3358 uno
2863 3313 3092 3373 tempore
3135 3307 3375 3361 habeant.

1864 3388 2101 3453 Quaeram
2128 3397 2181 3442 et
2204 3389 2342 3442 aliud
2367 3407 2379 3440 :
2419 3390 2474 3442 Si
2515 3391 2632 3457 quis
2661 3400 2779 3442 ante
2806 3391 3118 3458 baptismum
3143 3394 3381 3447 habuerit

1863 3475 2224 3536 concubinam,
2269 3483 2322 3527 et
2359 3475 2440 3526 illa
2484 3485 2688 3528 mortua
2716 3477 3008 3544 baptizatus
3035 3495 3249 3535 uxorem
3288 3483 3381 3535 du-

1863 3562 2014 3625 xerit,
2037 3571 2209 3615 utrum
2231 3563 2452 3616 clericus
2482 3563 2591 3617 ﬁeri
2618 3565 2834 3618 debeat?
2857 3565 3206 3634 Respondebis
3226 3585 3382 3636 posse
3417 3629 3424 3644 κ

1865 3649 1995 3711 ﬁeri,
2027 3651 2148 3717 quia
2192 3651 2532 3704 concubinam
2574 3653 2780 3716 habuit,
2823 3669 2924 3707 non
2963 3671 3193 3708 uxorem.
3243 3658 3373 3726 Ergo
3452 3696 3459 3704 .

1865 3733 2180 3802 [coniugales
2208 3735 2391 3807 tabulae
2419 3735 2492 3805 et]
2517 3737 2705 3790 dotalia
2727 3738 2844 3803 jura
2871 3743 2933 3793 ab
2959 3741 3232 3808 Apostolo,
3275 3761 3374 3798 non

1861 3820 2025 3896 coitus
2052 3821 2443 3872 condemnatur.
2475 3823 2489 3860 ὶ
2529 3822 2671 3876 Unde
2695 3839 2812 3876 cum
2837 3826 2988 3877 unius
3010 3828 3184 3880 uxoris
3208 3831 3372 3883 virum

1860 3911 2008 3973 dicit,
2037 3913 2186 3963 unius
2211 3911 2442 3963 mulieris
2481 3913 2643 3980 possit
2681 3913 2894 3983 intelligi
2936 3915 3117 3968 coitus.
3164 3917 3272 3970 Non
3310 3920 3373 3971 ad

1861 3997 2062 4050 tabulas
2084 3997 2282 4050 dotales
2308 4007 2510 4066 Oportet
2538 3997 2675 4052 ferre
2715 3999 3009 4066 Scripturas
3033 4011 3256 4065 sanctas,
3286 4006 3372 4058 sed

1861 4089 1930 4140 ita
1961 4096 2014 4140 ut
2042 4097 2161 4140 sunt
2186 4088 2503 4155 intelligere:
2529 4104 2625 4141 nec
2648 4104 2900 4143 evacuare
2925 4091 3236 4158 baptismum
3261 4093 3371 4143 Sal-

1859 4173 2114 4234 vatoris,i
2159 4175 2208 4226 in
2239 4189 2341 4242 quo
2377 4176 2549 4227 omnia
2593 4183 2805 4241 peccata
2851 4187 3170 4244 merguntur.
3222 4180 3286 4232 Et
3330 4182 3369 4232 si

1859 4261 2028 4312 omnia
2075 4269 2285 4326 peccata
2331 4269 2652 4328 merguntur,
2688 4263 2943 4328 quomodo
2972 4279 3072 4314 una
3119 4280 3250 4316 uxor
3288 4282 3368 4317 su-

233 4338 341 4390 Sed
384 4351 503 4390 cum
546 4337 683 4404 loqui
710 4338 952 4398 nesciret,
998 4348 1170 4390 tacere
1215 4354 1314 4391 non
1360 4341 1562 4407 potuit:
1603 4340 1759 4406 cmpit
1789 4355 1833 4410 [)
1856 4348 2129 4413 pernatat?
2155 4347 2298 4399 Beati
2328 4363 2540 4415 quorum
2569 4349 2788 4400 remissa
2815 4359 2928 4400 sunt
2954 4350 3254 4417 iniquitates.
3282 4353 3369 4403 Ar-

229 4425 448 4488 sudare,
476 4425 780 4492 pallescere,
818 4435 1039 4478 tremere
1062 4427 1192 4478 labia
1218 4444 1230 4488 ;
1263 4427 1432 4494 erupit
1459 4428 1755 4494 aliquando,

229 4521 286 4564 et
313 4512 418 4563 ait:
472 4509 583 4563 Non
623 4510 791 4580 legisti
828 4513 980 4565 unius
1027 4513 1204 4565 uxoris
1229 4514 1393 4566 virum
1424 4514 1613 4572 debere
1646 4515 1755 4568 fieri

230 4598 583 4662 sacerdotem,
599 4607 651 4652 et
673 4613 783 4651 rem
807 4615 910 4653 non
933 4610 1164 4669 tempora
1185 4602 1421 4656 deliniri?
1441 4603 1464 4640 ει
1491 4604 1604 4656 Dixi
1627 4620 1752 4671 ego:

232 4690 537 4758 Baptizatus
572 4689 846 4756 episcopus
872 4689 1077 4756 eligitur
1104 4691 1154 4742 in
1183 4691 1552 4759 episcopatum.
1602 4693 1754 4757 Qua:-

233 4780 368 4832 ritnr
393 4778 532 4830 enim
559 4778 681 4845 quid
708 4778 794 4841 sit,
827 4793 925 4830 non
954 4779 1075 4848 quid
1120 4778 1232 4830 fuit.
1283 4781 1410 4843 Quia
1455 4781 1611 4845 igitur
1652 4796 1751 4833 non

232 4955 352 4999 sunt
395 4944 502 4999 fere
531 4944 969 5002 Pmnitentialium
997 4955 1252 4998 auctores.
1306 4946 1405 4998 Sed
1449 4946 1563 4999 vide
1603 4956 1751 5000 notas

237 5015 298 5092 ad
354 5023 508 5079 caput
554 5012 739 5065 Paruit.
797 5013 990 5066 Theod.
1041 5016 1103 5066 de
1151 5017 1524 5080 quatstionihus
1569 5019 1749 5085 conju-

250 5096 456 5133 norum.

250 5101 456 5133 ἸοῐἹιΙῐΙ.

232 5101 262 5150 δ
301 5162 325 5188 ι
347 5149 442 5201 Hic
457 5147 680 5217 plurima
703 5148 1098 5213 interponuntur
1115 5165 1229 5215 qua:
1249 5149 1499 5216 glossema
1524 5151 1744 5217 sapiunt.

300 5217 328 5254 ιι
354 5216 486 5285 ΑΜ.
518 5216 697 5268 eadem
721 5229 834 5284 qum
852 5229 1003 5281 supra
1030 5218 1156 5268 satis
1176 5233 1434 5285 superque
1456 5216 1594 5269 dicta
1611 5227 1748 5269 sunt.

304 5294 325 5320 ε
359 5283 702 5353 Hieronymus
723 5283 946 5353 oceano,
967 5299 1087 5334 num
1110 5283 1749 5353 repetensmatrimonium

232 5367 260 5403 a
284 5351 544 5419 baptismo
557 5350 730 5419 possit
758 5350 869 5404 ﬁeri
894 5353 1152 5403 sacculos.
1169 5350 1182 5353 “
1559 5379 1565 5385 ι

299 5367 350 5404 aa
390 5366 544 5404 usmo
568 5366 730 5419 pOSSIl.
758 5366 869 5404 llel‘l
894 5367 1001 5403 saec

299 5419 325 5457 ἀ
353 5366 500 5472 glult.
530 5419 814 5471 redundant
843 5420 892 5470 in
921 5420 1001 5472 ed.

306 5498 329 5525 ⁸
362 5485 520 5540 Multa
542 5487 592 5538 in
619 5487 742 5538 edit.
769 5489 958 5554 passim
991 5487 1109 5539 add.
1142 5497 1190 5538 et
1221 5503 1329 5539 var.

309 5554 325 5592 ί
356 5554 514 5607 Multa
545 5553 850 5606 redundant.

1851 4435 2015 4487 bitror
2041 4437 2176 4503 quod
2202 4437 2459 4504 possimus
2477 4444 2529 4488 et
2556 4451 2650 4487 nos
2678 4437 2796 4488 huic
2819 4437 3010 4503 aliquid
3034 4438 3367 4502 cauticojun-

1850 4536 1970 4588 gere
1989 4540 2002 4573 :
2023 4507 2207 4573 Beatus
2234 4523 2306 4573 vir
2327 4523 2407 4572 cui
2431 4537 2526 4573 non
2550 4523 2809 4590 imputavit
2828 4524 3071 4576 Dominus
3091 4537 3362 4591 peccatum.

1852 4611 1873 4646 ι
1906 4610 2076 4660 Mirari
2101 4610 2227 4661 satis
2256 4624 2473 4676 nequeo,
2503 4625 2614 4676 qiue
2642 4612 2904 4662 homirnam
2936 4620 3076 4662 tanta
3115 4614 3180 4662 sit
3219 4613 3366 4664 επρρί-

1850 4706 1949 4756 tas,
1971 4697 2033 4748 de
2059 4697 2305 4748 uxoribus
2341 4705 2460 4748 ante
2505 4699 2811 4762 baptismum
2842 4698 3132 4763 disputare,
3175 4707 3225 4749 et
3253 4714 3361 4750 rem

1849 4785 1897 4836 in
1934 4784 2187 4850 baptismo
2216 4792 2502 4842 mortuam,
2536 4784 2636 4833 imo
2663 4799 2777 4835 cum
2816 4783 3023 4836 Christo
3053 4783 3360 4836 viviticatam

1917 4952 1938 4984 ε
1965 4948 2307 5014 interponitur
2332 4950 2484 4999 nimis
2521 4951 2745 5015 gestiens
2783 4948 2948 5001 oratio
2986 4958 3037 5002 ct
3062 4949 3204 5000 falsa.
3243 4951 3352 5001 Vid.

1843 5031 1924 5082 ep.
1953 5017 2124 5068 lnnoc.
2153 5027 2204 5067 et
2229 5017 2443 5068 aliorum
2474 5018 2661 5068 testim.
2696 5018 2744 5067 in
2773 5025 2876 5066 not.
2901 5019 2963 5068 ad
2991 5017 3132 5069 Pam.

1913 5084 1936 5120 δ
1968 5084 2119 5133 Plura
2144 5098 2234 5147 per
2251 5085 2486 5151 paginam
2511 5087 2757 5150 integram
2780 5083 2998 5146 effutita,
3029 5098 3141 5149 quae
3161 5084 3223 5134 ad
3245 5097 3352 5136 rem

1851 5166 1950 5202 non
1978 5152 2253 5214 pertinent.

1926 5220 1936 5255 ί
1973 5217 2068 5269 Hic
2094 5217 2238 5283 plura
2271 5217 2537 5283 interjecta
2560 5225 2677 5269 sunt
2699 5218 2759 5269 de
2788 5218 3104 5270 concubinis.

1922 5284 1932 5331 i
1955 5283 2064 5353 ilic
2086 5285 2327 5337 discurrit
2355 5301 2444 5350 per
2463 5285 2673 5352 paginas
2694 5287 2916 5353 integras
2935 5300 3103 5337 sermo
3125 5285 3187 5338 de
3208 5287 3354 5352 aquis

1850 5352 2240 5432 l'rigidpshatque
2266 5355 2327 5432 ad
2355 5368 2460 5404 rem
2503 5352 2847 5432 nequidquam
2875 5354 3155 5420 pertinens.

1922 5429 1941 5459 κ
1974 5419 2124 5470 Multa
2153 5434 2247 5486 per
2269 5420 2439 5484 plures
2466 5419 2679 5488 paginas
2709 5419 3020 5482 inseruntur,
3043 5436 3155 5486 qu:e
3181 5435 3208 5469 τι
3237 5434 3352 5486 pro-

1849 5488 2014 5554 posito
2041 5501 2250 5553 prorsus
2278 5496 2396 5538 sunt.
2428 5488 2608 5539 aliena.
