3926 6216
267 349 292 405 ί
305 349 411 407 085

1045 352 1048 355 ‘
1133 356 1484 412 examen
1516 359 1604 413 ex
1642 349 2137 451 rwNITsNTIALi
2173 364 2219 418 J.
2260 367 2344 420 DE
2380 368 2527 422 nec.

3254 374 3272 424 l
3282 373 3382 427 086

332 460 923 535 seruirepiscopusglduos
958 464 1129 535 solidos
1155 471 1332 535 tantum
1372 468 1565 535 accipiat
1588 480 1787 535 :_n_eque
1818 476 1860 530 Α
1942 470 2019 535 ξε.
2046 461 2384 535 ςινὶιιεωδιῑι
2405 480 2455 524 et
2477 476 2625 535 turpia
2644 478 2819 524 cantica
2843 480 3179 535 prohibeantur

261 522 457 563 neniam
484 526 664 577 partem
686 521 748 568 de
765 522 1077 585 oblationibus
1108 532 1318 585 quaerat:
1345 533 1395 574 et
1425 521 1484 574 ut'
1514 526 1673 576 clerici
1694 521 1783 576 rion

261 586 556 624 exactentur
577 591 709 627 more
730 580 905 629 servili.
1124 580 1140 585 ’
1314 594 1319 598 ‘
1525 619 1535 626 .

1942 530 2017 589 92.
2045 530 2437 589 Presbyterorum
2477 545 2526 581 et
2556 530 2860 582 'dzaconorum
2897 540 3215 587 ordinationes
3249 544 3394 589 certis

1883 587 2121 636 celebrari
2138 587 2320 639 debere
2340 593 2647 652 temporibus.

987 792 1347 857 ΜσΝιΤυΜ
1390 801 1500 860 DE
1530 798 1955 859 EXCERPTIS
1995 803 2670 874 SUBSEQUENTIBUS.

331 1011 463 1064 Cum
493 1011 735 1079 pleraque
756 1012 1120 1073 ecclesiasticae
1144 1012 1425 1079 discipliua‘
1454 1025 1780 1068 monumenta

247 1077 369 1143 iam
400 1077 588 1132 excusa
610 1077 805 1140 essent,
848 1096 876 1131 a
904 1080 1017 1131 viro
1036 1077 1334 1132 doctissimo
1366 1081 1421 1132 D.
1451 1082 1670 1134 l’eronio
1696 1098 1784 1135 ca-

252 1147 454 1216 nonico
482 1145 781 1216 C_arnotens_i
808 1156 861 1216 et
896 1148 1038 1216 socio
1081 1147 1366 1200 Sorbonico
1403 1150 1576 1216 accepi
1606 1149 1773 1201 Ι)ωηὶ-

253 1213 479 1266 tentiale
505 1213 718 1283 Joannis
744 1214 808 1266 de
834 1213 959 1265 Deo.
1000 1212 1169 1283 Quare
1197 1229 1411 1283 qumex.
1431 1230 1494 1283 eo
1522 1212 1796 1283 decerpsi--

252 1296 385 1333 nius
411 1291 559 1351 extra
586 1281 754 1351 locum
782 1296 930 1351 suum
955 1281 1096 1333 velut
1117 1282 1398 1351 appendice
1426 1282 1510 1335 hic
1533 1281 1784 1351 reponere

249 1364 479 1402 necesse
528 1347 639 1401 fuit.
690 1348 832 1402 Licet
878 1349 962 1401 hic
1006 1349 1417 1410 auctor-doctor
1458 1347 1809 1405 decretorum'

249 1427 533 1487 nunQuant
563 1415 1010 1487 supra_decretur_n
1040 1418 1229 1484 sapiat,
1276 1426 1449 1470 tamen
1493 1433 1554 1470 ea
1587 1434 1702 1487 quae
1731 1420 1783 1471 in

246 1498 483 1551 corpore
505 1483 846 1552 Decretalium
884 1494 938 1537 et
962 1483 1300 1538 Decretorum
1339 1499 1519 1552 sparsa
1563 1483 1683 1539 sunt
1710 1487 1783 1539 ita

245 1560 382 1621 apte
399 1552 474 1621 ad
504 1566 653 1621 suum
675 1551 1039 1621 Poeniteiitiale
1060 1551 1427 1621 absolvendum
1450 1554 1701 1621 disponit,
1728 1564 1783 1605 ιιι

247 1618 442 1670 multis
469 1619 628 1670 videri
671 1618 854 1671 debeat
896 1620 1039 1671 utile.
1084 1618 1384 1686 Singulares
1413 1618 1610 1686 aliquot
1639 1636 1782 1673 com-

249 1686 508 1762 plectitur
526 1686 828 1762 opiniones:
858 1686 1080 1762 exempli
1104 1687 1293 1762 gratia,
1314 1701 1431 1740 cum
1457 1688 1533 1741 sic
1558 1688 1784 1762 loquitur

247 1753 309 1823 in
345 1754 513 1823 capite
539 1765 603 1823 de
627 1755 929 1823 paenitentia
953 1753 1359 1808 et'coufessione
1381 1769 1559 1823 papte:
1593 1773 1610 1802 ‹
1628 1753 1785 1819 Ὼιιω-

248 1822 397 1873 ritur
424 1822 507 1873 cui
535 1822 722 1873 debeat
748 1822 1009 1889 conﬁteri,
1033 1831 1087 1875 et
1113 1823 1316 1875 videtur
1348 1822 1484 1889 quod
1523 1823 1646 1875 nulli
1684 1823 1781 1875 nisi

250 1888 387 1957 Deo,
418 1897 476 1941 ut
518 1889 717 1942 faciunt
759 1888 967 1957 Graeci:
1006 1897 1060 1940 ut
1089 1888 1427 1957 probatur.de
1471 1889 1779 1943 Pt‘enitcntia

243 1956 381 2023 dist.
420 1958 477 2023 l,
520 1972 566 2009 c.
610 1957 702 2008 ult.
730 1975 748 2005 ι
793 1956 1000 2009 Similes
1032 1956 1537 2023 accommodationes
1591 1958 1640 2008 in
1681 1957 1781 2010 isto

243 2022 610 2079 Pmnitentiali
637 2023 895 2091 leguntur.
929 2024 1005 2075 Ad
1033 2024 1380 2077 usumstudii
1416 2022 1777 2085 Bononiensis,

246 2090 324 2142 ad
349 2092 626 2145 utilitatem
654 2092 814 2144 totius
832 2091 1090 2147 Ecclesiae.
1117 2102 1167 2144 et
1196 2092 1260 2144 ad
1286 2092 1534 2144 honorem
1563 2091 1652 2145 Dei
1683 2091 1778 2142 Ec~

241 2159 534 2228 clesiieque
565 2160 811 2228 Riouianze
852 2168 1007 2227 atque
1041 2160 1154 2227 ejus
1202 2159 1513 2216 venerabilis
1546 2159 1780 2228 priesulis

243 2225 544 2295 IBBOL‘elllll
573 2225 636 2279 ιν
664 2225 1009 2295 compositum
1037 2225 1118 2280 est
1136 2266 1149 2289 ,
1178 2225 1609 2295 quemadmodum
1635 2227 1783 2279 initio

246 2294 378 2346 libri
406 2295 505 2357 .his
544 2294 721 2349 verbis
757 2294 1086 2349 deelaratur:
1123 2313 1140 2344 ι
1169 2294 1246 2348 Ad
1274 2294 1525 2348 honorem
1569 2309 1784 2348 summie

245 2360 555 2425 Trinitatis,
584 2372 637 2415 et
668 2362 944 2415 individua:
978 2362 1196 2415 unitatis
1235 2362 1426 2423 Patris,
1466 2370 1518 2415 ct
1556 2362 1704 2423 Filii,
1732 2371 1786 2414 et

246 2427 485 2496 Spiritus
515 2431 698 2489 sancti,
726 2438 777 2482 et
810 2431 974 2484 beata:
1003 2430 1252 2497 Virginis,
1279 2438 1333 2482 et
1359 2431 1592 2482 onmium
1630 2444 1783 2497 ange-

1887 1018 2071 1088 lorum,
2096 1027 2147 1069 et
2168 1018 2397 1088 omnium
2419 1025 2743 1079 sanctorum,
2768 1028 2820 1071 et
2842 1022 3097 1088 praecipue
3114 1022 3250 1075 beati
3274 1024 3398 1078 Yin-
3426 1028 3427 1031 “

1886 1086 2060 1145 centii,
2081 1092 2133 1136 et
2153 1086 2217 1136 ad
2238 1086 2486 1136 honorem
2508 1094 2559 1135 et
2582 1100 2766 1137 nomen
2793 1086 3159 1141 venerabilium
3186 1089 3397 1143 Patrum

1843 1176 1857 1189 ι
1886 1152 2109 1218 episcopi
2148 1161 2201 1202 et
2228 1151 2436 1217 capituli
2467 1152 2609 1202 urbis
2638 1151 2999 1217 Bononiensis,
3026 1166 3079 1209 et
3111 1158 3174 1208 ad
3203 1156 3398 1209 utilita-

1888 1229 1988 1271 tem
2018 1219 2246 1271 uuivcrsi
2273 1218 2450 1281 studii,
2472 1226 2522 1270 ct
2562 1218 2623 1270 ad
2666 1220 2916 1273 honorem
2944 1222 3189 1275 Romanae
3218 1224 3399 1276 Eccle-

1889 1287 2000 1345 sim,
2029 1294 2082 1338 et
2121 1284 2234 1351 ejus
2272 1284 2582 1338 venerabilis
2626 1288 2858 1352 pnesulis
2901 1288 3217 1343 lnnuocentii
3255 1290 3338 1341 IV.
3374 1309 3392 1340 ι

1888 1353 2287 1424 Privatim_ve30
2320 1368 2466 1424 suum
2501 1351 2896 1424 opus’UJoannes
2924 1357 2986 1407 de
3027 1357 3130 1409 Deo
3155 1358 3397 1424 episcopo

1888 1428 1937 1490 et
1964 1420 2187 1490 capitulo
2213 1419 2772 1490 Bononiensi'dedicat.
2796 1422 2882 1473 Sic
2905 1423 3040 1474 enim
3067 1419 3247 1490 incipit
3270 1419 3402 1490 prie.

1888 1487 2013 1539 fatio
2038 1504 2047 1537 :
2086 1504 2104 1536 ι
2133 1487 2424 1539 Venerabili
2461 1487 2600 1538 Patri
2628 1502 2689 1539 ac
2728 1488 2936 1541 domino
2966 1506 2994 1541 a
3023 1487 3194 1543 divina
3223 1487 3399 1540 Provi-

1886 1555 2075 1622 denlia
2105 1554 2249 1607 urbis
2287 1554 2626 1622 Bononiensis
2653 1555 2912 1622 episcopo,
2943 1565 2994 1610 et
3020 1557 3400 1610 venerabilibus

1887 1622 2014 1673 viris
2049 1621 2266 1683 decano,
2297 1620 2697 1685 archidiacono,’
2721 1620 2939 1686 cantori,
2969 1624 3316 1684 tbesaurario,
3346 1632 3400 1683 et

1887 1689 2137 1767 magistro
2162 1689 2475 1767 scholarum,
2507 1696 2558 1767 et
2596 1689 2838 1767 universo
2878 1692 3101 1767 capitulo
3146 1691 3399 1759 ejusdem,

1845 1755 1860 1787 Ρ
1888 1757 2134 1823 magister
2175 1755 2395 1809 Joannes
2421 1757 2485 1808 de
2513 1756 2619 1808 Deo
2645 1757 2825 1810 doctor
2867 1755 3192 1812 decretorum
3238 1773 3398 1810 canu-

1887 1826 2032 1877 uicus
2055 1825 2352 1876 eorumdem
2381 1832 2430 1875 et
2476 1837 2656 1876 servus
2684 1825 2909 1892 ipsorum
2936 1826 3291 1891 providentiae,
3323 1839 3404 1876 sa-

1886 1891 2044 1943 lutem
2069 1892 2116 1942 in
2146 1905 2208 1942 eo
2235 1892 2323 1957 qui
2351 1898 2430 1941 est
2457 1892 2685 1943 oumium
2706 1891 2835 1944 vera
2861 1892 3000 1946 salus
3021 1898 3138 1946 cum
3162 1908 3403 1945 reveren-

1886 1959 1955 2010 tia
1995 1967 2097 2010 tam
2126 1956 2317 2019 debita,
2349 1972 2503 2023 quam
2533 1956 2735 2018 devota,
2765 1966 2864 2009 etc.
2891 1978 2909 2007 ι
2941 1958 3170 2011 Primum
3195 1960 3403 2011 disserit

1884 2026 2168 2093 generatim
2207 2026 2271 2077 de
2318 2025 2457 2077 vitiis
2500 2024 2852 2092 cujuscunque
2893 2034 3060 2080 status
3099 2035 3153 2078 et
3194 2026 3399 2078 confes-

1884 2092 2030 2145 Sione
2054 2110 2065 2144 :
2102 2093 2289 2145 deinde
2314 2092 2580 2160 speciatim
2609 2101 2659 2144 et
2691 2092 2914 2146 maxime
2938 2094 3001 2147 de
3023 2093 3325 2162 ptcnitentia
3343 2100 3403 2162 et

1882 2161 2208 2214 confessione
2243 2162 2594 2229 priuatorum,
2627 2162 2892 2229 utsummi
2929 2160 3205 2229 pontiﬁcis,
3229 2160 3403 2229 cardi—

1882 2230 2113 2289 nalium;
2132 2238 2231 2279 etc.
2246 2226 2506 2295 Pluribus
2531 2228 2759 2290 omissis,
2787 2243 2845 2280 ea
2875 2226 2991 2295 qua:
3014 2229 3066 2281 in
3104 2228 3201 2281 hoc
3228 2226 3405 2295 Paeni-

1884 2296 2081 2349 tentiali
2111 2294 2367 2362 praecipua
2388 2301 2537 2363 sunt,
2570 2295 2866 2361 selegimus,
2888 2292 2941 2348 et
2967 2296 3156 2363 quibus
3177 2292 3403 2361 capituia

1885 2360 2143 2416 Theodori
2168 2363 2231 2414 dc
2259 2360 2560 2427 pmiiiteutia
2589 2370 2938 2428 exponuntur.

1164 2561 3391 2586 W

1471 2651 2195 2815 EXCERPTA

1787 2850 1873 2904 EX

697 2975 1441 3055 [’(ENITENTIALI
1503 2964 2013 3049 MAGISTBI'
2057 2968 2478 3045 JOANNIS
2548 2969 2677 3044 DE
2708 2920 2988 3055 nm,

1423 3122 1752 3177 DOCTORIS
1788 3116 2266 3174 DECRETORUM.

341 3321 418 3376 De
445 3319 758 3388 confessione
784 3317 1099 3385 inﬁrmorum
1126 3327 1171 3370 et
1198 3332 1369 3369 eorum
1393 3315 1696 3383 pmnitentia.

757 3405 855 3473 (Ex
882 3404 972 3458 lib.
999 3420 1033 3466 ι,
1063 3419 1179 3473 cap.
1208 3404 1281 3473 l.)
1381 3404 1384 3407 λ

326 3494 419 3550 Sic
445 3502 562 3549 tene
587 3492 725 3560 quod
752 3492 1012 3545 subtiliter
1030 3500 1084 3545 et
1108 3480 1285 3544 astut‘e
1298 3492 1459 3561 debes
1480 3492 1546 3544 ab
1565 3489 1785 3543 infirmis

253 3583 526 3651 inquirere
551 3579 774 3649 qualiter
811 3593 867 3632 se
900 3562 1194 3632 habuerunt
1233 3578 1286 3631 in
1314 3593 1408 3631 sua
1433 3577 1676 3639 sanitate,
1706 3576 1784 3628 di-

255 3673 428 3728 cendo
450 3671 526 3726 eis
552 3671 664 3724 sic:
693 3666 812 3732 Fili,
840 3669 1092 3723 conlitere
1131 3669 1269 3736 quo‘d
1309 3668 1545 3721 homines
1585 3682 1784 3730 sumus,

254 3769 310 3814 et
334 3760 449 3814 sine
471 3766 689 3827 peccato
706 3771 824 3810 esse
844 3771 946 3809 non
973 3770 1246 3834 possumus
1268 3770 1282 3807 :
1312 3771 1431 3808 nam
1453 3757 1494 3808 si
1525 3755 1792 3809 confessus

256 3847 427 3901 fueris
448 3853 501 3899 et
526 3845 802 3908 contritus,
827 3851 878 3896 et
904 3845 1235 3912 proposueris
1263 3859 1363 3896 non
1391 3859 1630 3912 peccare,
1653 3844 1790 3895 Deus

256 3938 377 4005 sine
423 3935 580 3990 dubio
622 3934 714 3987 tibi
744 3921 974 3987 remittet
1003 3935 1206 4003 culpam
1232 3943 1286 3988 et
1323 3951 1419 4004 ego
1446 3944 1497 3988 te
1526 3936 1790 4013 absolvam

256 4041 288 4079 a
341 4038 517 4092 pana,
558 4022 600 4077 si
649 4032 700 4077 te
755 4030 924 4076 totum
973 4023 1299 4077 commiseris
1342 4024 1393 4076 in
1428 4021 1625 4090 judicio
1676 4038 1792 4077 meo

256 4115 346 4167 vel
371 4113 587 4167 alterius
623 4111 927 4166 sacerdotis.
958 4113 1104 4178 Quod
1145 4121 1316 4166 autem
1347 4128 1526 4166 verum
1553 4113 1639 4174 sit,
1666 4127 1787 4179 pro-

258 4206 423 4257 batur
448 4202 530 4255 bis
557 4202 756 4262 verbis,
784 4209 884 4255 etc.
915 4215 928 4253 :
961 4201 1026 4255 In
1061 4203 1354 4270 quacunque
1391 4203 1516 4254 hora
1556 4212 1790 4271 peccator

231 4291 562 4361 ‘ingemucrit
607 4300 653 4344 et
699 4307 964 4345 conversus
1007 4291 1181 4361 fuerit,
1228 4301 1542 4360 peccatorum
1583 4308 1792 4344 suorum

256 4399 371 4445 non
396 4368 700 4435 recordabar
738 4380 975 4450 amplius.
1008 4380 1063 4435 Si
1090 4389 1262 4434 autem
1290 4381 1520 4434 nolueris
1556 4380 1794 4434 confiteri

261 4472 321 4524 in
348 4469 447 4522 hac
472 4468 600 4531 vita,
622 4468 956 4523 conﬁteberis
981 4469 1033 4522 in
1061 4468 1162 4522 alia
1208 4469 1400 4521 invitus
1428 4470 1480 4521 in
1512 4477 1794 4535 conspectu

261 4558 506 4615 omnium
550 4558 883 4628 angelorum,
926 4558 1214 4612 amicorum
1258 4566 1313 4611 et
1355 4558 1716 4620 inimicorum,
1746 4566 1799 4611 et

263 4645 705 4702 condemnaberis
731 4644 782 4697 in
809 4651 1138 4714 perpetuum,
1165 4652 1269 4697 etc.
1298 4643 1599 4720 Quod_vero
1623 4658 1796 4697 sacer-

265 4733 421 4789 dotes
442 4733 648 4802 possint
674 4733 913 4786 relaxare
939 4745 1148 4800 poenam
1177 4747 1206 4784 a
1234 4745 1355 4785 vere
1391 4731 1651 4793 contritis,
1679 4746 1801 4799 pro-

266 4822 457 4884 batur;
488 4819 607 4887 quia
629 4819 818 4872 dicitur
839 4818 978 4886 quod
1008 4816 1184 4870 vicarii
1209 4824 1331 4868 sunt
1358 4817 1654 4868 sacerdotes
1674 4814 1798 4869 Jesu

269 4908 490 4971 Christi,
512 4914 566 4964 et
588 4906 781 4959 habent
798 4905 973 4958 claves
994 4904 1136 4970 regni
1160 4903 1433 4964 caelorum,
1454 4910 1508 4955 et
1527 4895 1803 4954 absolverit

275 5005 400 5050 ante
418 4996 556 5048 diem
576 4992 778 5060 judicii.
803 4990 860 5044 Si
883 4998 1054 5044 autem
1075 4989 1264 5057 aliquis
1282 5004 1383 5042 non
1406 5003 1526 5042 vere
1547 4988 1804 5041 contritus

277 5092 386 5146 est,
435 5081 735 5143 sacerdotes
766 5077 896 5131 'eum
939 5094 1043 5133 non
1089 5086 1303 5145 possunt
1350 5075 1637 5136 absolvere,
1681 5075 1802 5141 quia

279 5187 400 5226 cum
442 5169 593 5239 culpa
639 5169 855 5222 remissa
902 5180 1001 5217 non
1050 5173 1156 5227 est,
1200 5178 1354 5232 pmua
1396 5163 1529 5216 demi
1575 5177 1675 5213 non
1710 5174 1803 5227 po;

283 5271 408 5326 test,
433 5271 539 5323 etc.

286 5371 423 5438 Quid
451 5370 581 5439 facit
610 5366 859 5427 sacerdos,
891 5375 1153 5439 postquam
1180 5363 1423 5414 audiverit
1468 5360 1807 5426 paenitentiam

945 5432 1155 5501 inﬁrmi.

660 5584 666 5594 .
882 5524 976 5593 (Ex
1009 5520 1227 5592 cap-1)

358 5612 636 5690 Postquam
682 5624 852 5666 autem
903 5609 1115 5664 scivcris
1163 5605 1539 5661 confessionem
1588 5603 1808 5666 inlirmi,

1819 4350 1869 4409 D

1809 3315 1852 3372 c
1887 3325 1988 3363 non
2017 3310 2175 3362 debes
2201 3309 2246 3362 ei
2277 3309 2634 3377 paenitentiam
2671 3284 2956 3378 injungcre;
2988 3313 3076 3366 sed
3099 3321 3302 3387 tantum
3329 3316 3410 3371 in-

1887 3411 2175 3461 notescere,
2208 3399 2426 3452 dicendo
2449 3399 2527 3453 sic
2552 3417 2564 3451 :
2600 3398 2656 3453 Si
2687 3408 2739 3452 tu
2777 3414 2922 3454 esses
2950 3417 3129 3467 sautio,
3156 3411 3233 3457 tot
3258 3406 3410 3461 annis

1887 3486 2105 3538 deberes
2128 3485 2410 3553 poenitere;
2440 3485 2530 3537 sed
2554 3485 2675 3552 quia
2711 3494 2764 3536 tu
2798 3499 2857 3538 es
2898 3486 3151 3550 inﬁrmus,
3179 3505 3283 3544 non
3314 3491 3412 3544 im-
3451 3474 3454 3477 Δ

1890 3586 2026 3640 pono
2049 3571 2140 3625 tibi
2163 3571 2553 3639 pmnitentiam;
2578 3570 2789 3640 iniungo
2814 3572 2932 3640 tibi,
2944 3576 3081 3640 quod
3105 3575 3147 3627 si
3176 3586 3412 3632 mortuus

1892 3661 2072 3727 fueris,
2094 3661 2256 3715 facias
2279 3661 2390 3715 dari
2414 3675 2509 3730 pro
2532 3661 2632 3714 hac
2655 3661 2961 3730 poenitentia
2984 3671 3183 3716 tantum
3207 3673 3295 3718 :et
3315 3679 3411 3733 ego

1884 3751 2099 3804 absolvo
2122 3758 2170 3802 te
2195 3748 2505 3802 auctoritate
2526 3748 2728 3825 Domini
2752 3749 2845 3801 Dei
2868 3751 3029 3802 nostri
3053 3749 3175 3803 Jesu
3196 3751 3409 3813 Christi,

1885 3846 1939 3890 et
1965 3836 2107 3890 beati
2134 3835 2275 3888 Petri
2304 3833 2543 3902 apostoli,
2570 3842 2623 3887 et
2647 3834 2800 3888 cilicii
2826 3836 3010 3889 nostri.
3040 3837 3166 3889 Item
3200 3837 3413 3906 injungo

1886 3922 1979 3977 tibi
1999 3922 2136 3990 quod
2155 3920 2484 3989 quamprimo
2505 3919 2667 3973 fueris
2684 3934 2862 3984 sanus,
2882 3930 3157 3989 antequam
3179 3923 3410 3976 divertas

1886 4013 1953 4066 ad
1981 4012 2080 4064 alia
2105 4011 2345 4073 servitia,
2365 4009 2545 4063 venias
2576 4009 2643 4063 ad
2686 4024 2770 4063 me
2794 4010 2876 4064 vel
2899 4011 3143 4079 adglium
3173 4012 3412 4064 sacerdo-

1891 4107 2016 4162 tem,
2037 4108 2091 4152 et
2114 4098 2410 4152 conﬁtearis
2431 4098 2616 4151 iterum
2635 4097 2893 4170 similiter,
2915 4096 2979 4153 et'
2991 4100 3171 4153 devote
3190 4098 3418 4167 recipias

1894 4185 2255 4257 pcenitentiam
2275 4201 2390 4253 qum
2416 4185 2643 4251 injuncta
2671 4186 2763 4238 tibi
2793 4185 2978 4247 fuerat,
3002 4195 3104 4239 etc.
3351 4255 3354 4259 ‘

1898 4276 1971 4329 De
2015 4275 2323 4343 confessione
2345 4275 2456 4328 sani
2481 4283 2527 4325 et
2554 4272 2616 4325 de
2641 4274 2929 4341 poenitentia
2953 4274 3044 4326 sibi
3089 4274 3410 4342 imponenda.

2485 4360 2580 4431 (Ex
2612 4376 2727 4428 cap.
2756 4359 2832 4429 3.)
3200 4368 3205 4375 ‘

1962 4451 2016 4504 Si
2062 4461 2237 4504 autem
2272 4450 2430 4504 fuerit
2473 4463 2631 4502 sanus
2655 4448 2744 4515 qui
2782 4448 2874 4501 tibi
2908 4448 3201 4511 conﬁtetur,
3229 4449 3415 4516 praevi-

1893 4540 2019 4593 deas
2045 4549 2218 4591 utrum
2246 4539 2314 4591 sit
2342 4538 2472 4589 liber
2500 4536 2579 4589 vel
2604 4551 2803 4589 servus.
2829 4536 2885 4589 Si
2914 4544 2994 4589 est
3021 4536 3418 4605 servus,-inqui-’

1894 4646 1981 4683 ras
2009 4638 2183 4682 utrum
2207 4628 2438 4697 peccavit
2467 4627 2653 4679 timore
2680 4625 2875 4679 domini
2900 4624 2982 4677 vel
3011 4634 3296 4692 spontanea
3322 4639 3411 4676 νος

1897 4721 2113 4772 laniate.
2142 4717 2196 4771 Si
2228 4724 2403 4769 autem
2431 4713 2725 4782 peccaverit
2756 4713 2939 4765 timore
2965 4712 3191 4775 domini,
3220 4711 3341 4765 licet
3364 4711 3416 4768 vi

1896 4809 1942 4860 ei
1974 4806 2185 4858 obedire
2214 4819 2316 4857 non
2346 4803 2578 4856 licuisset
2615 4807 2797 4853 contra
2824 4800 3008 4862 Deum,
3037 4806 3211 4851 tamen
3240 4798 3420 4851 mitius

1897 4897 1999 4950 erit
2036 4909 2217 4948 servus
2245 4890 2556 4962 puniendus,
2587 4896 2691 4942 etc.
2735 4887 2791 4941 Si
2821 4895 2992 4941 autem
3024 4900 3207 4953 servus
3237 4901 3417 4954 pecca—

1899 4983 2034 5036 verit
2074 4990 2362 5048 spontanca
2390 4978 2653 5030 voluntate
2682 4976 2793 5028 sine
2823 4975 2969 5044 culpa
3000 4975 3195 5028 domini
3238 4972 3337 5035 sui,
3363 4972 3419 5028 in

1901 5090 1963 5127 eo
1989 5085 2111 5123 casu
2135 5085 2313 5123 servus
2341 5068 2511 5120 acrius
2533 5073 2612 5118 cst
2636 5063 2927 5132 puniendus
2955 5063 3005 5114 in
3034 5074 3266 5137 corpore,
3290 5070 3422 5123 etc.;‘

1904 5161 2079 5216 habito
2105 5167 2276 5211 tamen
2305 5164 2541 5222 respectu
2565 5155 2627 5206 de
2657 5152 2841 5205 itinere
2876 5145 3324 5217 peregrinationis,
3352 5157 3420 5197 ne

1905 5252 2198 5314 imponatur
2219 5259 2390 5305 servo,
2422 5242 2472 5296 in
2512 5256 2615 5309 quo
2636 5239 2879 5315 dominus
2915 5236 3275 5290 damnilicetur
3296 5248 3413 5300 pro-

1905 5346 2020 5406 pter
2042 5334 2328 5386 absentiam
2354 5330 2509 5391 servi,
2532 5335 2632 5381 etc.
2659 5326 2712 5379 Si
2738 5335 2913 5379 autem
2933 5324 3031 5377 erit
3059 5322 3208 5384 liber,
3241 5320 3423 5374 fortius

1906 5425 2058 5478 debet
2084 5421 2290 5489 puniri,
2327 5419 2367 5471 si
2397 5424 2681 5484 spontanea
2708 5414 2971 5467 voluntate
3008 5411 3256 5481 peccavit.
3292 5407 3421 5460 Nam

1910 5520 2069 5563 totam
2114 5506 2469 5576 pmuitentiam
2512 5503 2806 5571 impositam
2853 5520 2879 5554 τι
2925 5515 3120 5554 canone
3165 5499 3423 5556 sustinere

1912 5600 2082 5663 debet,
2109 5596 2149 5651 si
2182 5594 2341 5665 passu
2371 5594 2501 5657 ﬁeri,
2525 5602 2625 5644 Plc.
2999 5592 3004 5596 ’
