3926 6216
452 295 589 349 1087

904 398 974 449 De
1002 397 1291 465 poenitentia
1317 395 1550 446 divitum.
2030 393 2074 449 Α

1055 484 1150 552 (Ex
1186 498 1301 549 cap.
1327 482 1401 551 Si.)

524 578 575 635 Si
622 576 782 629 fuerit
810 574 955 627 dives
983 574 1070 640 qui
1105 572 1196 623 tibi
1240 572 1544 633 confitetur,
1575 562 1812 637 requires
1838 568 2004 622 subti-

452 670 572 724 liter
607 676 660 721 et
690 674 865 721 astute
892 681 1007 733 qua:
1046 664 1145 717 fuit
1177 680 1337 717 causa
1384 676 1546 731 quare
1580 661 1762 714 incidit
1794 660 1842 712 in
1882 674 2005 727 pec-

450 769 626 815 eatum
676 757 833 817 illud,
870 764 923 809 et
967 754 1247 823 promittas
1308 765 1518 827 semper
1568 750 1769 802 veniam
1820 750 1861 803 si
1909 748 2004 801 tibi

451 851 752 908 conﬁtetur.
781 857 881 901 etc.
918 846 1132 913 lmpone
1172 844 1219 896 ei
1261 842 1624 912 pmniwntiam
1663 838 1713 893 in
1761 842 1875 893 istis
1910 839 2007 898 tri-

452 942 567 1003 lnis,
597 940 796 993 scilicet
826 940 875 988 in
897 935 1118 1003 jejunio,
1146 943 1197 988 et
1240 934 1498 993 oratione,
1533 942 1584 985 et
1629 934 1963 998 eteemosyna
1990 948 2001 981 :

451 1028 729 1096 provideas
760 1034 961 1087 tamen,
1008 1026 1049 1076 si
1091 1026 1247 1077 homo
1275 1023 1533 1076 delicatus
1576 1022 1671 1084 sit,
1706 1036 1809 1073 non
1838 1022 1931 1074 des
1958 1020 2006 1074 ei
2034 1094 2047 1103 _

454 1132 700 1184 asperum
721 1116 998 1183 jejunium,
1023 1123 1127 1167 etc.

852 1206 925 1258 De
952 1206 1269 1271 confessione
1304 1220 1601 1272 puerorum.

1052 1294 1151 1364 (Ex
1181 1309 1296 1362 cap.
1322 1292 1397 1361 6.)

520 1388 673 1441 Circa
717 1384 1100 1439 confessionem
1148 1398 1433 1453 puerorum
1474 1382 1581 1435 doli
1631 1380 1901 1450 capacium
1932 1379 2010 1434 sic

452 1475 738 1541 procedas:
767 1472 944 1526 Primo
967 1473 1233 1542 interroga
1264 1471 1316 1524 in
1340 1486 1552 1541 genere,
1579 1470 1623 1524 si
1648 1470 1860 1537 aliquod
1886 1484 2008 1536 pec-

452 1574 628 1618 catum
653 1550 940 1626 commisit,
968 1562 1246 1615 muleendo
1274 1576 1394 1615 eum
1422 1562 1655 1629 prcemiis
1684 1559 2009 1623 cmlestibus,

454 1654 497 1706 si
546 1666 669 1706 vc're
723 1652 883 1705 fuerit
936 1651 1247 1714 confessus;
1294 1659 1347 1703 et
1392 1650 1639 1703 terrendo
1682 1664 1802 1702 eum
1840 1649 2012 1717 poenis

452 1742 685 1803 aeternis,
715 1741 758 1795 si
792 1756 899 1794 non
936 1736 1095 1793 fuerit
1135 1755 1257 1793 vere
1301 1739 1592 1794 confessus.
1639 1740 1909 1807 Interroga
1949 1738 2014 1791 de

455 1833 887 1895 circumstantiis,
921 1831 1123 1885 scilicet
1151 1832 1215 1884 de
1242 1846 1418 1892 causa,
1446 1832 1509 1884 de
1536 1830 1650 1885 loco
1673 1838 1725 1882 et
1754 1837 2011 1897 tempore,

452 1927 593 1979 sicut
617 1925 853 1979 dicemus
875 1924 925 1976 in
958 1924 1109 1975 titulo
1131 1923 1194 1976 de
1220 1922 1633 1976 circumstantiis
1658 1939 1669 1968 :
1694 1930 1747 1974 et
1776 1920 2015 1987 impones

453 2016 503 2070 ei
539 2016 904 2085 paenitentiam
936 2015 1193 2067 minorem
1224 2013 1609 2081 aliquantulum
1635 2012 1774 2079 quod
1804 2013 1846 2065 si
1876 2019 2018 2064 esset

456 2106 669 2159 adultus
695 2123 706 2167 ;
733 2105 777 2158 si
805 2111 983 2155 autem
1008 2117 1109 2153 non
1142 2101 1299 2154 fuerit
1324 2102 1425 2154 doli
1447 2116 1634 2168 capax,
1658 2101 1840 2153 mitius
1861 2099 2017 2153 debet

458 2195 659 2263 puniri,
684 2193 807 2261 quia
837 2192 967 2244 tales
994 2191 1237 2243 nesciunt
1263 2191 1387 2258 quid
1414 2190 1628 2256 faciant,
1653 2198 1756 2244 etc.

931 2300 1003 2352 De
1029 2302 1326 2369 pwnitentia
1349 2298 1546 2355 Senum.

962 2380 963 2383 “
1071 2388 1169 2457 (Ex
1197 2404 1309 2457 cap.
1344 2390 1419 2460 7.)

531 2478 587 2533 Si
616 2485 793 2531 autem
823 2476 982 2531 fuerit
1004 2493 1163 2532 senex
1187 2482 1277 2546 qui
1301 2480 1394 2533 tibi
1414 2479 1717 2541 conﬁtetur,
1740 2482 2017 2537 considera

461 2571 503 2625 si
532 2578 614 2625 est
641 2570 698 2623 in
724 2577 879 2622 :etate
907 2570 1195 2638 decrepita,
1228 2586 1345 2639 qua:
1376 2580 1456 2624 est
1490 2586 1697 2635 senum,
1726 2581 1779 2625 et
1807 2582 1925 2641 post
1949 2573 2017 2626 80

461 2680 651 2729 annos,
678 2673 731 2720 et
760 2674 887 2718 tunc
915 2679 1035 2721 eum
1082 2680 1243 2733 grava
1270 2664 1635 2726 orationibus,
1668 2672 1721 2716 et
1753 2663 1929 2717 releva
1963 2664 2019 2716 in

458 2757 693 2829 ieiuniis,
715 2765 822 2809 etc.
851 2754 907 2808 Si
950 2762 1125 2807 autem
1166 2754 1325 2807 fuerit
1365 2769 1546 2817 senex,
1579 2754 1630 2807 id
1660 2763 1740 2806 est
1770 2753 1823 2806 in
1866 2767 2018 2807 sene-

460 2852 605 2907 ctute
628 2845 969 2922 ‘constitutus
996 2852 1048 2899 et
1077 2861 1180 2899 non
1224 2846 1275 2899 in
1308 2847 1477 2911 senio,
1512 2844 1566 2899 id
1592 2852 1673 2899 est
1698 2860 1727 2899 a
1757 2844 1824 2898 60
1862 2843 2017 2897 annis

460 2949 628 3005 usque
667 2936 733 2988 ad
766 2934 852 2996 80,
896 2944 1019 2988 tunc
1054 2933 1242 2989 fortius
1286 2937 1475 3005 punias
1510 2950 1670 3004 quam
1705 2934 1750 2989 si
1781 2942 1923 2989 esset
1962 2934 2017 2987 in

1346 282 1697 337 EXCERPTA
1743 280 1831 333 EX
1870 276 2373 334 POENITENTlALl
2414 278 2457 330 J.
2505 278 2588 331 DE
2628 276 2775 331 ΒΕΘ.

3538 276 3687 333 ιοεε

2384 390 2456 443 De
2479 391 2772 459 parnitentia
2802 374 3075 441 mulierum
3100 392 3153 441 in
3180 406 3384 458 genere.

2689 478 2787 547 (Ex
2814 492 2931 545 cap.
2960 477 3068 546 ll.)

2174 569 2327 624 Circa
2352 570 2719 639 pmnitentiam
2748 568 3025 621 mulierum
3057 568 3134 621 sic
3161 571 3441 635 procedas.
3483 570 3689 624 Primo

2105 663 2149 716 si
2180 671 2259 716 est
2281 660 2473 729 puella,
2516 662 2810 730 praesertim
2848 663 2998 730 virgo
3030 663 3128 716 sub
3166 672 3431 730 potestate
3470 678 3679 733 paren-

2108 759 2237 807 tum.
2266 758 2319 803 et
2344 750 2545 819 aﬂligas
2574 766 2689 803 eam
2726 752 2776 803 in
2811 752 3121 819 pmnitentia
3167 754 3459 807 secundum
3507 768 3673 807 cano-

2106 854 2217 902 nes,
2271 840 2323 891 in
2353 838 2570 906 jejuniis
2619 842 2884 908 prmeipue
2932 849 2989 893 ut
3027 841 3205 895 domet
3247 857 3463 896 carnem
3516 858 3682 897 suam

2108 944 2172 982 ne
2208 930 2443 984 lasciviat
2474 931 2525 982 in
2554 931 2763 983 luxuria
2800 948 2811 982 :
2848 948 2970 985 nam
3012 932 3218 985 luxuria
3266 935 3553 987 mulierum
3593 934 3685 987 fc—

2107 1023 2215 1075 tida
2244 1031 2327 1076 est
2359 1032 2412 1076 et
2440 1022 2614 1075 acrior
2644 1038 2803 1091 quam
2836 1024 2889 1075 in
2918 1024 3052 1087 viro,
3076 1032 3130 1077 et
3161 1024 3281 1077 ideo
3310 1026 3489 1079 acrius
3515 1025 3687 1079 debet

2108 1115 2313 1169 domari
2359 1115 2411 1168 in
2438 1115 2758 1167 abstinentia
2798 1114 3057 1171 ciborum.
3087 1124 3190 1169 etc.
3223 1115 3351 1169 item
3380 1116 3701 1184 prazvideas

2107 1206 2151 1260 si
2182 1214 2265 1259 est
2299 1203 2603 1272 conjugata,
2635 1212 2687 1255 et
2714 1203 2765 1254 in
2794 1217 2857 1255 eo
2882 1218 3008 1256 casu
3054 1203 3294 1271 imponas
3323 1204 3371 1257 ei
3403 1204 3685 1271 pceniten-

2110 1295 2238 1348 tiam
2280 1296 2394 1347 sine
2432 1292 2680 1346 seandalo
2721 1291 2818 1344 viri
2852 1310 2864 1343 :
2896 1294 2967 1345 ita
3004 1294 3144 1361 quod
3176 1294 3220 1346 si
3255 1294 3338 1345 vir
3376 1292 3540 1347 fuerit
3582 1294 3688 1347 ab-

2111 1399 2253 1447 sens,
2278 1381 2481 1451 jejunet
2516 1391 2569 1435 et
2602 1380 2801 1451 afﬂigat
2836 1396 2893 1435 se
2919 1390 3179 1450 quantum
3207 1382 3314 1436 Deo
3345 1386 3544 1451 poterit
3587 1398 3689 1437 se.

2114 1472 2346 1528 cundum
2382 1472 2661 1527 arbitrium
2700 1472 2791 1525 tibi
2832 1488 2859 1525 a
2893 1473 2999 1526 Deo
3025 1472 3244 1537 datum;
3288 1473 3592 1541 prtesertim
3634 1473 3687 1527 si

2113 1577 2209 1629 per
2257 1560 2576 1614 adulterium
2613 1559 2959 1614 maculaverit
3005 1560 3216 1614 tborum
3267 1560 3385 1623 viri,
3430 1559 3496 1614 ad
3537 1558 3687 1627 quod

2114 1648 2256 1701 nulla
2288 1646 2591 1703 conditione
2616 1649 2884 1703 debuisset
2915 1648 3119 1712 induci,
3142 1657 3245 1702 etc.
3306 1649 3317 1663 ‘

2384 1740 2461 1793 De
2481 1741 2779 1809 pmnitentia
2808 1740 3081 1793 viduarum
3114 1742 3169 1791 in
3195 1757 3396 1809 genere.

2702 1828 2805 1896 (Ex
2833 1842 2952 1896 cap.
2982 1826 3091 1896 12.)

2187 1924 2240 1973 Si
2266 1927 2440 1973 autem
2466 1918 2570 1972 erit
2594 1919 2769 1982 vidua,
2795 1919 3033 1988 inquiras
3056 1919 3331 1989 diligenter
3356 1920 3422 1974 de
3448 1922 3666 1975 circum

2115 2011 2345 2077 stantiis,
2369 2018 2423 2064 et
2445 2012 2636 2079 punias
2670 2026 2787 2065 eam
2822 2012 2873 2065 in
2907 2008 3111 2081 jejunio
3138 2009 3329 2065 fortius
3353 2026 3517 2080 quam
3547 2011 3691 2066 alia:

2115 2102 2402 2168 mulieres;
2452 2118 2575 2157 nam
2618 2103 2951 2158 orationibus
2997 2103 3109 2157 suis
3148 2111 3204 2156 et
3246 2103 3453 2158 meritis
3482 2103 3691 2157 debent

2068 2185 2075 2192 ’
2114 2194 2368 2250 ecclesias
2397 2195 2667 2262 adjuvare.
2698 2195 2897 2271 Tamen
2928 2192 3339 2256 considerando,
3362 2193 3407 2246 si
3435 2202 3517 2246 est
3544 2206 3692 2245 anus

2114 2302 2232 2355 quae
2259 2301 2363 2340 non
2392 2286 2562 2354 possit
2585 2283 2828 2352 jejunare
2860 2299 2872 2331 ε
2904 2293 2957 2339 et
2998 2292 3125 2338 tunc
3155 2283 3330 2338 releva
3360 2297 3483 2337 eam
3510 2282 3571 2335 in
3600 2280 3693 2349 je-

2106 2378 2281 2445 junio,
2306 2386 2362 2431 et
2389 2391 2616 2447 aggrava
2649 2378 2702 2430 in
2727 2377 2987 2440 oratione,
3016 2390 3137 2430 cum
3164 2376 3236 2431 sit
3267 2390 3425 2430 suum
3464 2388 3689 2443 semper

2115 2481 2273 2520 orare
2303 2480 2467 2534 usque
2492 2467 2557 2520 ad
2582 2466 2783 2521 exitum
2816 2466 2939 2519 vitat
2967 2480 3098 2529 suae,
3129 2475 3232 2519 etc.

2475 2552 2551 2605 De
2576 2554 2872 2621 pwnitentia
2906 2568 3295 2621 pyrocararum.

2726 2638 2951 2692 Ex-«zan.
2980 2640 3064 2692 l3.

2702 2638 2951 2707 (Ex-map.
2980 2638 3091 2707 l3.)

2188 2727 2246 2783 Si
2272 2737 2446 2782 autem
2472 2726 2671 2782 fuerint
2697 2742 2967 2799 pyrocarae
2996 2743 3115 2797 qua:
3144 2728 3209 2782 de
3236 2727 3457 2797 pulvere
3482 2742 3695 2797 nuper-

2118 2819 2253 2873 rime
2280 2824 2651 2883 surrexerunt,
2683 2815 2932 2885 gravabis
2965 2830 3060 2871 eas
3079 2815 3295 2885 jejuuiis
3324 2824 3378 2869 et
3411 2817 3687 2870 orationi—

2116 2910 2238 2973 bus,
2282 2909 2565 2977 injungens
2606 2906 2806 2961 eisdem
2834 2913 2892 2958 ut
2922 2921 3027 2959 non
3058 2906 3122 2959 de
3151 2914 3349 2959 caetero
3372 2906 3473 2960 sub
3498 2904 3692 2974 specie

458 3035 615 3081 aetate
636 3026 927 3094 decrepita,
945 3027 1067 3095 quia
1091 3025 1222 3081 tales
1242 3041 1395 3081 senes
1416 3041 1533 3079 cum
1556 3031 1779 3094 peccant
1801 3024 2016 3077 trahunt

2120 3002 2330 3070 pietatis
2355 3000 2625 3070 religionis
2664 2999 2988 3068 impietatem
3014 2996 3257 3066 pallient,
3288 2998 3380 3051 sed
3405 2998 3554 3051 viros
3594 3012 3692 3051 ac—

459 3116 678 3186 iuvenes
711 3117 775 3169 ad
804 3118 1097 3170 interitum.

716 3232 786 3284 De
814 3230 1107 3299 pauitentia
1136 3225 1470 3296 pratlatorum
1499 3228 1550 3279 in
1577 3241 1775 3296 genere.

1072 3338 1170 3410 (Ex
1201 3352 1315 3405 cap.
1344 3336 1418 3407 8.)

442 3444 483 3475 “λ
540 3448 594 3505 Si
641 3460 816 3505 autem
856 3449 1053 3505 fuerint
1099 3449 1301 3518 praalati
1344 3449 1434 3517 qui
1467 3448 1560 3501 tibi
1603 3448 1941 3512 confitentur,
1976 3450 2020 3503 si

463 3550 742 3611 peceatum
768 3549 848 3593 est
878 3538 1243 3602 manifestum,
1271 3537 1447 3591 acrius
1473 3552 1564 3591 eos
1590 3538 1781 3605 punias
1803 3547 2022 3607 propter

466 3634 659 3689 malum
685 3634 982 3701 exemplum
1005 3634 1143 3699 quod
1176 3634 1453 3707 dederunt,
1479 3633 1601 3697 quia
1628 3633 1767 3698 quod
1794 3632 1969 3700 agitur
1991 3650 2018 3686 a

468 3722 699 3791 prtelatis
719 3720 874 3775 facile
898 3720 1140 3774 subditur
1162 3718 1441 3773 asubditis
1471 3718 1863 3787 inexemplum,
1884 3730 2017 3784 etc.;

466 3828 588 3868 nam
623 3820 751 3885 tunc
781 3818 1063 3879 peccatum
1092 3811 1263 3879 magis
1292 3809 1608 3871 extenditur,
1636 3819 1689 3864 et
1714 3811 1765 3863 in
1798 3812 2021 3867 subditis

467 3910 806 3971 propagatur,
829 3901 1037 3968 quando
1062 3900 1311 3968 praelatus
1334 3908 1581 3968 peccator
1606 3915 1701 3969 pro
1723 3904 2020 3955 reverentia

467 3990 670 4044 ordinis
696 4004 725 4041 a
752 3989 975 4042 subditis
996 3988 1303 4049 sustinetur,
1330 3996 1432 4041 etc.
1464 3986 1517 4040 Si
1545 3998 1722 4042 autem
1752 3989 1909 4043 fuerit
1934 4006 2021 4043 oc-

469 4080 669 4136 cultum
700 4074 997 4149 peceatum,
1028 4079 1209 4132 mitius
1234 4094 1353 4134 eum
1391 4082 1599 4148 punias,
1638 4082 1762 4150 quia
1790 4081 1880 4135 ubi
1913 4096 2022 4132 ma-

470 4172 575 4225 lum
602 4171 788 4232 oritur,
816 4172 886 4224 ibi
917 4171 1075 4224 debet
1102 4160 1387 4234 mori,etc.

574 4263 648 4316 De
675 4264 967 4333 pwnitentia
1002 4264 1257 4315 minorum
1293 4262 1594 4335 clericorum
1624 4265 1676 4316 in
1712 4283 1910 4334 genere.

564 4352 573 4361 ⁸
1073 4352 1167 4422 (Ex
1204 4368 1321 4421 cap.
1352 4353 1427 4421 9.)

542 4441 697 4495 Circa
730 4431 1095 4509 ptenitentiam
1129 4442 1350 4495 aliorum
1391 4442 1704 4498 clericorum
1733 4446 1810 4497 sic
1838 4460 2021 4514 proce-

474 4544 606 4587 das:
636 4532 921 4587 Considera
964 4533 1008 4585 si
1058 4539 1139 4585 est
1184 4532 1448 4593 sacerdos,
1491 4545 1543 4588 et
1586 4535 1797 4605 gravius
1834 4538 2020 4603 punias

474 4637 594 4675 eum
642 4637 799 4689 quam
838 4622 1136 4683 diaconum.
1186 4627 1239 4674 et
1281 4623 1493 4688 gravius
1537 4624 1818 4679 d'aconum
1861 4641 2018 4694 quam

475 4713 877 4776 subdiaconum,
899 4724 951 4766 et
981 4726 1139 4780 quam
1176 4712 1310 4766 alios
1348 4715 1399 4765 in
1429 4714 1721 4769 minoribus
1744 4717 2020 4772 ordinibus

476 4802 813 4863 constitutos,
863 4801 985 4873 quia
1034 4801 1194 4853 homo
1224 4800 1560 4855 Christianus
1602 4802 1805 4857 duobus
1848 4805 2019 4859 modis

478 4891 685 4944 fortiter
710 4888 850 4943 cadit
878 4889 929 4941 in
956 4890 1209 4955 peccatis,
1239 4898 1329 4942 aut
1353 4901 1569 4959 propter
1604 4894 2018 4964 magnitudinem

478 4981 702 5049 peccati,
726 4988 815 5033 aut
840 4989 1058 5049 propter
1083 4979 1409 5034 altitudinem
1434 4982 1724 5052 dignitatis.

418 5086 419 5089 “
480 5091 552 5145 De
579 5078 867 5159 paenitentia
905 5093 1274 5171 monac/torum
1317 5102 1364 5144 et
1402 5095 1621 5149 aliorum
1668 5098 2018 5167 religiosorum

1110 5178 1164 5214 ιη
1191 5178 1385 5230 genere.

1060 5258 1157 5327 (Ex
1185 5274 1298 5328 cap.
1330 5259 1435 5329 10.)

550 5346 701 5401 Circa
751 5348 1021 5416 religiosos
1067 5330 1154 5415 qui
1196 5348 1297 5400 tibi
1343 5347 1672 5416 aliquatenus
1701 5352 2020 5407 confitentur

480 5440 558 5490 sic
599 5440 851 5507 procedas
882 5456 893 5489 :
930 5438 1177 5509 iniungas
1214 5440 1291 5494 eis
1330 5440 1443 5496 loco
1478 5444 1833 5511 pmnitcntim,
1878 5448 2018 5515 quod

482 5535 688 5579 servent
723 5528 787 5581 de
824 5537 1015 5582 cancro
1057 5530 1289 5598 regulam
1330 5534 1408 5587 cui
1455 5547 1509 5585 sc
1539 5533 1855 5601 obligarunt,
1896 5538 2015 5604 quia

471 5615 578 5673 ἕως
606 5619 705 5671 erit
730 5634 930 5676 summa
956 5622 1285 5691 pmnitentia,
1313 5634 1411 5677 etc.

2118 3093 2336 3159 cipiant,
2370 3090 2414 3144 si
2440 3096 2622 3144 votum
2665 3087 2971 3142 solemuiter
2997 3102 3103 3141 non
3130 3084 3373 3151 fecerint,
3404 3087 3483 3141 vel
3512 3088 3690 3142 casti-

2121 3190 2283 3235 tatem
2312 3188 2527 3234 servent
2563 3170 2723 3247 quam
2745 3179 2969 3232 Domino
3008 3178 3384 3247 promiserunt.
3434 3178 3596 3242 Nam,
3624 3187 3691 3231 ut

2119 3273 2248 3327 dicit
2288 3280 2503 3327 sanctus
2534 3270 2902 3339 Hieronymus,
2935 3268 3123 3322 melius
3150 3262 3339 3322 fuisse!
3368 3269 3685 3339 conjugiutn

2119 3364 2343 3425 subisse,
2386 3370 2441 3416 et
2483 3360 2781 3415 ambulasse
2825 3372 2921 3429 per
2963 3358 3142 3429 plana,
3185 3372 3342 3426 quam
3388 3359 3455 3413 ad
3488 3358 3689 3413 altiora

2120 3453 2352 3514 tendere,
2385 3460 2439 3505 et
2467 3452 2519 3504 in
2546 3451 2737 3525 inferni
2765 3448 3025 3519 profunda
3048 3449 3263 3514 cadere,
3292 3458 3394 3503 etc.

2296 3542 2367 3595 De
2392 3530 2793 3595 circumstantiis
2820 3557 2934 3611 qua
2962 3550 3245 3610 aggravant
3272 3552 3502 3611 peccata.

2592 3626 2707 3701 ‘(Ex
2745 3631 2835 3685 lib.
2861 3647 2941 3695 nt,
2965 3647 3082 3699 cap.
3109 3630 3185 3702 6.)

2192 3722 2316 3775 Haec
2362 3714 2909 3773 debet‘considerare
2953 3728 3206 3789 peccator
3247 3720 3299 3772 in
3347 3721 3687 3777 mulessione

2121 3810 2361 3865 facienda
2388 3828 2400 3861 :
2428 3809 2686 3873 dolorem,
2716 3808 2837 3876 quia
2864 3809 3106 3877 peccavit
3133 3809 3187 3863 in
3218 3809 3519 3875 Dominum,
3550 3820 3683 3866 :et‘a-

2122 3914 2247 3968 tem,
2278 3903 2611 3973 sapientiam.
2645 3903 3125 3962 considerationem
3173 3918 3278 3957 non
3316 3905 3678 3973 peccantium,

2118 3994 2482 4063 purgationem
2514 3992 2887 4061 lacrymarum,
2931 3992 3167 4047 dolorem
3196 3994 3406 4047 amissae
3430 3995 3678 4060 virtutis;

2120 4083 2361 4137 dolorem
2390 4083 2513 4150 quia
2538 4090 2791 4151 operatur
2818 4083 3035 4148 bonum,
3052 4082 3297 4139 dolorem
3324 4086 3453 4154 quia
3481 4086 3537 4140 in
3567 4096 3677 4140 tam

2119 4176 2264 4229 brevi
2314 4177 2421 4229 vita
2470 4190 2572 4229 non
2620 4176 2991 4240 determinavit
3033 4174 3199 4237 bene;
3240 4176 3330 4244 qui
3366 4175 3588 4233 offendit
3624 4164 3678 4233 in

2119 4283 2280 4320 unum
2308 4274 2389 4320 est
2415 4265 2584 4319 factus
2613 4266 2848 4319 omnium
2875 4278 3000 4318 reus
3026 4282 3037 4315 :
3065 4264 3320 4328 dolorem,
3347 4267 3473 4335 quia
3501 4266 3681 4322 Domi-

2047 4364 2095 4422 D
2122 4372 2245 4409 num
2286 4372 2389 4409 non
2427 4357 2603 4408 timuit
2637 4356 2726 4423 qui
2762 4353 2861 4406 fuit
2888 4354 3071 4421 plenus
3111 4354 3406 4423 sapientia;
3446 4355 3534 4411 ille
3560 4354 3675 4412 cnl-

2120 4448 2346 4515 pabilior
2386 4450 2476 4515 qui
2525 4446 2632 4500 Deo
2675 4446 2940 4515 acceptior
2982 4462 2995 4498 :
3037 4445 3205 4500 Adam
3253 4445 3371 4516 plus
3414 4452 3674 4518 peccavit,

2119 4539 2240 4605 quia
2289 4537 2431 4611 omni
2480 4537 2619 4591 bono
2658 4537 2947 4592 abundavit
2992 4555 3005 4591 :
3054 4538 3230 4594 omnis
3264 4540 3434 4594 virtus
3474 4541 3677 4611 patitur

2118 4610 2495 4679 detrimentum
2533 4628 2599 4679 ab
2629 4642 2733 4680 uno
2766 4627 2937 4680 vitio:
2976 4642 3127 4681 amor
3166 4630 3404 4698 pecuniae
3440 4610 3676 4686 minarat

2119 4720 2415 4771 castitatem
2446 4733 2458 4768 :
2490 4720 2661 4772 omnis
2691 4719 2858 4771 virtus
2900 4719 2953 4771 in
2975 4734 3295 4789 quocunque
3322 4719 3548 4776 crimine
3583 4721 3675 4776 (le-

2120 4812 2303 4865 ficiens
2334 4819 2433 4864 est.
2480 4810 2545 4863 Et
2578 4810 2690 4862 haec
2723 4812 2899 4863 omnia
2931 4810 3227 4879 probantur
3262 4812 3677 4869 auctoritatibus

2054 4959 2059 4962 ,
2117 4901 2416 4969 Augustini,
2445 4899 2729 4951 Alexandri
2757 4914 2905 4969 papae
2944 4908 2999 4953 et
3021 4900 3285 4969 Gregorii.

2223 4990 2350 5043 Hcec
2378 4998 2494 5041 sunt
2522 4990 2776 5043 sacerdoti
2799 4992 2851 5043 in
2873 4991 3144 5057 conﬁtente
3166 4990 3563 5048 consideranda.

2716 5083 2814 5153 (Ex
2845 5098 2962 5150 cap.
2996 5082 3087 5147 7.),
3177 5136 3199 5154 .

2189 5172 2354 5231 Dolor,
2388 5172 2449 5225 de
2491 5173 2643 5226 malis
2676 5172 2928 5239 exctnplis
2965 5174 3101 5229 datis
3123 5178 3397 5245 proximis,
3426 5163 3583 5235 dolor
3607 5184 3671 5235 de

2122 5261 2333 5314 tristitia
2374 5259 2526 5314 bonis
2572 5262 2737 5321 illata,
2782 5260 2930 5314 dolor
2971 5264 3035 5317 de
3076 5266 3257 5319 laetitia
3306 5281 3468 5335 quam
3518 5266 3680 5322 bonis

2118 5366 2220 5404 non
2271 5350 2465 5413 intulit,
2519 5352 2667 5405 dolor
2713 5352 2880 5420 major
2926 5355 2988 5405 de
3014 5355 3102 5407 Dei
3150 5354 3460 5427 olfensione.
3505 5355 3670 5411 Nemo

2116 5448 2293 5508 potest
2333 5441 2557 5493 dominis
2600 5440 2798 5494 duobus
2841 5444 3069 5505 servire,
3112 5444 3201 5497 sed
3240 5459 3391 5500 amor
3424 5458 3683 5517 persenti

2121 5533 2303 5584 rantia:
2340 5532 2543 5599 peccati
2584 5532 2737 5586 unius
2769 5544 2849 5586 est
2879 5536 3093 5589 amissio
3120 5537 3355 5591 omnium
3384 5537 3667 5594 bonorum.

2119 5626 2388 5681 Pcenitcns
2419 5640 2473 5677 sc
2514 5635 2671 5691 ponat
2709 5634 2875 5679 totum
2920 5627 2969 5679 in
2999 5625 3209 5692 judicio
3237 5627 3561 5690 sacerdotis.
3592 5625 3667 5683 fa-
