3926 6216
288 362 314 415 Ι
324 361 421 417 089

1173 360 1526 415 EXGERPTA
1568 360 1653 411 EX
1693 355 2189 411 PGSNITENTIALI
2229 356 2273 408 J.
2314 357 2400 433 DE
2439 357 2587 409 DEO.

3293 354 3423 410 1090

288 474 394 524 ciat
420 487 513 538 pro
544 471 710 524 salute
751 471 937 522 animm
971 470 1221 536 quidquid
1247 467 1446 521 faceret
1472 483 1565 534 pro
1605 475 1804 533 tempo—
1838 473 1874 519 Α
1907 463 1989 513 lex
2014 460 2170 523 Julia,
2201 465 2338 531 quod
2366 466 2499 530 apud
2518 464 2735 516 Romam
2760 479 2860 516 non
2897 464 3237 518 committitur
3268 466 3430 519 simo-

291 561 386 613 rali
416 561 543 622 vita,
582 561 732 628 cujus
768 558 955 627 gaudio
997 566 1172 610 certus
1211 566 1291 609 est
1314 574 1327 606 :
1354 566 1567 624 propter
1604 555 1810 606 veniam

290 646 553 699 abstineat
589 662 615 697 a
656 646 831 707 licitis,
861 645 1112 713 quLultro
1137 645 1372 710 peccavit
1398 662 1409 693 :
1438 643 1500 693 ad
1531 658 1623 695 cor
1650 648 1812 707 respl-

292 734 363 784 cit
389 732 542 794 Deus,
572 749 675 787 non
714 734 776 785 ad
804 748 987 785 manus
1016 741 1235 784 tantum.
1280 731 1391 782 Non
1430 738 1510 782 est
1536 728 1810 781 dividenda

290 818 548 872 confessio
596 819 817 871 diversis
863 818 1252 879 sacerdotibus;
1299 825 1576 883 corruptus
1610 823 1659 866 et
1693 829 1809 867 cor-

294 917 443 976 rupta
477 909 661 961 timeat
708 909 892 960 iterum
939 908 1200 974 corrumpi
1246 905 1483 973 exemplo
1510 906 1651 957 Dina:
1696 903 1812 955 ﬁlice

289 993 470 1048 Iacob.
508 994 629 1048 llaec
669 1009 874 1062 quoque
902 1001 1021 1046 sunt
1050 993 1449 1050 consideranda,
1480 1002 1624 1052 aetas,
1648 991 1809 1052 locus,

288 1082 439 1143 ordo,
469 1082 744 1148 sapientia,
776 1088 1006 1145 tempus;
1041 1081 1151 1135 haec
1186 1090 1427 1145 peccator
1451 1079 1604 1129 debet
1639 1078 1811 1129 consi-

287 1170 476 1221 derare
524 1170 576 1220 iu
606 1183 697 1221 sua
738 1167 1086 1221 confessione.
1136 1166 1396 1218 Sacerdos
1444 1172 1617 1215 autem
1663 1163 1815 1214 debet

286 1256 485 1308 habere
512 1262 804 1322 respectum
831 1254 895 1305 ad
924 1254 1183 1321 lacrymas
1208 1251 1529 1319 pmnitentis,
1557 1252 1619 1302 ad
1645 1250 1811 1316 gemi—

286 1352 397 1404 tus,
430 1351 482 1393 et
510 1342 574 1393 ad
602 1342 1023 1394 circumstantias
1062 1355 1179 1407 quze
1219 1341 1369 1391 dictze
1407 1348 1548 1398 sunt,
1574 1346 1627 1389 et
1664 1338 1817 1388 debet

282 1431 337 1482 ei
366 1432 537 1483 dicere
566 1448 577 1481 :
618 1429 712 1481 Fili
745 1432 835 1491 mi,
864 1430 1134 1482 considera
1164 1429 1303 1497 quod
1336 1442 1411 1480 eas
1440 1435 1561 1479 sunt
1592 1427 1815 1478 circum-

281 1518 498 1569 stantia
537 1531 653 1584 qua;
694 1516 929 1570 detinent
970 1517 1231 1569 hominem
1278 1517 1329 1567 in
1358 1524 1591 1581 peccato,
1618 1514 1819 1566 scilicet

281 1605 611 1657 consuetudo
660 1603 795 1656 mala
846 1618 961 1670 quae
1007 1605 1064 1655 lit
1109 1604 1274 1656 altera
1322 1612 1537 1666 natura;
1576 1618 1695 1654 nam
1726 1617 1819 1668 per

280 1705 503 1757 pravam
552 1690 979 1743 consuetudinem
1026 1705 1129 1743 non
1173 1698 1345 1758 potest
1398 1691 1617 1758 amplius
1660 1692 1816 1743 homo

1910 552 2025 613 nia;
2078 552 2212 603 unde
2252 552 2455 604 videtur
2482 555 2530 606 ei
2577 554 2735 606 licere
2762 554 3011 621 quidquid
3057 554 3230 607 facere
3256 553 3431 608 vellet.

1912 638 2018 705 Ego
2069 646 2243 689 autem
2284 637 2509 693 Joannes
2558 641 2620 693 de
2664 640 2769 692 Deo
2810 656 2926 693 cum
2973 640 3085 694 aliis
3129 642 3432 694 doctoribus

1910 726 2229 777 contrarium
2274 728 2481 778 sentio:
2529 735 2579 778 et
2623 728 2738 780 dico
2781 730 2918 794 quod
2966 730 3008 781 si
3050 743 3180 795 papa
3225 738 3433 795 peccat,

1910 812 2075 879 magis
2102 812 2317 864 offendit
2342 828 2497 879 quam
2537 815 2671 867 alius
2711 816 2895 879 homo;
2944 821 3065 882 quia
3094 826 3291 884 quanto
3314 831 3432 884 gra~

1911 899 2008 951 dus
2049 900 2219 961 altior,
2250 911 2393 953 tanto
2424 919 2575 955 casus
2600 906 2827 971 gravior,
2857 914 2911 956 ut
2942 905 3126 972 probat
3152 904 3433 974 Gregorius

1910 987 1973 1038 de
1997 985 2305 1039 Pmnitcntia
2333 990 2453 1041 dist.
2481 990 2534 1052 2,
2562 1006 2609 1043 c.
2642 990 2981 1063 Principium,
3010 993 3187 1059 inquit,
3217 994 3431 1045 viarum.

1910 1072 2038 1126 Illud
2077 1076 2210 1126 idem
2248 1076 2430 1142 probat
2465 1075 2691 1129 Joannes
2720 1077 3123 1145 Chrysostomus
3170 1079 3236 1130 40
3287 1081 3435 1141 dist.,

1912 1160 2076 1212 Homo
2115 1160 2261 1213 Chris
2286 1165 2451 1223 imus,
2494 1173 2544 1214 et
2579 1164 2804 1217 Hilarius
2843 1181 2974 1231 papa
3011 1166 3099 1227 25,
3128 1182 3179 1232 q.
3213 1167 3256 1229 l,
3294 1165 3438 1218 Nulli

1912 1249 2010 1312 fas,
2043 1249 2127 1301 ubi
2159 1250 2351 1302 dicitur
2392 1252 2528 1317 quod
2565 1253 2747 1319 majori
2790 1261 2935 1305 reatu
2976 1254 3193 1319 deliquit
3220 1256 3311 1321 qui
3351 1270 3439 1322 po-

1912 1337 2030 1388 tiori
2066 1337 2262 1390 honore
2298 1338 2489 1391 fruitur
2514 1357 2525 1389 :
2551 1348 2602 1391 et
2631 1340 2873 1407 graviora
2902 1340 3091 1393 delicta
3122 1341 3247 1393 facit
3275 1343 3441 1395 subli-

1912 1426 2069 1477 initas
2108 1428 2456 1491 peccantium.
2506 1426 2561 1479 Si
2606 1426 2781 1479 forsan
2833 1428 3031 1479 diceret
3074 1428 3263 1496 aliquis
3302 1430 3441 1496 quod

1914 1511 2146 1579 pricdicti
2194 1527 2421 1565 canones
2464 1513 2528 1564 de
2570 1513 2687 1566 aliis
2730 1513 3031 1579 loquuntur,
3068 1529 3167 1566 non
3198 1515 3261 1566 de
3287 1531 3440 1583 papa,

1914 1612 2011 1649 nos
2038 1599 2319 1664 probamus
2345 1598 2483 1665 quod
2511 1600 2574 1651 de
2603 1614 2739 1668 papa
2766 1599 3141 1668 intelliguntur,
3170 1609 3227 1654 ut
3257 1602 3441 1667 probat

1917 1683 1971 1735 S.
2000 1684 2298 1737 Bonifacius
2322 1700 2456 1752 papa
2483 1694 2536 1738 et
2563 1696 2763 1754 martyr
2786 1686 2853 1738 40
2882 1687 3027 1749 dist.,
3088 1687 3146 1740 Si
3172 1705 3322 1756 popa,
3355 1689 3439 1741 ubi

284 1747 554 1829 resistere.
597 1776 726 1830 hem
768 1777 870 1829 alia
910 1792 1069 1831 causa
1116 1747 1215 1841 esi,
1257 1779 1380 1844 quia
1408 1747 1565 1831 ιιοξηο
1593 1779 1681 1846 qui
1710 1793 1813 1831 non
1848 1747 2109 1823 B'dicitur
2134 1774 2271 1839 quod
2306 1774 2350 1825 si
2388 1788 2518 1841 papa
2550 1775 2718 1828 malus
2746 1775 2932 1839 fuerit,
2976 1778 3097 1829 licet
3136 1779 3326 1831 multos
3352 1794 3443 1846 po-

280 1862 570 1916 conﬁtetur
606 1872 878 1931 peccatum
920 1865 983 1917 de
1020 1864 1160 1917 facili
1207 1865 1361 1918 cadit»
1388 1866 1440 1917 in
1468 1866 1606 1918 aliud
1632 1881 1815 1933 pecca-

285 1962 425 2016 tum,
451 1960 508 2003 ut
535 1952 661 2004 dicit
696 1961 912 2006 sanctus
933 1951 1236 2019 Gregorius,
1260 1963 1534 2021 peccatum
1561 1955 1696 2022 quod
1721 1969 1817 2023 per

187 2080 191 2083 Α
277 2040 651 2106 paenitentiam
689 2055 793 2093 non
840 2049 1091 2107 purgatur
1141 2056 1238 2093 suo
1275 2043 1503 2108 pondere
1547 2044 1706 2096 trahit
1751 2045 1817 2097 ad

284 2126 431 2180 aliud
462 2136 753 2195 peccatum.
799 2129 895 2180 Est
929 2137 983 2181 et
1025 2128 1125 2181 alia
1166 2145 1347 2193 causa,
1391 2132 1511 2198 quia
1544 2141 1815 2200 peccatum

282 2222 541 2282 tanquam
571 2230 712 2270 mors
752 2218 978 2270 latenter
1004 2220 1251 2281 occurrit,
1281 2228 1334 2273 et
1360 2222 1547 2273 subito.
1597 2222 1688 2274 Est
1716 2224 1816 2275 alia

262 2298 451 2354 causa
480 2316 596 2367 quae
621 2317 723 2355 non
750 2305 1013 2369 permittit
1053 2306 1317 2359 infirmum
1348 2309 1527 2361 venire
1556 2310 1620 2361 ad
1646 2312 1816 2378 poeni-

284 2380 526 2451 tentiam,
576 2391 777 2451 scilicet
822 2393 1061 2446 anxietas
1110 2395 1297 2469 morbi.
1375 2396 1467 2450 Est
1515 2399 1672 2450 etiam
1717 2398 1815 2452 alia

285 2489 450 2528 causa
489 2490 606 2542 qua:
651 2478 868 2546 impedit
890 2480 1227 2546 pmnitentem
1273 2483 1473 2535 scilicet
1502 2486 1669 2551 pudor
1696 2500 1817 2538 con-

286 2562 491 2625 ﬁtendi,
522 2572 576 2616 et
599 2563 719 2633 fuga
744 2580 933 2633 pretim,
960 2574 1061 2621 etc.
1097 2570 1283 2632 Debes,
1310 2576 1364 2621 tu
1398 2572 1665 2632 sacerdos,
1695 2587 1820 2624 con-

287 2647 487 2703 fortare
522 2653 863 2718 ptenitentem
892 2668 958 2707 ne
981 2655 1244 2724 desperet,
1272 2658 1477 2710 etiamsi
1510 2658 1820 2712 conﬁteatur

291 2736 461 2799 tarde,
486 2738 608 2803 quia
630 2737 769 2791 Deus
810 2748 889 2792 est
923 2752 1108 2809 potens
1147 2744 1199 2796 in
1232 2759 1337 2797 uno
1361 2754 1625 2799 momento
1650 2747 1820 2800 homi¢

276 2838 413 2905 nem
454 2833 765 2879 convertere
809 2835 862 2880 et
898 2830 1102 2883 salvare
1150 2832 1200 2883 in
1234 2834 1600 2899 paenitentiam
1644 2836 1818 2901 potius

287 2926 449 2978 quam
478 2913 727 2991 damnare
755 2929 818 2966 ex
839 2913 1070 2982 justitia,
1100 2925 1199 2970 etc.

564 3094 567 3097 ,
622 3046 864 3109 Qualiter
897 3050 1038 3102 debet
1066 3052 1180 3133 ﬁeri
1208 3054 1475 3121 confessio.

876 3156 975 3225 (Ex
1015 3173 1131 3226 cap.
1162 3160 1238 3228 8.)

366 3261 527 3317 Debet
557 3273 729 3316 autem
759 3264 872 3319 ﬁeri
900 3265 1178 3332 confessio,
1208 3270 1493 3323 secundum
1537 3272 1823 3324 aucLOi-ita—

290 3360 730 3405 tem'sanctorum
755 3353 991 3418 Patrum,
1020 3357 1343 3424 simpliciter,
1376 3369 1435 3410 ut
1458 3368 1666 3412 accuset
1690 3374 1747 3421 se
1775 3369 1828 3414 et

288 3455 399 3492 non
440 3439 621 3504 alium,
656 3439 804 3506 juxta
838 3442 963 3496 illud
991 3444 1152 3498 :‘Non
1179 3446 1397 3499 declines
1441 3464 1529 3500 cor
1562 3464 1729 3500 meum
1770 3452 1825 3501 in

289 3528 445 3579 verba
469 3527 679 3581 malitia:
705 3531 770 3581 ad
797 3533 1139 3590 excusandam
1172 3538 1539 3587 excusationem
1574 3538 1625 3587 in
1650 3554 1825 3605 pecca-

270 3615 381 3683 tis.
431 3614 653 3671 Humilis
700 3633 819 3673 cum
858 3636 989 3689 pura
1041 3623 1331 3677 intentione
1379 3627 1491 3678 sine
1537 3627 1821 3693 hypocrisi.

286 3702 449 3757 Unde
469 3704 751 3760 Salomon:
796 3709 838 3759 Α
867 3710 1045 3761 timore
1087 3721 1193 3773 tuo,
1224 3711 1456 3775 Domine,
1507 3715 1825 3781 concepimus

288 3805 343 3846 ct
364 3798 664 3863 peperimus.
707 3798 918 3861 Fidelis,
963 3800 1061 3851 sub
1100 3814 1191 3866 spe
1222 3802 1406 3863 veniat,
1446 3817 1549 3853 non
1593 3810 1647 3851 ut
1666 3802 1825 3855 ludas

290 3881 387 3947 qui
412 3882 484 3933 ait
511 3900 522 3933 :
553 3881 763 3936 Peccavi
784 3890 989 3937 tradens
1022 3888 1317 3953 sanguinem
1332 3888 1550 3955 justum,
1574 3897 1629 3940 et
1644 3900 1824 3955 postea

291 3970 429 4021 abiit
460 3980 505 4022 et
527 3970 705 4039 laqueo
736 3987 790 4024 se
826 3975 1104 4041 suspendit.
1133 3975 1429 4042 Frequens;
1468 3976 1603 4029 unde
1630 3976 1826 4045 Grego-

295 4059 449 4110 rius:
481 4058 690 4123 Quanto
719 4060 875 4114 citius
898 4061 1166 4115 confiteris
1209 4064 1307 4117 sub
1341 4078 1434 4131 spe
1465 4065 1647 4125 veniae,
1681 4073 1826 4117 tanto

295 4146 505 4199 facilius
530 4150 869 4215 consequeris
892 4151 1100 4203 veniam
1128 4151 1312 4218 culpat.
1354 4152 1532 4213 Nuda;
1576 4154 1713 4205 unde
1740 4151 1827 4206 Je-

296 4233 512 4317 retnias,
540 4249 641 4285 non
676 4233 874 4302 est'qut'
910 4245 1029 4304 agat
1068 4238 1407 4305 paenitentiam
1449 4254 1599 4305 super
1621 4249 1825 4305 peccata

293 4339 394 4374 sua
432 4331 477 4373 et
512 4323 648 4395 dicat
685 4324 806 4392 quid
834 4324 971 4391 fecit.
1018 4324 1278 4385 Discreta,
1307 4326 1383 4377 sic
1410 4328 1549 4378 enim
1580 4326 1825 4394 Augusti-
1858 4346 1901 4400 ο

297 4425 402 4463 nus
426 4426 438 4461 :
462 4410 798 4464 Sacerdotem
834 4427 1009 4479 quaere
1045 4413 1134 4480 qui
1178 4422 1226 4464 te
1270 4414 1403 4465 sciat
1446 4413 1650 4466 solvere
1686 4423 1739 4466 et
1766 4415 1826 4467 li-

294 4508 461 4567 gare.
497 4496 819 4561 Voluntaria,
867 4514 968 4552 non
1015 4507 1073 4552 ut
1112 4500 1370 4553 confessio
1411 4500 1607 4565 Achor,
1651 4502 1741 4555 sed
1773 4514 1831 4557 ut

300 4580 565 4639 confessio
605 4584 824 4639 latronis
871 4587 923 4639 in
964 4601 1140 4640 cruce.
1174 4589 1506 4651 Vcrecunda;
1541 4591 1611 4642 ita
1634 4590 1829 4658 Grego-

303 4673 417 4724 rius
456 4689 469 4721 :
514 4670 837 4724 Verecundia
873 4674 1098 4724 maxima
1148 4687 1269 4740 pars
1311 4680 1391 4724 est
1433 4674 1821 4727 satisfactionis.

300 4758 549 4819 Secreta;
580 4758 716 4813 unde
739 4754 965 4809 Joannes
984 4757 1387 4826 Ghrysostomus
1408 4776 1426 4807 »ε
1456 4758 1565 4811 Νοη
1592 4760 1708 4813 dico
1734 4762 1827 4813 tibi

301 4854 363 4897 ut
391 4832 584 4911 prodas
614 4853 665 4897 te
698 4846 749 4898 in
778 4844 1063 4913 publicum.
1112 4846 1443 4910 Accelerata;
1489 4849 1624 4900 unde
1654 4850 1831 4903 Eccle-

298 4933 587 4987 siasticus:
624 4931 743 4984 Non
782 4932 951 4985 tardes
991 4936 1207 4985 converti
1245 4938 1310 4985 ad
1350 4935 1644 4987 Dominum.
1698 4936 1852 4990 Obe-.

298 5021 486 5078 dicas;
520 5018 657 5072 unde
682 5021 1001 5088 Augustinus
1030 5038 1041 5070 :
1071 5019 1176 5072 Fac
1203 5024 1377 5074 omnia
1408 5038 1503 5089 pro
1532 5018 1828 5090 accipienda
1858 5086 1863 5090 η

300 5112 413 5165 vita
438 5110 644 5173 animae,
670 5124 787 5176 qua:
809 5109 1013 5163 faceres
1035 5122 1131 5175 pro
1159 5108 1263 5161 vita
1293 5114 1545 5179 corpbris,
1571 5120 1671 5167 etc.

381 5236 455 5288 De
469 5230 754 5305 pauitantia
770 5237 945 5301 damni
962 5255 1126 5307 papa,
1150 5247 1195 5290 et
1216 5239 1299 5290 cui
1318 5239 1489 5291 debeat
1516 5241 1761 5307 conﬁteri.

804 5345 899 5412 (Ex
935 5345 1023 5398 lib.
1051 5362 1101 5407 v,
1136 5362 1250 5413 cap.
1282 5345 1352 5409 ι.)

383 5454 671 5509 Dicendum
707 5456 771 5507 de
798 5455 1103 5522 poenitentia
1141 5456 1314 5507 domni
1348 5470 1491 5521 papa:
1524 5472 1533 5503 :
1570 5457 1830 5509 etxforsan

304 5543 520 5599 videtur
546 5542 850 5609 quibusdam
884 5544 1021 5610 quod
1057 5556 1158 5591 non
1184 5552 1424 5607 peccaret
1452 5556 1597 5608 papa,
1630 5551 1687 5593 ut
1709 5541 1833 5593 dicit

1913 1858 2065 1924 pulos
2092 1874 2269 1912 secum
2312 1864 2504 1924 trahat,
2550 1872 2721 1916 tamen
2773 1865 2884 1930 ipse
2924 1880 3043 1917 cum
3074 1865 3281 1919 diabolo
3306 1869 3443 1934 apud

1904 1947 2109 2007 inferos
2128 1958 2381 2015 perpetuo
2402 1952 2742 2003 eruciabitur.
2769 1951 2896 2003 lllud
2923 1953 3058 2004 idem
3086 1955 3276 2018 probat
3295 1953 3445 2021 Syrus

1916 2036 2133 2088 machus
2162 2050 2293 2104 papa
2324 2038 2376 2098 9,
2407 2052 2458 2103 q.
2490 2039 2541 2098 5,
2570 2053 2616 2091 c.
2647 2037 2873 2089 Aliorum
2896 2039 3176 2102 hominum,
3200 2040 3288 2091 ubi
3316 2040 3445 2093 dici~

1916 2130 2001 2175 tur
2025 2124 2163 2190 quod
2198 2139 2299 2177 non
2327 2124 2541 2177 habebit
2568 2126 2703 2189 apud
2728 2125 2891 2179 Deum
2928 2127 2990 2179 de
3016 2126 3341 2196 allegationis
3360 2128 3447 2179 ni-

1916 2219 2028 2261 tore
2070 2211 2392 2272 subsidium;
2431 2226 2549 2262 cum
2600 2218 2828 2277 ipsorum
2863 2210 3120 2265 factorum
3165 2222 3341 2265 utetur
3372 2224 3446 2266 te-

1916 2308 2013 2360 ste,
2038 2312 2142 2364 quo
2178 2308 2229 2350 et
2269 2299 2481 2365 judice:
2518 2301 2605 2351 ubi
2652 2300 2979 2353 subinfertur
3027 2302 3165 2369 quod
3211 2304 3293 2355 cui
3334 2302 3448 2371 plus

1916 2384 2263 2436 committitur
2285 2385 2399 2451 plus
2426 2384 2671 2453 exigitur.
2705 2386 2770 2436 Et
2796 2396 2877 2439 est
2916 2388 3049 2439 ra.io
3063 2390 3215 2455 quia,
3240 2398 3297 2440 ut
3324 2390 3451 2442 dicit

1915 2472 2087 2538 glossa
2132 2471 2373 2524 Psalterii
2407 2486 2567 2539 super
2608 2473 2694 2526 illo
2736 2475 2952 2540 psalmo,
2997 2478 3289 2541 esurientes,
3343 2485 3445 2531 etc.

1917 2556 2009 2607 Est
2032 2571 2157 2624 ergo
2183 2558 2370 2609 vitiosa
2406 2559 2511 2611 vita
2541 2575 2685 2626 papae
2727 2562 2897 2629 imago
2938 2562 3127 2615 futurae
3155 2565 3356 2627 mortis,
3390 2576 3449 2618 ut

1915 2642 2167 2709 probatur
2204 2644 2285 2704 l9,
2322 2644 2369 2705 i,
2413 2660 2459 2696 c.
2494 2646 2811 2698 Anastasius.
2867 2647 3095 2701 Probata
3135 2652 3271 2715 quod
3319 2667 3451 2721 papa

1917 2744 2139 2795 peccare
2163 2731 2347 2797 possit,
2380 2731 2635 2798 quaeritur
2672 2733 2756 2783 cui
2785 2733 2973 2785 debeat
3001 2734 3261 2794 conﬁteri.
3294 2747 3345 2790 ct
3376 2740 3453 2791 vi-

1918 2817 2070 2869 detur
2093 2819 2232 2883 quod
2260 2818 2387 2869 nulli
2418 2819 2519 2870 nisi
2544 2819 2668 2880 Deo,
2688 2827 2757 2871 ut
2786 2819 2984 2873 faciunt
3012 2820 3209 2885 Graaci,
3243 2833 3300 2875 ut
3323 2840 3448 2891 pro-

1918 2905 2071 2956 batur
2115 2907 2179 2957 de
2220 2906 2556 2970 Pmnitentia,
2593 2910 2711 2961 dist.
2757 2910 2803 2971 1,
2845 2926 2890 2963 c.
2936 2911 3029 2964 ult.
3075 2911 3204 2964 Aliis
3250 2914 3453 2967 videtur

1918 2992 2057 3058 quod
2086 2993 2297 3045 deberet
2328 2993 2567 3046 confiteri
2612 2994 2837 3049 Ostiensi
2874 3000 3117 3065 episcopo
3146 3002 3233 3065 qui
3264 3016 3453 3054 conse-

1922 3087 2063 3142 crat;
2094 3079 2144 3133 in
2171 3096 2234 3133 eo
2258 3082 2395 3133 enim
2420 3082 2622 3135 videtur
2646 3081 2830 3148 major,
2862 3094 2917 3135 ut
2940 3087 3195 3152 probatur
3214 3087 3281 3139 53
3304 3088 3450 3149 dist,

1922 3185 1969 3222 c.
2010 3170 2258 3222 Dominus
2301 3176 2488 3235 noster,
2529 3173 2617 3225 ubi
2646 3172 2838 3225 dicitur
2881 3175 3019 3240 quod
3051 3172 3216 3239 major
3252 3184 3333 3228 est
3361 3179 3449 3244 qui

1921 3261 2127 3312 ordinat
2170 3276 2327 3327 quam
2357 3263 2445 3329 qui
2470 3263 2764 3315 ordinatur.
2812 3263 2942 3316 Aliis
2969 3266 3175 3318 videtur
3200 3268 3339 3333 quod
3363 3268 3452 3321 de-

1922 3349 2071 3402 beret
2116 3349 2355 3403 confiteri
2400 3349 2773 3414 cardinalibus,
2825 3367 2853 3403 a
2899 3352 3086 3419 quibus
3134 3355 3365 3421 eligitur,
3398 3365 3452 3408 et

1924 3438 2150 3489 maxime
2198 3439 2485 3503 episcopis,
2527 3440 2614 3504 qui
2668 3440 2718 3490 in
2766 3439 3020 3492 electione
3064 3442 3247 3493 domui
3298 3458 3449 3510 papa:

1924 3523 2279 3590 utunturjure
2319 3524 2727 3592 metropolitani,
2755 3534 2809 3578 ut
2839 3528 3090 3593 probatur
3113 3528 3181 3580 25
3220 3529 3343 3582 dist.
3387 3530 3451 3582 In

1923 3614 2124 3665 nomine
2166 3611 2389 3674 Domini,
2440 3612 2527 3664 ubi
2568 3613 2759 3671 dicitur
2805 3630 2819 3667 :
2866 3614 3107 3682 Episcopi
3162 3617 3452 3670 cardinales

1924 3701 2103 3769 procul
2127 3701 2285 3753 dubio
2319 3702 2437 3767 jure
2465 3699 2855 3767 metropolitani
2892 3700 3197 3768 funguntur,
3226 3704 3312 3770 qui
3340 3705 3450 3756 ele-

1924 3793 2064 3839 ctum
2095 3786 2159 3838 ad
2187 3786 2387 3851 apicem
2414 3786 2728 3853 dignitatum
2769 3788 3080 3853 provehunt.
3128 3788 3229 3839 Alii
3272 3790 3452 3842 dicunt

1924 3877 2062 3943 quod
2099 3862 2313 3929 deberet
2357 3876 2594 3929 conﬁteri
2620 3878 2895 3939 monacho,
2922 3894 2986 3931 eo
3026 3879 3164 3946 quod
3186 3894 3319 3946 papa
3351 3880 3451 3932 Sil-

1925 3966 2099 4019 verius
2145 3965 2461 4017 renuntiavit
2490 3976 2756 4032 papatum,
2783 3974 2837 4017 et
2872 3964 2969 4018 fuit
2997 3970 3299 4020 monachus.
3348 3966 3452 4021 Sed

1926 4052 2223 4104 ﬁrmissime
2256 4059 2393 4113 tene,
2431 4060 2483 4104 et
2516 4051 2811 4105 nullatenus
2847 4053 3071 4114 dubites,
3108 4054 3245 4121 quod
3285 4066 3448 4121 possit

1923 4139 2159 4191 confiteri
2190 4138 2483 4205 cuicunque
2510 4139 2761 4200 voluerit;
2796 4154 2915 4191 cum
2946 4139 3082 4191 enim
3110 4141 3220 4205 ipse
3246 4141 3333 4193 dat
3364 4143 3446 4193 in-

1924 4226 2243 4294 dulgentiam
2288 4227 2530 4279 omnibus
2555 4227 2811 4291 exemptis
2847 4234 2904 4278 ut
2936 4227 3033 4279 sibi
3064 4228 3255 4296 eligant
3279 4232 3438 4296 prmi-

1924 4316 2019 4368 dos
2066 4316 2412 4377 confessores,
2460 4316 2604 4368 dabit
2644 4315 2768 4379 sibi,
2812 4331 2932 4369 cum
2976 4332 3078 4369 non
3118 4317 3187 4369 sit
3214 4320 3451 4386 superior

1925 4417 1954 4454 a
1984 4415 2098 4467 quo.
2113 4411 2271 4471 petat.
2314 4401 2570 4455 Probatur
2593 4402 2662 4453 50
2688 4402 2810 4454 dist.
2869 4401 2929 4454 Si
2958 4402 3321 4465 Romanorum,
3362 4407 3448 4458 ubi

1923 4489 2117 4543 dicitur
2142 4490 2279 4555 quod
2320 4489 2362 4541 si
2405 4502 2537 4555 papa
2583 4488 2674 4541 dat
2709 4490 3074 4543 auctoritatem
3122 4490 3259 4553 aliis,
3286 4492 3449 4545 multo

1924 4577 2113 4630 fortius
2152 4577 2271 4629 sibi.
2320 4575 2467 4641 Quod
2513 4576 2630 4629 talis
2668 4576 2966 4641 jurisdictio
3010 4577 3302 4629 voluntaria
3345 4588 3443 4639 est,

1926 4667 2126 4720 scilicet
2150 4667 2286 4733 quod
2312 4680 2368 4719 se
2394 4682 2524 4733 papa
2552 4672 2808 4737 supponat
2826 4664 3175 4731 jurisdictioni
3206 4670 3443 4729 minoris,

1927 4757 2179 4824 probatur
2202 4756 2254 4817 2,
2281 4771 2332 4821 q.
2364 4755 2415 4815 5,
2463 4755 2735 4815 mandatis,
2765 4762 2885 4807 etc.
2916 4756 3149 4807 auditum
3170 4766 3263 4819 est,
3311 4754 3443 4819 et'2,
3478 4770 3479 4773 ‘

1926 4857 1977 4909 σί,
2005 4842 2053 4903 7,
2082 4856 2129 4894 c.
2177 4858 2291 4892 cum
2324 4841 2541 4892 Balaam
2567 4880 2579 4901 ,
2620 4842 2810 4908 quibus
2853 4844 3043 4896 dicitur
3081 4846 3217 4911 quod
3266 4845 3447 4899 Sixtus

1926 4941 1979 4985 et
2004 4932 2109 4984 Leo
2132 4939 2185 4982 et
2210 4931 2462 4982 Damasus
2505 4938 2557 4981 et
2596 4929 2939 4998 Symmachus
2980 4942 3363 4999 supposuerunt
3386 4949 3445 4987 se

1923 5020 2123 5085 judicio
2146 5020 2403 5072 minorum
2449 5020 2498 5069 in
2522 5019 2612 5072 lite
2653 5020 2993 5075 contentiosa.
3040 5021 3203 5073 multo
3235 5019 3441 5085 fortius,

1928 5116 2028 5159 etc.
2064 5106 2198 5173 Ergo
2223 5112 2392 5171 potest
2439 5118 2495 5155 se
2526 5118 2816 5171 supponere
2858 5106 2909 5156 in
2940 5102 3053 5157 foro
3076 5106 3439 5171 pmnitentiali,

1928 5194 2049 5260 quia
2092 5202 2340 5258 quantum
2391 5192 2455 5243 ad
2499 5191 2599 5243 hoc
2638 5190 2994 5258 unusquisque
3038 5191 3279 5245 sacerdos
3302 5200 3444 5247 tenet

1931 5280 2096 5333 locum
2125 5278 2213 5329 Dei
2242 5277 2481 5336 viventis,
2512 5284 2563 5327 et
2588 5283 2759 5344 potest
2799 5276 3067 5332 absolvere
3103 5278 3441 5345 pauitantem

1930 5369 2042 5420 loco
2068 5366 2177 5423 Dei,
2222 5366 2344 5430 quia
2390 5372 2641 5431 quantum
2668 5364 2733 5417 ad
2775 5365 2884 5416 haec
2917 5364 3083 5429 major
3103 5370 3203 5426 est,
3230 5371 3286 5415 ut
3322 5376 3445 5429 pro-

1929 5456 2083 5507 batur
2107 5454 2160 5516 2,
2187 5469 2237 5520 q.
2268 5454 2317 5516 3,
2351 5467 2422 5515 c.,
2448 5458 2549 5506 etc.
2582 5451 2804 5519 Explicit
2832 5452 2894 5504 de
2918 5465 3069 5519 papa.
