3926 6216
522 315 641 367 1091

1389 309 1733 364 excusem
1769 293 2383 362 nx—ronulreurlsu
2420 310 2468 362 ι.
2513 287 2596 365 ne
2633 311 2774 365 nso.

3484 309 3622 360 ιθειε).

550 422 621 474 De
649 424 928 490 ρανηῖιιιηιιιι
959 419 1311 479 cardiualium,
1342 429 1385 469 et
1415 421 1493 469 cui
1521 419 1694 469 debent
1720 416 1961 482 conﬁteri.
2039 420 2081 473 Α
2109 413 2250 476 dist.,
2290 430 2336 467 c.
2370 416 2463 467 ult.
2503 427 2554 468 et
2580 417 2645 468 25
2688 415 2832 490 dist.,
2857 431 2903 466 (ξ.
2940 425 2980 465 t.
3015 415 3114 466 Sed
3158 414 3452 465 ﬁrmissimo
3501 424 3623 464 teuc-

1083 513 1174 576 (Ex
1207 527 1318 577 cap.
1351 510 1426 577 Ξ.)

579 601 834 664 Qumritur
879 599 942 650 de
995 599 1292 663 paulitentia
1344 596 1723 648 cardiualium:
1777 604 1829 646 et
1874 595 2016 647 dicas

511 687 645 753 quod
673 695 865 752 quanto
920 692 1037 736 sunt
1077 682 1318 749 majores,
1341 693 1484 735 tanto
1509 685 1694 736 debent
1721 684 1889 734 acrius
1922 697 2016 748 pu-

512 774 632 835 niri,
656 774 700 825 si
727 780 959 839 peccant,
987 771 1218 838 exemplo
1242 771 1381 832 Adm,
1424 775 1511 836 qui
1552 779 1746 836 quanto
1773 778 1885 820 erat
1911 770 2016 820 Deo

511 859 816 929 proximior,
864 866 1005 908 tanto
1032 857 1194 924 magis
1221 857 1470 923 peccavit,
1519 863 1576 906 ut
1600 855 1783 921 probat
1809 863 2015 904 sanctus

509 946 842 1013 Augustinus.
891 944 1008 996 ldeo
1032 942 1195 994 Adam
1226 942 1388 1010 magis
1413 941 1663 1008 peccavit,
1693 941 1812 1006 quia
1852 942 2015 1007 magis

510 1033 786 1086 virtutibus
829 1030 1123 1084 abundavit.
1172 1028 1298 1080 Cum
1341 1029 1477 1080 enim
1520 1028 1858 1096 proximiores
1898 1034 2019 1079 sunt

509 1135 674 1187 papa,
723 1127 864 1170 tanto
903 1132 1077 1169 casum
1125 1116 1237 1183 plus
1280 1115 1467 1167 debent
1512 1117 1696 1167 limere
1737 1099 1794 1165 ut
1835 1113 2018 1180 probat

513 1210 568 1260 Β.
597 1209 874 1276 Gregorius
915 1221 1067 1272 super
1109 1207 1427 1258 Ezechielem
1472 1205 1534 1257 de
1565 1219 1718 1256 causa
1752 1203 1971 1255 Lucileri
1999 1219 2011 1253 :

513 1294 844 1361 Principium,
895 1294 1078 1358 inquit,
1125 1293 1324 1343 viarum
1368 1285 1783 1342 Dei'llehemot:
1829 1289 2019 1341 debent

511 1382 648 1434 enim
675 1395 788 1431 esse
814 1379 926 1444 puri
956 1378 1088 1429 sicut
1114 1377 1323 1438 vitrum,
1371 1385 1422 1428 et
1457 1376 1656 1428 candidi
1689 1376 1736 1426 in
1766 1374 2012 1435 moribus,

512 1478 563 1520 ct
593 1467 735 1520 rubei
781 1481 877 1532 per
898 1465 1198 1516 memoriam
1241 1464 1497 1531 passionis
1535 1462 1726 1516 Christi
1771 1472 2014 1529 tanquam

513 1558 598 1609 nix
626 1564 678 1607 et
701 1556 830 1608 ebur
872 1554 1138 1619 antiquum
1165 1569 1177 1612 ;
1225 1551 1413 1603 debent
1439 1567 1552 1603 csse
1596 1552 1757 1604 nubes
1797 1551 1932 1612 cceli,
1961 1559 2017 1602 ut

511 1644 754 1696 inducant
782 1655 942 1707 aquas
980 1638 1294 1705 spirituales,
1325 1646 1382 1688 ut
1407 1639 1591 1704 probat
1615 1637 1772 1692 Isaias
1796 1637 1974 1688 dicens
1999 1653 2010 1687 :

514 1729 611 1790 Qui
642 1736 754 1778 sunt
779 1705 861 1777 isti
885 1725 969 1792 qui
1002 1734 1054 1775 ut
1085 1725 1234 1775 nubes
1265 1725 1425 1776 volant
1446 1733 1491 1775 et
1517 1725 1661 1792 quasi
1684 1725 1922 1775 columba!
1951 1725 2015 1775 ad
2044 1705 2089 1762 Β

511 1806 754 1879 fenestras
781 1829 898 1864 suas
923 1813 945 1862 ?
986 1811 1246 1864 Columbae
1271 1812 1512 1887 dicuntur
1537 1820 1747 1880 propter
1771 1812 2016 1880 simplici-

514 1911 689 1963 tatem,
731 1903 848 1968 quia
875 1915 988 1953 esse
1017 1898 1207 1952 debent
1254 1900 1578 1952 candidiores
1613 1901 1747 1963 nive,
1779 1900 2020 1952 rubicun-

511 1990 681 2041 diores
704 1978 866 2040 ebore
885 1987 1115 2052 antiquo,
1139 1987 1377 2052 puriores
1401 1987 1570 2047 vitro;
1601 1987 1698 2038 hoc
1725 1988 1918 2039 dictum
1942 1996 2021 2038 est

512 2076 575 2127 de
604 2075 677 2126 eis
722 2081 932 2141 propter
974 2074 1206 2125 diversas
1246 2073 1482 2124 virtutes.
1531 2070 1661 2125 Sunt
1687 2073 1823 2123 enim
1852 2074 2020 2125 cardi—

515 2163 656 2226 uales
699 2159 832 2212 oStia
873 2168 1064 2212 sanctae
1109 2158 1384 2220 Ecclesiae,
1424 2159 1561 2210 sicut
1598 2159 1786 2210 ostium
1829 2161 2022 2226 regitur

513 2223 809 2300 cardinibus
833 2263 844 2296 :
894 2246 936 2296 si
965 2246 1121 2312 igitur
1147 2245 1301 2297 cardo
1337 2250 1612 2312 rumpitur,
1644 2246 1692 2298 id
1718 2254 1816 2308 est,
1844 2223 2023 2299 sivcar-

515 2333 700 2384 dinalis
730 2333 1018 2404 deponitur,
1044 2341 1100 2382 ut
1127 2334 1308 2398 probat
1335 2332 1439 2384 Leo
1484 2347 1634 2398 papa,
1683 2347 1944 2397 nunquam
1971 2333 2020 2383 in

517 2429 816 2488 perpetuum
863 2419 1047 2485 legitur
1085 2425 1370 2486 reparatus,
1417 2419 1552 2470 sicut
1578 2417 1806 2482 loquitur
1832 2418 1894 2470 de
1927 2433 2021 2470 an-

516 2506 628 2573 gelo
653 2505 739 2569 qui
764 2505 964 2561 cecidit,
1010 2505 1096 2568 qui
1124 2517 1384 2568 nunquam
1426 2503 1706 2555 advocatur
1730 2504 1795 2555 ad
1834 2511 2048 2555 statum.

518 2591 755 2658 primum,
782 2586 858 2640 ut
880 2579 1142 2656 probatur‘
1155 2589 1218 2641 de
1255 2589 1563 2642 Pmnitentia
1589 2592 1710 2643 dist.
1744 2591 1794 2654 2,
1821 2590 2023 2642 Princi-

517 2679 672 2745 pium.
717 2675 850 2744 Ergo
875 2684 1016 2728 tanto
1045 2677 1247 2729 cautius
1273 2692 1329 2730 se
1354 2677 1544 2730 debent
1568 2677 1829 2728 custodire
1853 2691 1882 2727 a
1908 2692 2026 2744 pee-

517 2764 667 2827 catis,
702 2753 778 2816 ‘ne
806 2764 910 2816 sint
935 2765 1168 2832 Dagones
1192 2771 1388 2816 stantes
1407 2763 1554 2827 juxta
1599 2778 1774 2814 arcam
1802 2762 2022 2826 Domini,

519 2852 653 2902 sicut
685 2850 870 2918 legitur
915 2851 968 2902 in
995 2851 1126 2902 libro
1163 2851 1358 2917 Regum
1386 2851 1449 2902 de
1493 2848 1611 2902 ﬁliis
1640 2849 1769 2903 lleli.
1813 2850 1878 2903 28
1905 2851 2023 2903 dist.

497 3007 500 3011 λ
530 2937 715 3004 Legant
738 2937 971 3004 episcopi,
988 2945 1040 2988 et
1065 2951 1129 2988 ne
1159 2938 1263 2989 sint
1288 2937 1486 2990 nebulae
1506 2946 1557 2992 et
1582 2939 1743 2992 nubes
1765 2940 1874 2991 sine
1894 2953 2025 3004 aqua

525 3023 814 3098 turbinibus
839 3024 1126 3076 dazmonum
1155 3025 1379 3093 agitatae,
1427 3034 1482 3077 ut
1515 3027 1700 3092 probat
1723 3027 1906 3077 beatus
1929 3024 2053 3075 Pe-‘

523 3123 632 3166 trus
658 3114 708 3165 in
755 3113 980 3179 Epistula
1007 3129 1120 3175 sua,
1173 3124 1226 3165 et
1264 3098 1607 3180 Hieronymus
1633 3113 1683 3164 in
1713 3127 1910 3164 canone
1939 3126 2032 3164 suo

525 3202 590 3255 de
627 3200 951 3261 Poenitentia,
981 3202 1101 3254 dist.
1145 3199 1203 3254 Si
1249 3202 1400 3265 enim,
1432 3202 1612 3268 inquit,
1655 3209 1780 3263 etc.,
1810 3209 1865 3254 et
1897 3200 2033 3253 Beda

522 3289 708 3355 probat
729 3288 863 3340 idem
892 3288 945 3352 2,
966 3304 1017 3356 q.
1041 3289 1092 3351 7,
1116 3287 1282 3342 Secuti
1304 3298 1419 3342 sunt
1445 3292 1574 3343 viam
1600 3290 1831 3341 Balaam.
1861 3289 2034 3353 Quare

525 3391 626 3428 non
654 3376 815 3428 solum
856 3377 1080 3443 episcopi
1118 3378 1424 3444 perduntur,
1463 3379 1553 3430 sed
1592 3377 1782 3429 multos
1819 3376 2034 3444 populos

524 3473 578 3518 et
601 3458 765 3518 cteros
786 3479 959 3517 secum
989 3465 1182 3518 ducunt
1207 3465 1271 3517 ad
1299 3463 1492 3518 inferos
1517 3457 1841 3527 catervatim,
1865 3472 1921 3516 ut
1945 3464 2032 3527 40,

527 3552 650 3604 dist.
703 3553 931 3621 Si-papa,
983 3560 1031 3605 et
1077 3545 1142 3606 i9
1167 3552 1289 3606 dist.
1339 3553 1482 3605 Nulli
1518 3553 1636 3619 fas;
1669 3555 1765 3606 hoc
1788 3562 1888 3615 est,
1933 3569 2034 3605 non

526 3639 797 3705 capiantur
833 3639 1101 3705 superbia,
1147 3641 1267 3706 quia
1298 3648 1463 3692 mater
1503 3647 1582 3692 est
1623 3642 1852 3692 omnium
1884 3642 2034 3693 vitio-

531 3739 645 3775 rum
669 3741 682 3787 ;
723 3741 824 3778 non
849 3727 1120 3793 capiantur
1141 3741 1270 3778 vana
1296 3714 1491 3794 gloria,~
1509 3727 1629 3793 quia
1650 3741 1854 3781 omnem
1876 3729 2037 3779 virtu-

529 3820 631 3864 tem
656 3821 902 3875 evacuat;
953 3828 1053 3864 non
1081 3815 1352 3880 capiantur
1375 3814 1614 3880 pecunia,
1642 3816 1762 3879 quia
1791 3821 2036 3880 tanquam

527 3911 781 3952 venenum
801 3908 880 3951 est
904 3900 1142 3968 fugienda
1168 3913 1184 3951 :
1225 3915 1324 3952 non
1352 3891 1625 3968 capiantur
1653 3914 1828 3952 amore
1851 3914 2039 3966 paren-

532 3997 658 4047 tum,
688 3989 776 4053 qui
800 4002 888 4040 eos
915 3989 967 4040 in
1005 3989 1109 4039 vita
1136 3988 1417 4040 corrodunt
1440 3995 1684 4053 tanquam
1712 4000 1904 4038 musca:
1925 4000 2036 4036 mo-

529 4074 743 4134 rientes,
789 4081 841 4124 et
883 4087 970 4124 eos
997 4083 1114 4139 post
1157 4081 1374 4125 mortem
1419 4074 1724 4140 despiciunt,
1769 4074 2034 4126 dicentes:

532 4159 668 4211 Bene
693 4159 814 4210 mihi
843 4159 982 4218 fecit,
1027 4157 1117 4209 sed
1140 4157 1322 4209 melius
1351 4156 1521 4209 facere
1545 4157 1726 4224 potuit,
1757 4166 1812 4208 ut
1837 4156 1900 4209 de
1925 4157 2038 4207 aliis

2053 2980 2100 3041 ο

2111 501 2246 566 quod
2274 503 2313 553 si
2340 512 2418 554 est
2447 503 2632 554 absens
2671 503 2720 554 in
2761 487 2932 568 aliqua
2961 495 3145 567 legatie
3189 500 3353 564 possit
3379 501 3623 551 conﬁteri

2111 584 2193 635 cui
2218 585 2342 646 vult,
2373 601 2465 653 per
2508 587 2644 638 illam
2671 586 2978 638 decretalem
3019 599 3100 636 ex.
3133 586 3194 637 de
3234 586 3402 645 9mm,
3433 599 3479 636 c.
3519 585 3621 636 ult.

2112 670 2164 722 Si
2192 680 2360 724 autem
2390 683 2468 724 est
2492 689 2740 740 prteseus,
2771 684 2823 750 et
2849 681 3115 739 peccatum
3145 679 3223 737 est
3253 674 3517 724 notarium
3540 669 3624 724 vel

2111 758 2459 820 manifestum,
2507 759 2661 811 debet
2698 759 2933 812 conﬁteri
2960 771 3126 825 papae,
3175 765 3228 809 et
3253 757 3407 809 debet
3447 756 3628 810 acrius

2110 843 2282 908 puniri
2311 858 2468 908 quam
2495 843 2625 895 alius
2647 846 2904 910 peccator,
2948 850 3161 910 propter
3185 842 3419 908 exempla
3446 843 3630 909 perni-

2111 929 2268 989 ciosa,
2320 937 2375 979 ut
2418 929 2637 992 probant
2671 928 2909 982 Nicdaus
2953 937 3005 981 et
3050 928 3329 995 Gregorius
3369 928 3433 991 ll,
3475 943 3534 996 q.
3565 929 3626 986 5.

2109 1001 2375 1081 praecipue.
2424 1012 2478 1066 Si
2518 1023 2690 1067 autem
2718 1025 2798 1067 est
2831 1015 3089 1068 occultum
3111 1053 3125 1076 ,
3162 1014 3350 1067 sulllcit
3393 1015 3627 1082 generali

2111 1100 2493 1164 pcenitentiario
2517 1102 2751 1154 conﬁteri

2113 1204 2184 1257 De
2209 1208 2492 1273 paenitentia
2535 1207 3131 1337 capellbanorumﬁdontim'
3155 1225 3317 1276 papa',
3355 1220 3400 1261 et
3429 1211 3512 1262 cui
3537 1211 3632 1262 dc—

2709 1285 2786 1325 ent
2815 1291 2905 1325 con
2949 1284 3058 1325 teri.

2709 1285 2786 1325 ent
2815 1284 3058 1325 contueri.

2695 1381 2792 1448 (Ex
2821 1380 3040 1448 (διψῶ.)

2179 1462 2440 1530 Capellani
2487 1474 2656 1518 autem
2690 1476 2736 1518 et
2781 1469 2868 1518 alii
2896 1468 3120 1538 curiales
3147 1483 3291 1536 papae
3320 1470 3510 1523 debent
3538 1485 3633 1538 ge-

2113 1549 2272 1600 nerali
2289 1550 2672 1615 paenitentiario
2695 1551 2947 1615 conﬁteri,
2971 1554 3094 1620 quia
3118 1555 3183 1606 ab
3205 1556 3306 1606 alio
3335 1557 3433 1608 nisi
3460 1571 3489 1608 a
3516 1556 3636 1609 solo

2113 1650 2241 1702 papa
2271 1645 2324 1688 et
2345 1639 2587 1691 mandato
2609 1654 2709 1692 non
2730 1650 2943 1707 possunt
2972 1636 3167 1693 absolvi
3195 1658 3289 1695 nec
3312 1643 3478 1711 ligari,
3506 1661 3634 1698 cum

2114 1724 2247 1789 apud
2281 1725 2554 1778 ecclesiam
2583 1726 2915 1778 demorentur
2937 1741 2951 1777 :
2970 1733 3039 1792 {et
3064 1742 3214 1781 secus
3241 1731 3328 1795 qui
3355 1733 3511 1782 sentit
3536 1746 3635 1800 pe-

2114 1825 2206 1863 cus
2232 1819 2333 1874 est,
2360 1820 2416 1863 ut
2449 1813 2698 1878 probatur
2734 1814 2798 1865 de
2823 1812 3132 1867 Pmnit‘entia
3163 1816 3284 1868 dist.
3315 1816 3363 1877 6,
3402 1817 3630 1869 Placuit.

2114 1908 2167 1949 et
2193 1898 2244 1961 6,
2267 1914 2320 1966 q.
2350 1901 2401 1960 3,
2425 1901 2546 1951 c.l.
2991 1887 2998 1901 ’

2116 1985 2189 2037 De
2215 1987 2500 2053 paenitentia
2535 1989 2957 2054 patriarcharum,
2987 1999 3033 2059 et
3072 1992 3152 2042 cui
3177 1991 3354 2042 debent
3378 1983 3634 2057 confiteri.

2694 2074 2790 2142 (Ex
2818 2089 2931 2142 cap.
2963 2075 3036 2144 ις)

2182 2157 2423 2210 Dicturus
2448 2158 2512 2211 de
2541 2162 2844 2226 poenitentia
2870 2163 3198 2229 patriarchae,
3236 2172 3290 2214 et
3326 2163 3407 2214 cui
3441 2164 3639 2216 debeat

2116 2232 2372 2306 conﬁteri,
2418 2246 2586 2311 primo
2634 2246 3051 2314 distinguendum
3095 2257 3174 2300 est
3221 2257 3393 2300 utrum
3433 2250 3640 2302 crimen

2117 2331 2424 2395 patriarehze
2452 2331 2519 2380 sit
2542 2331 2800 2397 publicum
2827 2332 2904 2385 vel
2930 2333 3206 2387 occultum.
3255 2333 3308 2386 Si
3343 2344 3515 2385 autem
3559 2344 3643 2385 est

2118 2413 2394 2480 publicum,
2433 2414 2511 2465 vel
2540 2417 2816 2480 notoriam,
2863 2417 2940 2470 vel
2966 2418 3318 2481 manifestum,
3347 2420 3518 2471 acrius
3549 2419 3644 2470 de—

2119 2501 2207 2554 bet
2243 2502 2413 2569 puniri
2451 2517 2604 2568 quam
2634 2503 2721 2556 alii
2765 2505 3124 2572 delinquentes
3148 2513 3360 2572 propter
3399 2505 3644 2572 exempla

2119 2589 2407 2655 perniciosa
2435 2604 2549 2656 qua:
2577 2591 2938 2642 transmittunt
2978 2590 3041 2643 ad
3064 2598 3319 2658 posteros,
3359 2590 3479 2656 quia
3502 2603 3645 2656 pras-

2119 2676 2208 2726 lati
2243 2683 2320 2727 tot
2347 2676 2650 2728 mortalibus
2685 2677 2822 2744 digni
2853 2685 2994 2740 sunt,
3025 2685 3152 2742 quot
3186 2676 3422 2742 exempla
3463 2675 3646 2742 perni-

2121 2764 2260 2815 ciosa
2288 2763 2352 2815 ad
2375 2770 2609 2831 posteros
2635 2765 3011 2826 transmittunt,
3035 2772 3090 2816 ut
3114 2763 3332 2829 probant
3356 2763 3522 2815 sancti
3545 2761 3648 2813 Pa-

2127 2859 2232 2902 tres
2255 2849 2307 2913 2,
2339 2864 2390 2917 q.
2425 2851 2478 2911 3,
2508 2850 2629 2915 quia
2667 2850 2791 2901 illud
2821 2851 2957 2916 quod
2985 2851 3157 2918 agitur
3180 2865 3208 2902 a
3234 2850 3463 2916 praelatis
3488 2848 3648 2901 facile

2127 2936 2348 2987 trahitur
2369 2951 2398 2986 a
2422 2935 2643 2987 subditis
2671 2936 2722 2987 in
2755 2935 3045 3002 exemplum
3070 2952 3083 2986 ε
3131 2943 3183 2986 et
3225 2935 3278 2986 in
3310 2949 3373 2987 eo
3397 2949 3521 2987 casu
3547 2934 3643 2987 de-

2127 3027 2251 3077 bent
2276 3039 2305 3074 a
2331 3025 2441 3076 solo
2464 3037 2595 3090 papa
2621 3023 2814 3090 puniri,
2843 3023 2976 3076 sicut
3000 3025 3125 3078 dicit
3149 3025 3332 3077 beatus
3359 3021 3647 3089 Gregorius

2127 3112 2190 3163 de
2228 3109 2511 3163 Clementia
2552 3111 2774 3178 primate
2809 3111 2870 3175 2,
2906 3126 2958 3179 q.
3000 3113 3048 3175 7,
3079 3127 3128 3164 c.
3167 3110 3331 3172 Sicut,
3361 3111 3542 3178 inquit.
3577 3109 3645 3162 Et

2127 3201 2196 3253 ita
2237 3199 2562 3252 Innocentius
2611 3199 2674 3252 lll
2719 3201 2917 3268 punivit
2965 3199 3366 3252 Antiochensem
3413 3198 3646 3266 patriar-

2127 3289 2299 3348 cham,
2327 3300 2388 3338 eo
2415 3287 2552 3352 quod
2581 3286 2855 3354 quemdam
2887 3287 3327 3354 archiepiscOpum
3369 3284 3647 3339 dearcbie-

2127 3379 2434 3448 piscOpavit,
2462 3387 2515 3431 et
2554 3377 2678 3431 fecit
2702 3379 3020 3446 episcopum.
3059 3377 3310 3432 Similiter
3332 3375 3576 3430 Gelasius
3595 3383 3651 3427 et

2129 3466 2272 3520 Felix
2313 3467 2688 3518 damnaverunt
2728 3466 2971 3518 Acacium
2997 3464 3346 3532 patriarcham
3392 3463 3650 3515 Constan-

2131 3554 2520 3622 tin0politanum
2549 3553 2636 3615 2'5,
2665 3568 2716 3618 q.
2758 3554 2804 3615 l,
2835 3553 3068 3613 Aeacius,
3099 3559 3151 3603 et
3196 3566 3243 3603 c.
3289 3550 3531 3602 Minores.
3565 3549 3651 3602 Si-

2132 3643 2322 3694 militer
2345 3640 2587 3693 Nicolaus
2611 3653 2743 3706 papa
2768 3640 2997 3690 correxit
3019 3638 3394 3689 Bituricensem
3427 3635 3654 3703 patriar-

2131 3730 2282 3782 cham
2332 3742 2424 3794 pro
2472 3739 2536 3779 eo
2582 3726 2719 3792 quod
2759 3725 2976 3778 clericos
3019 3723 3378 3776 Narbonenses
3418 3721 3650 3790 episcopi

2134 3825 2312 3871 contra
2334 3830 2559 3869 canones
2601 3814 2882 3880 judicabat.
2920 3812 3174 3867 Probatur
3199 3811 3248 3871 2,
3280 3825 3333 3877 q.
3358 3809 3412 3871 5,
3438 3825 3488 3862 c.
3517 3806 3652 3860 Con-

2131 3915 2354 3973 questus.
2399 3903 2652 3956 Similiter
2691 3902 2796 3954 Leo
2835 3901 3049 3968 Magnus
3081 3893 3216 3966 saepe
3253 3897 3442 3964 sapius
3471 3908 3650 3961 repre-

2136 3991 2316 4043 hendit
2337 3989 2638 4041 Dioscorum
2665 3986 3068 4038 Alexandrinum
3095 3983 3443 4051 patriarcham
3470 3995 3567 4047 pro
3590 3994 3652 4032 eo
3732 4037 3744 4048 .

2136 4078 2272 4146 quod
2293 4090 2520 4129 canones
2557 4090 2658 4127 non
2689 4074 2931 4126 servabat
2967 4073 3018 4124 in
3055 4070 3372 4138 temporibus
3397 4068 3648 4120 ordinan-

2137 4165 2316 4218 dorum
2358 4163 2665 4216 clericorum
2703 4161 2766 4212 75
2806 4161 2950 4223 dist.,
2980 4175 3028 4213 c.
3081 4157 3334 4211 Similiter
3358 4155 3654 4207 Alexander

530 4235 669 4297 vitiis
711 4245 1004 4296 carnalibus
1046 4241 1326 4306 taCeamus,
1376 4245 1465 4297 sed
1511 4244 1593 4297 die
1634 4251 1887 4310 noctuque
1935 4259 2036 4295 non
2070 4254 2324 4324 οιειιιίιιε
2369 4251 2655 4317 increpavit
2709 4248 3060 4314 patriarcham
3123 4243 3652 4310 Hierosolymitanum

517 4341 738 4398 cessent
761 4333 1034 4383 virtutibus
1072 4332 1297 4383 studere.
1337 4331 1402 4382 Et
1427 4331 1600 4383 omnia
1639 4331 1734 4381 ista
1759 4330 2040 4396 probantur

535 4419 838 4470 auctoritate
864 4406 1075 4469 1521.23
1094 4415 1214 4470 dist.
1245 4417 1358 4481 llis,
1381 4420 1433 4470 et
1453 4419 1758 4471 auctoritate
1785 4418 2039 4470 Ambrosii

540 4503 625 4565 t2,
652 4517 704 4569 q.
741 4504 787 4564 l,
818 4517 863 4553 c.
895 4501 988 4554 Cui
1027 4504 1184 4568 portio
1223 4503 1358 4555 Deus
1386 4513 1474 4554 est.
1508 4503 1573 4556 86
1617 4504 1736 4555 dist.
1781 4502 1890 4554 Non
1916 4503 2041 4552 satis

536 4600 633 4643 est.
666 4590 799 4642 Bene
826 4591 933 4644 viso
960 4592 1021 4644 de
1043 4591 1345 4658 poenitentia
1378 4592 1736 4653 cardiualium,
1769 4592 2040 4643 videndum

537 4689 617 4732 est
640 4681 726 4732 cui
746 4681 964 4733 debeant
987 4679 1238 4741 conﬁteri,
1287 4689 1341 4734 et
1363 4681 1550 4733 debent
1575 4681 1779 4745 quidem
1812 4663 2044 4746 speciali-

543 4774 626 4817 ter
655 4780 853 4816 summo
878 4763 1124 4830 pontiﬁci,
1164 4767 1274 4818 sine
1300 4766 1444 4833 cujus
1473 4767 1678 4818 licentia
1704 4780 1802 4817 non
1830 4773 2046 4832 possunt

543 4852 712 4904 facere
756 4853 1196 4915 immutationem,
1250 4871 1345 4908 nec
1383 4857 1615 4907 condere
1662 4863 2043 4913 testamentum,

545 4939 682 5005 quod
710 4953 810 4990 non
836 4939 1082 5004 probatur
1097 4938 1212 5004 jure
1240 4941 1431 5006 scripto
1455 4941 1544 4992 sed
1571 4941 1940 4991 consuetudine
1968 4954 2048 4990 ro-

547 5025 774 5096 boratur.
822 5024 919 5075 Alii
955 5025 1133 5076 dicunt
1170 5025 1305 5091 quod
1329 5025 1576 5076 diaconus
1601 5023 1876 5076 cardinalis
1901 5024 2053 5075 debet

533 5111 1102 5178 .conliteripresbytero
1125 5111 1393 5174 cardinall,
1433 5118 1486 5164 et
1514 5111 1783 5178 presbyter
1811 5111 2050 5163 cardina-

533 5194 616 5251 .lis
643 5197 791 5248 debet
813 5197 1046 5249 conﬁteri
1073 5198 1311 5265 episcOpo
1336 5189 1606 5258 cardinali,
1634 5198 1860 5265 episc0pi
1887 5199 2054 5251 card‘io

552 5281 696 5335 nales
736 5284 922 5335 debent
947 5285 1182 5337 conﬁteri
1212 5298 1413 5338 summo
1452 5284 1702 5351 pontiﬁci,
1747 5293 1848 5336 etc.
1895 5283 2052 5334 Tertii

555 5367 728 5419 dicunt
755 5368 890 5433 quod
935 5369 1121 5428 debent
1143 5369 1378 5422 conﬁteri
1421 5362 1803 5439 paenitentiario
1831 5367 2055 5435 generali

558 5453 915 5521 domuit-papae,
963 5455 1082 5522 quia
1105 5457 1410 5532 gerigp'apa:
1435 5460 1592 5521 vices,
1619 5466 1673 5508 ut
1700 5460 1945 5524 probatur
1992 5458 2057 5509 25

2140 4342 2202 4392 de
2221 4338 2456 4391 falsitate
2485 4349 2642 4402 quam
2681 4334 3039 4386 committebat
3065 4329 3300 4397 ponendo
3329 4327 3539 4380 nomina
3564 4328 3654 4378 ab-
3741 4387 3750 4392 _

2140 4428 2362 4482 Sentium
2406 4426 2624 4478 fratrum
2678 4424 2729 4475 in
2794 4423 3095 4490 privilegiis.
3150 4419 3412 4472 Similiter
3463 4416 3657 4483 Grego-

2143 4515 2250 4566 rius
2263 4513 2328 4565 Xl
2351 4511 2686 4578 reprehendit
2707 4509 3061 4575 patriarcham
3082 4506 3418 4565 Gradensem,
3437 4517 3503 4555 eo
3518 4500 3654 4568 quod

2142 4587 2321 4652 contra
2363 4612 2587 4652 canones
2631 4605 2877 4662 exegerat
2911 4594 3262 4659 juramentum
3309 4592 3374 4644 ab
3407 4590 3656 4656 episeopo

2141 4686 2451 4739 Castellano.
2504 4685 2576 4737 De
2599 4683 2788 4735 talibus
2811 4695 2934 4749 ergo
2965 4688 3025 4734 ‘et
3050 4678 3403 4733 consimilibus
3426 4673 3658 4741 peccatis

2143 4775 2396 4828 confessio
2423 4783 2475 4827 et
2500 4770 2699 4840 punitio
2719 4772 2786 4820 ad
2813 4770 3059 4821 domuum
3101 4779 3288 4834 papam
3321 4761 3570 4830 pertinet.
3603 4758 3659 4812 Si

2145 4870 2315 4914 autem
2335 4869 2548 4928 peccata
2572 4866 2691 4910 sunt
2711 4857 2914 4909 occulta
2940 4863 2992 4909 et
3013 4869 3115 4907 non
3139 4850 3389 4911 enormia,
3421 4849 3497 4901 ita
3523 4845 3658 4915 quod

2146 4957 2352 5015 peracta
2380 4931 2690 5014 paenitentia
2718 4945 2879 5011 possit
2907 4945 2958 4996 in
3003 4958 3097 4996 suo
3140 4941 3322 4995 ordine
3361 4949 3656 4997 remanere,

2146 5044 2314 5103 potest
2356 5036 2453 5086 sibi
2477 5033 2672 5102 eligere
2712 5031 3082 5092 confessorem,
3127 5039 3182 5083 et
3218 5030 3513 5092 cuicunque
3553 5023 3661 5078 vult

2149 5124 2402 5183 conﬁteri,
2429 5129 2529 5173 etc.
2561 5157 2564 5160 ι

2116 5232 2133 5240 λ
2149 5211 2225 5263 De
2246 5210 2552 5276 confessione
2577 5204 3061 5284 archiepiscoporum
3079 5245 3092 5267 ,
3125 5215 3171 5256 et
3193 5205 3274 5256 cui
3299 5201 3511 5254 debeant
3547 5212 3660 5251 cou-

2825 5275 2976 5339 ﬁteri.

2733 5361 2831 5430 (Ex
2854 5375 2966 5429 cap.
2995 5361 3071 5427 5.)

2223 5454 2460 5506 Dicturus
2484 5453 2547 5504 de
2573 5449 2898 5504 confessione
2940 5447 3466 5514 archiepiscoporum,
3503 5450 3557 5496 et
3583 5443 3661 5492 cui
