3926 6216
207 359 339 412 1093

1079 353 1428 408 EXCEIIPTA
1469 353 1554 406 EX
1595 351 2084 406 ΡΟΕΝἰΊῈΝΤΙᾹιΛ
2120 353 2166 405 «1.
2212 355 2293 405 DE
2333 354 2480 406 DEO.

3196 357 3324 410 ιοει

205 469 424 521 debeant
466 463 717 524 conﬁteri,
764 465 931 531 primo
956 466 1182 517 occurrit
1222 465 1486 532 multiplex
1529 464 1714 516 distin-
1741 464 1786 523 Α
1811 479 1942 532 papa
1973 463 2270 533 Simplicius
2289 467 2355 518 Ἠ
2379 466 2526 529 dist.,
2550 479 2595 518 c.
2625 474 2676 518 et
2709 481 2756 518 c.
2783 467 2836 518 Si
2865 476 3034 520 autem
3063 480 3332 535 peceatum

204 555 323 612 etio,
357 554 554 606 scilicet
569 561 736 604 utrum
765 552 832 604 sit
855 553 1274 619 archiepiscopus
1293 555 1388 605 sub
1416 553 1712 620 patriarcha

206 642 532 701 constitutus,
567 640 648 692 vel
679 649 849 691 utrum
895 639 1189 713 immediate
1225 650 1423 706 spectat
1464 642 1528 692 ad
1550 641 1716 693 domi-

205 742 328 780 num
355 740 554 794 papam.
600 726 724 778 Item
766 726 806 777 si
836 732 1033 791 spectat
1057 725 1121 776 ad
1147 727 1519 792 patriarcbam,
1559 735 1612 778 et
1637 739 1718 779 est

203 815 544 884 propinquus,
587 814 723 880 quod
753 814 849 880 ipsi
877 815 1060 867 debeat
1087 815 1342 875 conﬁteri,
1387 831 1503 866 cum
1543 825 1717 882 posset

204 902 318 954 sine
345 899 590 968 periculo.
623 898 751 952 Nam
774 901 862 966 qui
898 915 1054 953 sanus
1089 909 1168 953 est
1210 917 1310 952 non
1335 902 1484 953 debet
1504 911 1640 953 stare
1663 901 1713 952 in

204 995 416 1053 peccato
454 1001 553 1038 una
584 987 708 1039 hora
734 985 856 1048 diei,
892 996 948 1038 ut
990 989 1236 1054 probatur
1258 987 1321 1040 de
1346 987 1489 1039 Poen.
1515 989 1632 1040 dist.
1665 1003 1711 1040 ε.

207 1076 271 1126 Et
299 1077 478 1138 veniet,
512 1077 693 1144 inquit,
725 1064 940 1142 Moyses.
973 1076 1036 1128 Et
1066 1077 1190 1129 illud
1216 1078 1348 1129 idem
1377 1080 1628 1143 probatur
1654 1077 1716 1129 de

205 1164 350 1217 Pcen.
380 1165 500 1217 dist.
528 1166 579 1226 5,
605 1178 651 1216 ε.
675 1163 927 1215 llle..Rex
949 1163 1132 1224 David,
1164 1163 1279 1215 talis
1307 1173 1357 1215 et
1385 1173 1487 1215 tam
1513 1173 1714 1229 potens,

205 1267 300 1305 nec
335 1252 522 1319 exiguo
545 1258 805 1304 momento
823 1265 980 1318 penes
1005 1266 1060 1303 se
1089 1265 1273 1318 passus
1300 1261 1381 1304 est
1407 1259 1460 1301 ut
1487 1260 1717 1302 maneret

201 1338 376 1390 delicti
421 1338 756 1398 conscientia,
803 1338 892 1391 sed
920 1347 1157 1405 prompta
1201 1337 1525 1391 confessione
1563 1348 1717 1404 atque

205 1425 388 1478 intimo
429 1426 605 1479 dolore
635 1424 857 1478 reddidit
884 1425 1101 1478 Domino
1140 1435 1408 1493 peccatum
1439 1441 1608 1479 suum.
1656 1427 1720 1478 Et

205 1510 330 1563 illud
357 1512 488 1563 idem
519 1510 765 1578 probatur
805 1511 876 1562 ita
916 1511 980 1563 de
1007 1510 1178 1572 Pam,
1207 1512 1330 1566 dist.
1357 1513 1410 1575 5,
1439 1527 1482 1564 c.
1517 1513 1720 1579 Septies

206 1596 257 1649 in
284 1597 367 1650 die
390 1598 525 1650 cadit
544 1597 716 1664 justus
745 1607 797 1649 et
823 1599 1066 1664 resurgit.
1100 1597 1200 1650 Sed
1226 1600 1267 1650 si
1292 1599 1467 1664 justus
1491 1614 1607 1652 cum
1635 1615 1720 1653 ca-

205 1683 300 1745 dit,
328 1685 584 1750 quomodo
601 1683 817 1749 justus?
855 1682 987 1737 Justi
1017 1686 1322 1738 vocabulum
1358 1702 1456 1738 non
1495 1688 1722 1740 admittit

1810 561 1890 604 est
1907 544 2165 605 occultum
2190 560 2242 605 et
2267 568 2367 606 non
2389 553 2586 620 indiget
2605 552 3011 620 dispensatione,
3028 564 3338 620 potestcon-

1811 641 1946 693 ﬁteri
1974 641 2064 712 cui
2095 640 2352 703 voluerit,
2386 656 2480 708 per
2503 642 2814 698 decretalem
2854 642 3122 711 Gregorii;
3173 646 3337 705 exsde

1811 729 1982 790 Pmn.,
2010 744 2056 781 c.
2091 728 2170 780 Ne
2193 745 2282 796 pro
2308 728 2569 792 dilatione,
2599 737 2651 783 et
2671 730 2954 784 Innocentii
2982 734 3118 785 tcrtii
3147 733 3198 786 in
3219 750 3337 788 con-

1810 817 1932 870 cilio
1959 816 2210 884 generali,
2241 831 2324 869 ex.
2357 817 2418 868 de
2445 815 2608 868 Elect.

1880 921 1953 974 De
1972 922 2283 990 confessione
2300 924 2662 995 episcoporum,
2688 934 2733 995 et
2749 927 2830 976 cui
2853 927 3062 978 debeant
3085 929 3337 995 conﬁteri.

2409 992 2504 1058 (Ex
2533 1007 2646 1059 cap.
2679 991 2753 1057 6.)

1882 1076 1952 1126 De
1978 1075 2304 1130 confessione
2337 1080 2564 1146 episcopi
2597 1079 2892 1132 ﬁrmissime
2923 1091 3119 1143 teneas,
3149 1093 3203 1135 et
3231 1084 3339 1136 nul-

1813 1153 2014 1216 latenus
2063 1165 2285 1227 dubites,
2331 1166 2468 1232 quod
2510 1175 2780 1232 exemptus
2821 1168 3051 1234 ejusdem
3083 1169 3217 1234 juris
3244 1181 3342 1231 est,

1815 1253 1947 1304 sicut
1989 1253 2053 1304 de
2089 1252 2416 1306 confessione
2459 1254 2843 1319 metropolitani
2887 1256 2972 1321 qui
3019 1251 3119 1308 non
3171 1259 3349 1310 subest

1815 1339 2124 1401 patriarchce
2151 1357 2161 1389 :
2201 1339 2242 1392 si
2286 1347 2456 1391 autem
2483 1355 2585 1392 non
2614 1349 2695 1393 est
2721 1341 3010 1407 exemptus,
3040 1343 3194 1397 debet
3221 1354 3376 1397 con-'

1818 1425 1949 1476 ﬁteri
1980 1427 2401 1492 metropolitano,
2431 1427 2615 1479 saltem
2658 1441 2718 1479 eo
2754 1435 2984 1494 tempore
3021 1443 3123 1495 quo
3151 1433 3350 1483 venerit

1818 1513 1880 1564 ad
1905 1512 2180 1566 concilium
2212 1514 2527 1580 provinciale
2554 1514 2692 1579 quod
2721 1515 2870 1566 debet
2894 1513 3024 1575 ﬁeri,
3053 1525 3111 1567 ut
3144 1517 3204 1568 18
3225 1517 3345 1570 dist.

1818 1600 2087 1665 probatur,
2119 1613 2166 1651 c.
2198 1608 2250 1652 et
2283 1614 2330 1652 c.
2357 1599 2412 1652 Si
2464 1610 2639 1653 autem
2674 1599 2834 1652 fuerit
2884 1601 3120 1655 inﬁmus
3163 1605 3240 1655 vel
3271 1619 3347 1656 re-

1821 1699 1992 1741 motus
2042 1688 2210 1750 valde,
2266 1696 2437 1756 potest
2486 1688 2723 1742 conﬁteri
2773 1691 3085 1743 necessitate
3137 1702 3352 1762 εοεειιῑε

206 1771 292 1837 qui
319 1785 523 1837 semper
541 1786 635 1838 per
656 1773 1012 1838 paenitentiam
1043 1775 1283 1840 resurgit.
1310 1774 1562 1826 Praelatus
1583 1774 1723 1826 nullo
1759 1761 1797 1817 Β
1827 1776 2117 1842 cuicunque
2144 1776 2401 1838 voluerit;
2433 1777 2530 1828 nisi
2556 1785 2695 1830 esset
2722 1779 2979 1830 notorium
3016 1780 3233 1842 crimen,
3260 1795 3349 1833 cu—

207 1861 503 1915 modoalios
520 1859 760 1926 judicare
784 1860 957 1923 debet,
983 1861 1106 1914 dum
1136 1862 1356 1914 habetin
1384 1877 1440 1915 se
1459 1863 1569 1929 ipso
1587 1863 1725 1929 quod

207 1949 538 2013 condemnet,
560 1957 618 2002 ut
639 1949 890 2017 probatur
913 1950 966 2010 5,
990 1965 1042 2016 q.
1075 1950 1124 2011 7,
1149 1964 1194 2001 c.
1225 1950 1423 2002 Judicet
1454 1951 1553 2009 ille,
1582 1961 1634 2002 et
1675 1965 1722 2002 ε.

209 2037 270 2090 In
295 2038 549 2106 gravibus,
579 2046 630 2090 et
681 2053 728 2090 c.
769 2035 1066 2088 Postulatus
1108 2037 1372 2089 Dominus.
1421 2037 1549 2090 Illud
1589 2039 1728 2091 idem

207 2123 393 2188 probat
434 2120 776 2190 Gregorius...
819 2139 872 2188 q.
920 2124 974 2184 5,
1022 2140 1066 2175 c.
1118 2121 1462 2190 Plerumque;
1505 2133 1559 2176 et
1603 2125 1728 2177 illud

209 2210 344 2264 idem
377 2210 560 2278 probat
590 2211 922 2278 Augustinus,
955 2212 1017 2263 de
1042 2211 1212 2271 Pam,
1240 2211 1361 2262 dist.
1391 2212 1441 2272 ﬁ,
1486 2210 1585 2272 Qui
1625 2210 1727 2262 vult

208 2299 454 2366 conﬁteri.
487 2300 596 2353 Hoc
627 2317 727 2354 non
761 2299 927 2353 solum
957 2301 1019 2352 de
1049 2300 1437 2366 archiepiscopo
1464 2299 1616 2351 debet
1644 2300 1725 2350 in-

211 2387 370 2454 telligi
397 2428 412 2451 ,
453 2391 542 2442 sed
585 2390 647 2444 ὼε
678 2405 990 2458 quocunque
1021 2389 1120 2441 alio
1147 2390 1362 2454 prmlato
1384 2428 1396 2450 ,
1438 2390 1549 2440 sive
1579 2403 1731 2455 supe-

212 2477 332 2529 riori
359 2478 468 2530 sive
487 2479 740 2531 inferiori.
766 2479 894 2530 Nam
924 2479 1059 2530 sicut
1080 2467 1208 2530 dicit
1241 2479 1546 2532 Ambrosius
1569 2518 1582 2541 ,
1611 2494 1728 2532 cum

213 2567 275 2619 iis
313 2567 546 2634 displicet
588 2567 676 2635 qui
723 2569 788 2620 ad
833 2568 1258 2620 intercedendum
1302 2569 1562 2628 mittitur,
1612 2569 1728 2620 irati

214 2657 417 2708 animus
458 2657 521 2708 ad
575 2656 831 2709 deteriora
887 2664 1230 2724 provocatur,
1281 2666 1339 2708 ut
1385 2659 1636 2723 probatur
1674 2659 1728 2720 5,

215 2757 264 2808 q.
290 2742 338 2803 7,
361 2758 408 2794 ε.
442 2741 503 2794 In
525 2743 776 2810 gravibus.
797 2743 925 2796 Illud
949 2744 1081 2795 idem
1107 2743 1294 2811 probat
1317 2743 1601 2812 Gregorius
1627 2745 1731 2797 Ma-

214 2845 343 2897 gnus
369 2832 420 2884 in
439 2831 686 2884 Pastorali
714 2834 910 2894 suo,49
939 2833 1085 2894 dist.,
1114 2850 1162 2886 c.
1194 2836 1240 2885 1.
1275 2834 1330 2887 Si
1361 2844 1530 2888 autem
1552 2847 1631 2888 est
1655 2838 1732 2888 iu-

216 2919 396 2970 ﬁrmus
422 2919 867 2985 metropolitanus,
892 2927 1011 2972 tunc
1037 2921 1228 2986 poterit
1251 2923 1540 2988 cuicunque
1558 2923 1732 2975 volue-

219 3003 544 3056 ritconﬁteri
581 3005 856 3066 sacerdoti,
905 3005 1027 3057 dum
1077 3015 1246 3057 tamen
1286 3007 1560 3060 catholico.
1607 3007 1731 3065 Pro-

1816 1859 1904 1925 jus
1930 1863 2189 1929 correptio
2213 1873 2264 1915 et
2289 1864 2563 1931 castigatio
2595 1871 2798 1931 spectat
2820 1864 2884 1917 ad
2919 1866 3259 1932 superiorem.
3289 1867 3352 1920 Et

1824 1948 1943 2001 licet
1970 1950 2129 2002 multa
2158 1953 2264 2003 sint
2306 1952 2492 2004 delicta
2523 1967 2640 2018 qua:
2667 1954 2958 2020 episcopos,
3006 1956 3354 2023 archiepisco-

1824 2051 1918 2102 pos
1945 2046 1997 2088 et
2016 2038 2340 2103 patriarchas
2365 2037 2606 2103 majores,
2646 2047 2698 2090 et
2725 2028 2974 2106 primates
3000 2037 3235 2094 minores
3255 2043 3352 2094 du-

1825 2132 1952 2174 cunt
1991 2123 2055 2175 ad
2083 2123 2419 2192 ignominiam
2447 2132 2500 2177 et
2535 2125 2916 2191 confusionem,
2964 2137 3133 2181 tamen
3161 2145 3223 2182 ex
3254 2130 3355 2185 illis

1826 2223 1991 2274 pauca
2041 2212 2326 2264 secundum
2381 2213 2746 2266 auctoritatem
2793 2223 3093 2268 sanctorum
3145 2215 3353 2270 Patrum

1825 2299 1920 2350 sub
1948 2299 2092 2351 brevi
2121 2300 2255 2367 ston
2282 2302 2346 2353 ad
2374 2303 2679 2355 memoriam
2704 2304 3102 2370 restringamus,
3132 2313 3189 2357 ut
3219 2319 3355 2372 pra:-

1825 2393 1999 2437 sentes
2041 2385 2368 2451 corrigantur
2409 2387 2498 2463 qui
2548 2387 2600 2440 in
2634 2391 3074 2457 subsequentibus
3121 2393 3352 2462 delique-

1827 2480 1945 2524 runt
1975 2481 2066 2526 :‘et
2090 2471 2248 2526 futuri
2267 2471 2378 2540 jam
2405 2476 2545 2528 cauti
2573 2483 2626 2529 et
2651 2476 2892 2531 instructi
2923 2479 3138 2532 timeant
3164 2473 3350 2535 similia

1825 2570 2150 2629 perpetrare.

1895 2649 2129 2702 Primum
2157 2659 2258 2712 est,
2305 2653 2444 2717 quod
2481 2652 2759 2706 conferunt
2801 2652 3056 2708 beneﬁcia
3080 2655 3360 2709 indiscrete

1827 2738 2245 2806 consanguineis,
2273 2738 2468 2791 carnali
2493 2753 2671 2794 amore
2695 2736 2835 2794 docti
2866 2742 2930 2794 ad
2961 2741 3082 2793 talia
3110 2742 3358 2796 beneﬁcia
3405 2741 3410 2744 ’

1827 2826 2123 2892 prmbenda,
2154 2835 2211 2878 ut
2237 2827 2422 2894 probat
2453 2827 2782 2880 Innocentius
2811 2829 2860 2880 iu
2887 2843 2971 2881 ex.
3013 2827 3079 2881 Ut
3127 2829 3360 2884 ecciesia-

1826 2914 1952 2964 stica
1977 2913 2235 2979 beneficia,
2266 2930 2314 2967 ε.
2349 2913 2417 2966 Ut
2444 2925 2679 2967 vestrum.
2816 2915 2818 2917 ’

1899 2997 2195 3052 Secundum
2221 3007 2318 3062 est,
2347 3001 2487 3066 quod
2511 3001 2790 3054 indiscrete
2819 3003 3062 3057 ordinant
3099 2992 3360 3058 indoctum

213 3091 366 3142 batur
387 3090 472 3153 96,
512 3108 563 3159 q.
595 3091 646 3154 6,
676 3107 724 3144 ε.
759 3090 817 3144 Si
846 3058 1120 3160 presbyter,
1142 3101 1194 3145 el
1235 3094 1298 3145 dc
1324 3058 1729 3159 Pccu.,dist.6,

1836 3084 1886 3136 in
1917 3084 2030 3137 loco
2055 3085 2194 3138 docti
2219 3086 2307 3153 qui
2331 3100 2491 3138 unum
2519 3085 2701 3154 pedem
2732 3088 2782 3140 in
2828 3089 3100 3141 mundanis
3125 3099 3282 3154 tenet,
3309 3093 3364 3144 et

220 3177 315 3240 Qui
342 3179 441 3228 vult
467 3179 713 3244 conﬁteri.
745 3178 799 3230 Si
826 3190 996 3244 autem
1018 3188 1099 3231 est
1126 3191 1356 3232 remotus
1383 3183 1736 3248 metropolita-

221 3280 314 3314 uus
339 3280 367 3314 a
393 3264 633 3330 primate,
679 3265 728 3317 in
757 3279 820 3317 eo
846 3279 971 3318 casu
997 3264 1282 3334 distingue,
1320 3273 1502 3318 utrum
1537 3269 1734 3321 crimen

220 3353 284 3402 sit
311 3353 567 3426 notarium
589 3354 668 3407 vel
691 3355 948 3408 occultum
975 3370 988 3406 :
1019 3356 1061 3408 si
1091 3357 1350 3409 notorium
1371 3365 1470 3416 est,
1506 3361 1734 3424 patriar-

221 3442 329 3492 chre
356 3436 515 3495 debet
532 3441 788 3502 conﬁtﬂi,
818 3450 870 3493 et
895 3443 959 3493 ab
985 3442 1070 3494 illo
1107 3443 1376 3508 castigari,
1395 3454 1462 3495 ut
1488 3446 1738 3512 probatur
1775 3486 1790 3492 ς

222 3531 272 3590 5,
298 3545 348 3596 q.
379 3530 446 3592 5;
496 3530 539 3581 si
567 3537 738 3581 autem
784 3529 982 3582 crimen
1011 3538 1090 3582 est
1123 3531 1406 3590 occultum,
1437 3533 1608 3584 adhuc
1631 3533 1738 3586 dis-

223 3627 398 3683 tingue
421 3625 592 3669 utrum
627 3617 694 3668 sit
720 3631 932 3669 enorme
953 3617 1034 3669 vel
1060 3633 1180 3669 non.
1208 3617 1262 3668 Si
1290 3627 1460 3670 autem
1485 3629 1564 3672 est
1591 3635 1742 3674 enor-

224 3721 323 3768 me,
361 3707 479 3772 quia
513 3706 706 3774 indiget
743 3707 1148 3774 dispensatione,
1189 3709 1341 3760 debet
1370 3709 1602 3762 conﬁteri
1651 3727 1738 3778 pa-

223 3796 463 3847 triarcha:
487 3796 570 3848 vel
603 3810 806 3847 summo
833 3795 1092 3862 pontiﬁci,
1128 3811 1256 3848 cum
1294 3811 1394 3849 non
1417 3799 1580 3864 possit
1609 3799 1740 3850 alius

223 3881 540 3951 dispensare,
577 3892 632 3935 ut
658 3884 909 3949 probatur
932 3884 1018 3945 2|,
1051 3883 1271 3946 Inferior
1294 3885 1449 3936 sedes.
1485 3886 1536 3936 Si
1568 3895 1740 3937 autem

226 3986 325 4024 non
359 3972 559 4041 indiget
603 3970 1018 4038 dispensatione,
1064 3979 1234 4038 potest
1261 3972 1494 4024 conﬁteri
1530 3973 1743 4025 cuicun-

225 4072 324 4123 que
369 4057 629 4119 voluerit;
674 4057 793 4109 dum
829 4064 999 4109 tamen
1048 4059 1114 4110 sit
1153 4058 1440 4110 catholicus
1479 4059 1738 4111 sacerdos.

223 4144 374 4198 Juxta
405 4146 544 4197 illam
571 4148 764 4199 deerct.
800 4148 864 4198 de
888 4146 1033 4198 Poen.
1077 4155 1127 4197 et
1167 4148 1367 4199 remiss.
1394 4164 1438 4198 r.
1467 4156 1585 4200 etc.
1615 4149 1742 4202 Item

226 4235 267 4286 si
303 4243 502 4302 spectat
532 4234 824 4285 immediate
849 4235 913 4286 ad
946 4235 1208 4286 dominum
1238 4250 1424 4301 papam
1476 4243 1526 4286 et
1552 4245 1631 4287 est
1660 4237 1740 4287 vi-

227 4323 396 4384 cinus,
436 4321 516 4374 vel
545 4313 676 4372 intra
725 4321 940 4380 Italiam,
991 4321 1040 4372 in
1085 4321 1326 4381 sanitate,
1381 4321 1448 4372 iiIi
1477 4321 1741 4376 debuisset

225 4409 501 4469 conﬁteri,
527 4422 642 4460 cum
670 4415 875 4475 oportet
905 4421 1024 4460 eum
1051 4423 1112 4459 ex
1140 4408 1450 4458 necessitate
1497 4409 1657 4460 semel
1689 4410 1738 4459 iu

173 4529 180 4537 -
228 4513 364 4550 anno
392 4496 677 4549 Romanam
706 4495 988 4557 Ecclesiam
1033 4498 1263 4556 visitare,
1316 4507 1370 4546 ut
1401 4498 1648 4562 probatur
1673 4499 1741 4551 25

227 4588 372 4645 dist.,
401 4599 448 4640 c.
478 4592 529 4638 et
553 4599 598 4638 c.
632 4583 687 4636 Si
714 4585 888 4637 autem
916 4592 996 4637 est
1028 4583 1285 4644 inﬁrmus,
1315 4594 1485 4651 potest
1504 4585 1739 4638 cmuﬁteri

229 4676 516 4741 cuicunque
542 4672 776 4735 voluerit,
823 4673 944 4726 dum
969 4680 1138 4723 tamen
1166 4672 1232 4722 sit
1262 4671 1544 4723 catholicus
1569 4687 1742 4725 sacer-

229 4765 322 4818 dos
351 4781 365 4815 :
395 4777 459 4815 ne
483 4761 854 4814 interveniente.
893 4761 1158 4826 paululum
1185 4775 1328 4812 mora
1375 4761 1592 4812 inveniri
1637 4778 1737 4813 non

228 4854 391 4920 possit
427 4852 515 4919 qui
544 4849 841 4903 redimatur.
871 4848 1129 4900 Probatur
1151 4849 1182 4900 5
1211 4849 1358 4905 dist.,
1384 4864 1429 4899 c.
1464 4849 1742 4916 Baptizan‘.

230 4941 357 4995 Illud
382 4942 515 4994 idem
541 4941 725 5008 prohat
747 4938 850 4990 Leo
872 4953 1002 5004 papa
1023 4939 1083 4990 (lc
1111 4937 1280 4997 Pmn.,
1303 4933 1448 4996 dist.,
1476 4953 1520 4988 e.
1551 4939 1597 4994 i.
1622 4937 1751 4989 Ma!-

221 5031 420 5100 ‘tiplex;
447 5029 617 5096 26,'q.
661 5029 710 5091 6,
766 5045 811 5080 c.
855 5026 954 5088 Qui
999 5029 1254 5088 recedunt,
1295 5037 1344 5080 et
1392 5043 1438 5076 (δ.
1479 5027 1531 5078 Is
1572 5029 1656 5095 qui
1697 5030 1746 5079 in

233 5130 486 5186 tempores
520 5115 575 5170 Si
623 5126 794 5170 autem
838 5123 918 5168 est
962 5126 1189 5169 remotus
1232 5118 1366 5168 ultra
1420 5117 1617 5168 Italiam
1670 5117 1749 5168 vel

233 5222 462 5270 enorme,
493 5207 702 5259 domino
729 5221 873 5274 papae
903 5206 1053 5258 debet
1090 5205 1343 5264 conﬁteri,
1372 5215 1423 5257 et
1450 5207 1515 5258 ab
1542 5207 1630 5256 illo
1658 5221 1746 5258 ca-

235 5298 434 5366 stigari,
480 5307 536 5350 ut
576 5296 759 5365 probat
792 5296 1119 5348 Innocentius
1161 5309 1290 5361 papa
1329 5297 1382 5356 9,
1421 5310 1473 5362 q.
1505 5295 1555 5355 2,
1588 5309 1633 5346 ε.
1687 5294 1744 5346 Si

235 5395 400 5437 autem
425 5374 627 5454 aliquis.
676 5384 739 5437 Et
777 5384 900 5436 illud
940 5385 1073 5437 idem
1115 5384 1298 5450 probat
1339 5382 1636 5449 Gregorius,
1681 5381 1745 5431 ’Μ

237 5473 353 5525 dist.
380 5487 427 5525 c.
465 5471 773 5536 "oneratur,
803 5479 855 5525 et
876 5473 925 5532 ‘2,
959 5489 1010 5539 ει.
1042 5473 1092 5535 5,
1127 5473 1324 5536 Quanto
1365 5481 1408 5522 et
1450 5488 1520 5530 se,
1551 5487 1648 5538 qua
1685 5469 1746 5519 de

239 5577 431 5628 causa;
476 5559 542 5614 45
581 5562 721 5628 dist.,
761 5579 808 5617 c.
841 5561 1190 5615 Salomilnurr.
1233 5560 1354 5613 Illud
1402 5559 1534 5610 idem
1565 5556 1748 5624 probat

1833 3173 1993 3225 alium
2016 3173 2068 3224 in
2091 3172 2478 3239 ecclesiasticis,
2507 3181 2686 3227 contra
2711 3181 2872 3243 legem
2892 3174 3136 3238 divinam,
3168 3188 3221 3229 ut
3245 3194 3362 3246 pro—

1835 3259 1926 3311 bat
1953 3257 2019 3311 lc.
2051 3259 2119 3311 48
2149 3259 2295 3321 dist.,
2329 3274 2375 3310 c.
2407 3260 2501 3312 ult.

1905 3347 2138 3400 Tertium
2168 3356 2269 3410 est,
2320 3348 2528 3415 quando
2565 3357 2752 3418 rogant
2794 3358 2908 3418 pro'
2935 3351 3156 3421 indignis
3197 3354 3365 3408 scicn-

1837 3443 1934 3497 ter,
1956 3437 2058 3488 etc.
3254 3448 3256 3462 ³

1903 3523 2154 3588 Quartum
2184 3524 2284 3586 est,
2322 3526 2529 3592 quando
2569 3525 2812 3579 ordinant
2847 3529 3078 3596 bigamos
3105 3540 3157 3582 et
3185 3530 3363 3584 illitteQ-

1836 3620 1979 3666 ratos
2008 3621 2061 3666 et
2094 3629 2316 3681 corpore
2351 3615 2562 3667 vitiatas
2597 3622 2778 3668 contra
2822 3618 3131 3671 sententiam
3171 3618 3366 3674 Gelasii

1833 3719 2001 3772 βψω,
2033 3704 2098 3757 50
2128 3704 2274 3767 dist.,
2305 3720 2353 3757 c.
2385 3703 2504 3756 Non
2531 3704 2776 3770 conﬁdat.

1904 3792 2151 3856 Quintum
2196 3799 2294 3853 est,
2344 3790 2482 3856 quod
2522 3784 2764 3843 ordina'nt
2811 3793 2969 3845 curiae
3015 3794 3271 3862 obligatos
3317 3808 3372 3851 et

1831 3877 2150 3946 joculatores
2193 3886 2244 3930 et
2271 3867 2550 3931 advocatos
2584 3868 2639 3929 in
2661 3893 2818 3931 causa
2865 3881 3146 3946 sanguinis,
3185 3893 3369 3937 contra

1838 3967 2148 4019 sententiam
2180 3966 2235 4019 S.
2267 3967 2571 4032 Innocentii,
2601 3965 2659 4017 51
2701 3967 2843 4030 dist.,
2868 3983 2914 4020 c.
2947 3969 3264 4037 Aliquantos.

1909 4057 2123 4109 Sextum
2158 4064 2255 4114 est,
2287 4054 2422 4121 quod
2453 4054 2695 4108 ordinant
2744 4071 2923 4109 servos
2963 4067 3016 4110 et
3041 4061 3368 4129 origenarios

1833 4161 1940 4197 non
1969 4145 2335 4204 manumissos,
2366 4151 2549 4196 contra
2573 4145 2882 4197 sententiam
2903 4144 3090 4200 Gelasii
3113 4163 3277 4215 papae;
3302 4150 3396 4202 54⁷

1838 4235 1958 4286 dist.
1991 4230 2248 4300 Frequens
2277 4241 2393 4284 etc.
2432 4232 2515 4283 Ea:
2543 4233 2782 4301 antiquis,
2811 4242 2928 4287 etc.
2958 4235 3193 4288 General.
3220 4239 3283 4291 Et
3303 4241 3369 4293 il-

1842 4322 1924 4372 lud
1968 4321 2102 4373 idem
2131 4321 2315 4388 probat
2343 4319 2618 4378 concilium
2662 4320 2988 4381 Arelatense,
3019 4323 3105 4376 ubi
3131 4325 3193 4377 de
3220 4326 3372 4396 biga-

1844 4410 1940 4461 mis
1966 4416 2019 4459 et
2064 4408 2127 4460 de
2168 4407 2539 4476 paenitentibus
2574 4405 2893 4470 solemniter,
2939 4411 3081 4462 etde
3123 4412 3238 4466 aliis
3278 4429 3372 4466 or-

1842 4495 2035 4547 diuatis
2085 4496 2173 4564 qui
2230 4509 2329 4546 non
2374 4493 2564 4546 debent
2608 4496 2925 4561 promoveri.
2991 4495 3247 4552 Probatur
3302 4499 3366 4552 5i

1845 4586 1986 4645 dist.,
2024 4595 2072 4636 ε.
2115 4586 2157 4634 l.
2660 4571 2662 4573 ’

1911 4671 2197 4737 Septimum
2227 4677 2322 4722 est.
2374 4667 2509 4734 quod
2551 4653 2888 4732 pr'omoveant
2926 4669 3269 4725 dscmoniacos
3325 4686 3377 4727 et

1843 4757 2159 4826 epilepticos,
2190 4764 2367 4808 contra
2399 4753 2706 4805 sententiam
2733 4751 2921 4805 Gelasii
2950 4768 3114 4821 papae,
3142 4755 3208 4808 23
3245 4759 3367 4812 dist.

1849 4826 2016 4913 Usque
2051 4847 2197 4904 adeo,
2221 4851 2272 4894 et
2301 4850 2478 4894 contra
2522 4841 2832 4894 sententiam
2862 4839 3115 4911 Gregorii,
3143 4845 3286 4910 dist.,
3316 4863 3364 4900 c.

1849 4935 2110 4987 Mantum.
2875 5003 2880 5006 .

1914 5022 2162 5075 Octavum
2196 5029 2296 5081 est,
2333 5019 2470 5086 quod
2516 5021 2821 5086 promovent
2864 5016 2996 5070 ﬁlios
3039 5021 3368 5087 presbytero-

1841 5127 1982 5172 rum,
2013 5118 2065 5162 et
2092 5109 2220 5160 alios
2242 5123 2343 5159 non
2373 5107 2598 5175 legitime
2627 5112 2797 5167 natos,
2839 5112 3018 5158 contra
3057 5107 3369 5160 sententiam

1850 5198 2044 5252 Urbani
2069 5207 2232 5264 papaa,
2263 5195 2328 5246 56
2354 5194 2498 5272 dist.,
2524 5208 2572 5246 c.
2607 5193 2630 5244 I

1915 5287 2116 5339 Nouum
2145 5292 2242 5345 est,
2266 5279 2401 5349 quod
2424 5279 2635 5334 trahunt
2662 5278 2930 5348 religiosos
2952 5279 3016 5332 de
3036 5281 3368 5333 monasteriis

1849 5384 2029 5429 contra
2059 5373 2377 5425 voluntatem
2412 5361 2657 5422 abbatum
2685 5365 2917 5430 suorum,
2949 5375 3006 5420 ut
3031 5367 3279 5434 probatur
3297 5367 3368 5424 58

1842 5465 1994 5524 dist.,
2035 5479 2081 5514 c.
2115 5462 2159 5525 ί,
2187 5469 2238 5511 ει
2262 5459 2316 5517 2,
2347 5468 2392 5509 et
2433 5456 2516 5517 18,
2543 5472 2594 5523 q.
2620 5454 2670 5515 9.,
2701 5452 2863 5517 Quam
2903 5455 2988 5520 sit,
3013 5462 3066 5506 et
3098 5467 3143 5506 c.
3185 5451 3362 5509 Lami.

1856 5571 1994 5605 ηοω.
