3926 6216
576 350 705 406 1093

1446 352 1789 403 EXCERPTA
1830 350 1913 401 sx
1955 330 2441 401 mansurum
2470 350 2518 402 ι.
2558 352 2639 403 DE
2679 351 2803 402 DliO

3543 345 3687 397 1095

638 458 896 509 Decimum
919 467 1012 515 est,
1036 457 1166 522 quod
1194 466 1489 523 promovent
1512 456 1697 506 mullos
1716 455 1945 514 clericos,
1978 432 2061 503 ubi
2095 459 2137 510 Α
2164 454 2312 503 batur
2339 454 2402 504 80
2429 454 2573 515 dist.,
2600 469 2641 506 c.
2697 454 2951 503 Pcrlulttm
2979 462 3070 513 est,
3099 462 3149 503 ct
3186 470 3231 503 c.
3260 452 3545 519 Episcopus
3574 456 3689 501 tui-

568 551 645 594 est
675 542 957 594 sollicitudo
978 541 1223 592 laicorum
1244 555 1257 589 :
1286 548 1336 591 et
1360 556 1475 591 cum
1500 554 1599 592 non
1619 549 1829 606 possunt
1848 540 1923 591 eis
1944 541 2066 593 dare

571 628 830 685 beneﬁcia,
856 630 977 678 dant
1005 628 1081 678 eis
1103 628 1306 678 ordines
1330 636 1503 678 contra
1533 627 1832 677 sententiam
1875 624 2064 677 Urbani

568 713 632 765 58
660 715 800 771 dist.,
841 712 895 763 Si
924 713 1080 777 ofﬁcia
1108 712 1386 769 strcularia,
1437 713 1519 763 ubi
1554 713 1738 763 dicitur
1761 713 1897 778 quod
1941 712 2064 762 latio

566 800 798 851 ordinum
826 812 1025 863 semper
1052 798 1199 847 debet
1222 811 1333 849 esse
1361 799 1564 849 discreti
1598 797 1797 863 iudicii,
1827 800 1945 863 quia
1986 813 2066 848 ra-

568 902 678 937 rum
715 894 793 937 est
816 898 965 936 omne
988 886 1124 949 quod
1154 900 1390 950 magnum
1424 894 1518 935 est.

636 972 969 1023 Undecimum
995 980 1095 1031 est,
1124 972 1258 1035 quod
1304 971 1397 1035 ipsi
1441 972 1663 1037 episcopi
1699 980 2062 1035 promoventur

566 1060 837 1111 indiscrete
867 1073 928 1109 ex
956 1057 1117 1116 laicis,
1146 1057 1263 1121 quia
1285 1058 1381 1108 hoc
1407 1072 1519 1108 esse
1546 1073 1643 1108 non
1678 1059 1843 1117 debet,
1873 1067 1928 1108 ut
1946 1072 2064 1122 pro—

566 1146 689 1198 bant
719 1144 881 1196 sancti
906 1142 1086 1194 Patres
1111 1142 1174 1193 58
1195 1130 1333 1201 dist.,
1358 1158 1403 1193 c.
1430 1142 1536 1193 [Ioc
1558 1144 1621 1194 ad
1642 1160 1750 1204 nos,
1777 1152 1893 1195 etc.
1916 1142 2064 1193 Ordi-

564 1240 745 1289 natos;
776 1230 859 1281 ubi
884 1229 1006 1281 dicit
1052 1243 1177 1296 papa
1211 1230 1515 1280 Cuclcstinus
1552 1230 1685 1294 quod
1720 1230 1905 1281 debent
1946 1238 2064 1281 ante

562 1330 675 1366 esse
702 1314 931 1380 discipuli
956 1329 1106 1379 quam
1137 1314 1385 1379 magistri,
1418 1316 1584 1364 omnis
1619 1314 1753 1364 enim
1778 1316 1892 1365 vita:
1921 1314 2063 1365 insti-

560 1388 692 1450 iutio
725 1399 787 1449 ad
815 1398 862 1449 id
885 1399 1019 1463 quod
1043 1398 1259 1449 intendit
1286 1412 1339 1449 se
1368 1397 1623 1449 informat.

630 1484 993 1535 Duodecimum
1040 1492 1137 1544 est,
1182 1483 1314 1548 quod
1361 1493 1662 1548 promovent
1703 1484 1917 1536 clericos
1953 1485 2062 1536 sine

562 1570 727 1631 titulo,
756 1577 931 1621 contra
961 1569 1230 1621 concilium
1272 1568 1703 1629 Chalcedoneuse,
1736 1577 1791 1620 ut
1818 1571 2065 1633 probatur

561 1657 625 1707 70
644 1658 779 1714 dist.,
812 1672 857 1707 c.
891 1656 1171 1715 Neminem,
1200 1666 1316 1705 etc.
1348 1656 1663 1707 Sanctorum.
1693 1657 1755 1707 Et
1778 1657 1901 1709 illud
1926 1660 2058 1710 idem

561 1747 808 1810 probatur
831 1758 911 1795 ex.
942 1743 1005 1795 de
1029 1743 1338 1804 Prtebendis,
1364 1759 1409 1794 c.
1438 1744 1605 1810 Epiec.

628 1829 888 1881 Decimum
917 1830 1123 1901 tertium
1149 1838 1245 1889 est,
1276 1830 1409 1895 quod
1431 1830 1683 1896 recipiunt
1707 1832 1922 1883 clericos
1943 1832 2063 1883 alie—

562 1932 655 1967 nos
678 1916 787 1967 sine
814 1916 999 1967 litteris
1043 1916 1410 1967 demissoribus
1449 1932 1656 1968 suorum
1686 1919 2061 1983 episcoporum,

560 2008 616 2053 ut
640 2003 886 2067 probatur
910 2002 965 2051 7|
1002 2001 1140 2062 dist.,
1173 2016 1219 2053 c.
1252 2000 1405 2059 Illud.
1436 2011 1487 2053 et
1508 2018 1551 2053 ς.
1584 2003 1639 2053 Si
1671 2006 1799 2070 quis,
1828 2013 1945 2056 etc.
1994 2005 2065 2054 De

559 2088 743 2149 aliena,
772 2096 821 2139 ct
844 2102 886 2139 ρ.
918 2086 1153 2138 Clericos.
1183 2087 1308 2139 illud
1331 2089 1461 2140 idem
1489 2091 1733 2154 probatur
1756 2105 1839 2141 ex.
1864 2092 1925 2141 de
1944 2074 2064 2142 Cle-

562 2174 682 2223 ricis
704 2173 1007 2238 peregrinis,
1039 2180 1091 2222 et
1114 2173 1165 2233 7,
1192 2187 1243 2237 q.
1276 2173 1319 2234 ι,
1346 2188 1391 2223 c.
1427 2173 1541 2225 Non
1570 2184 1774 2237 oportet,
1799 2184 1912 2226 etc.
1944 2174 2066 2225 Pla-

561 2259 679 2308 cuit.
712 2258 836 2309 lllud
866 2259 997 2310 idem
1022 2258 1087 2310 28
1112 2260 1252 2318 dist.,
1289 2276 1333 2311 c.
1368 2261 1411 2310 1.

630 2345 889 2398 Decimum
931 2353 1167 2411 quartum
1216 2355 1311 2409 est,
1340 2348 1473 2412 quod
1523 2337 1787 2413 negligant
1832 2349 2067 2415 proprios

563 2433 795 2491 clericos,
826 2440 876 2483 et
917 2433 1182 2484 dimittunt
1204 2447 1292 2484 eos
1320 2436 1466 2498 quasi
1513 2448 1634 2484 oves
1662 2442 1915 2493 errantes,
1946 2449 2067 2485 con-

564 2528 639 2569 Ira
668 2516 971 2569 sententiam
1002 2518 1186 2570 Leonis
1210 2533 1367 2584 papae,
1397 2527 1453 2569 ut
1484 2520 1724 2584 probatur
1751 2519 1814 2569 77
1842 2520 1985 2581 dist.,
2015 2536 2059 2572 ρ.

561 2602 856 2669 Fpiscopus.

631 2689 889 2741 Decimum
919 2691 1151 2756 quintum
1179 2701 1278 2753 est,
1307 2694 1440 2759 quod
1480 2703 1777 2760 promovent
1818 2695 2063 2761 quosdam

562 2775 747 2827 inritos
768 2778 875 2828 sine
901 2778 1067 2843 aliqua
1102 2782 1423 2841 necessitate,
1451 2782 1538 2833 sed
1580 2782 1685 2833 sola
1710 2796 1861 2834 causa
1897 2783 2066 2847 ingra-

558 2864 809 2922 titudinis,
837 2875 1013 2914 contra
1053 2867 1384 2917 auctoritates
1416 2876 1707 2919 sanctorum
1743 2868 1966 2929 l'atrmn,
2012 2880 2064 2920 ut

560 2948 805 3014 probatur
832 2950 895 2999 ιι
922 2951 1062 3012 dist.,
1091 2966 1135 3001 c.
1165 2951 1452 3018 Episcopus,
1483 2963 1535 3005 et
1558 2970 1601 3004 (ξ.
1623 2955 1787 3013 Gesta,
1822 2958 1903 3007 ubi
1932 2957 2056 3008 dici-

564 3042 648 3085 tur
672 3034 805 3101 quod
836 3036 1004 3087 nullus
1030 3038 1353 3102 compellitur
1381 3054 1610 3092 crescere
1638 3042 1845 3093 invitus.

629 3122 891 3175 Decimum
915 3134 1113 3176 sextum
1140 3133 1234 3183 est,
1279 3127 1411 3190 quod
1438 3138 1739 3192 proruerent
1783 3130 1981 3196 aliquos
2018 3132 2067 3181 in

561 3209 723 3259 sacris
747 3218 891 3259 extra
926 3218 1153 3275 tempora
1182 3212 1244 3260 ad
1286 3212 1380 3263 hoc
1410 3212 1669 3278 deputata,
1697 3224 2070 3270 coutraancto-

564 3295 765 3345 ritatem
814 3305 1109 3348 sanctorum
1140 3296 1369 3359 Patrum,
1409 3310 1463 3350 ut
1506 3300 1751 3366 probatur
1781 3302 1843 3353 75
1869 3303 1990 3366 dist,
2018 3320 2065 3356 c.

565 3379 932 3443 Ordinationes,
962 3392 1079 3434 etc.
1128 3383 1256 3444 Quia
1286 3386 1529 3451 putribus,
1562 3395 1608 3437 et
1648 3388 1822 3439 eadem
1850 3370 1999 3450 dist.,,
2020 3404 2064 3441 c.

563 3467 678 3527 ult.,
704 3478 755 3519 et
778 3483 857 3519 ex.
892 3470 952 3520 de
980 3468 1249 3535 Tempore,
1278 3480 1378 3521 etc.

630 3553 887 3606 Decimum
936 3557 1206 3620 septimum
1254 3567 1353 3619 est,
1383 3560 1516 3624 quod
1561 3560 1831 3612 conferunt
1863 3563 2072 3615 ordines

566 3653 741 3690 sacros
772 3642 1051 3693 minoribus
1080 3644 1128 3692 in
1176 3652 1324 3695 ιιιιειω
1354 3645 1598 3710 legitima,
1628 3650 1690 3697 ad
1732 3648 1829 3700 hoc
1856 3649 2067 3715 indigni,

566 3740 668 3776 non
697 3729 912 3777 servatis
954 3728 1241 3780 interstitiis
1269 3738 1572 3797 temporum.
1619 3742 1796 3786 contra
1842 3738 2069 3788 auctori-

567 3821 719 3864 tatem
749 3823 1057 3877 sanctorum,
1088 3824 1144 3867 ut
1172 3817 1417 3881 probatur
1438 3820 1502 3870 ’Π
1529 3822 1644 3879 dist.
1676 3838 1768 3886 per
1798 3831 1979 3885 totum,
2020 3834 2072 3878 et

567 3900 631 3952 ’78
657 3902 774 3953 dist.
804 3918 895 3968 per
926 3912 1105 3958 totum.

635 3986 894 4038 Decimum
936 3998 1172 4040 octavum
1201 4000 1297 4049 est,
1330 3993 1463 4056 quod
1493 3998 1745 4048 sustinent
1781 3997 1996 4051 clericos
2021 4001 2069 4050 in

568 4085 660 4121 sua
698 4071 909 4131 malitia,
948 4088 1165 4139 quorum
1194 4076 1439 4141 obsequio
1482 4076 1792 4141 deiibatifut
1826 4087 2073 4157 probatur

570 4157 637 4207 73
660 4156 802 4217 dist.,
828 4155 875 4208 Si
903 4159 1014 4222 quis
1035 4160 1309 4226 cpiscopus,
1340 4170 1390 4214 et
1411 4177 1467 4213 c..
1490 4162 1665 4223 Error,
1694 4176 1810 4219 etc.
1848 4155 2068 4222 Consen-

570 4252 679 4290 ttrc.

639 4326 901 4378 Decimum
927 4343 1111 4379 nonum
1160 4340 1258 4393 est,
1287 4333 1421 4398 quod
1449 4344 1566 4385 sunt
1593 4336 1792 4387 desndes
1828 4350 1880 4389 et
1903 4342 2065 4408 negli-

573 4420 746 4476 gentes
770 4422 821 4461 et
843 4412 955 4476 plus
981 4413 1238 4464 adhmrent
1263 4417 1485 4471 consiliis
1514 4418 1756 4474 laicorum
1782 4437 1934 4490 quam
1968 4428 2069 4479 cle-

578 4497 819 4556 rieorum,
850 4506 901 4547 ut
933 4499 1176 4562 probatur
1207 4501 1272 4551 85
1295 4501 1435 4560 dist.,
1479 4520 1524 4553 c.
1570 4505 1701 4558 Nihil
1743 4517 1946 4575 pastore
1973 4515 2068 4564 mi-

576 4584 755 4639 serius,
784 4582 868 4646 qui
896 4582 1126 4649 luporum
1160 4585 1405 4651 gloriatur
1434 4589 1683 4643 laudibus.

646 4668 952 4733 Vigesimum
984 4678 1077 4727 est,
1106 4673 1239 4735 quod
1277 4673 1454 4725 nolunt
1487 4678 1609 4727 dare
1638 4683 1941 4747 pauperibus
1968 4702 1978 4735 :
2018 4694 2070 4738 et

577 4762 786 4817 prepter
812 4754 994 4839 hucpin
1020 4771 1233 4809 vacuum
1280 4760 1553 4827 important
1601 4780 1781 4819 nomen
1825 4773 2070 4839 episcopi,

577 4847 633 4889 ut
658 4838 722 4889 26
751 4839 867 4889 dist.
894 4837 1141 4901 Fratrem,
1170 4854 1288 4895 etc.
1319 4847 1433 4899 Non
1456 4852 1577 4902 satis
1598 4863 1665 4903 est
1697 4854 1814 4905 bene
1830 4856 1963 4907 velle.

645 4925 956 4993 V’igesimum
980 4927 1197 4994 primum
1240 4942 1339 4993 est,
1382 4937 1514 5000 quod
1554 4938 1868 5004 negligenter
1904 4944 2075 4995 defen-

580 5010 705 5061 dunt
752 5024 995 5076 personas
1039 5014 1354 5070 miserabiles
1402 5029 1688 5084 spectantes
1732 5027 1794 5077 ad
1838 5027 2075 5081 Ecclesia:

580 5095 769 5155 forum,
801 5096 995 5149 scilicet
1021 5098 1254 5164 pupillos,
1280 5102 1456 5155 viduas
1488 5114 1539 5155 et
1556 5107 1833 5171 orphanos,
1864 5111 2104 5163 libertos-

578 5190 631 5233 et
655 5182 931 5246 expositos,
962 5191 1137 5234 contra
1170 5189 1527 5241 auctoritatem
1562 5190 1749 5243 Gelasii
1779 5205 1830 5244 et
1857 5197 2072 5248 aliorum

582 5276 894 5326 sanctorum,
927 5277 979 5319 ut
1009 5270 1252 5334 probatur
1278 5272 1340 5323 87
1369 5273 1485 5325 dist.
1512 5289 1611 5340 per
1638 5284 1816 5329 totum.

652 5357 955 5421 \‘igesimum
995 5359 1269 5409 secundum
1304 5368 1401 5421 est,
1427 5363 1560 5426 quod
1598 5362 1881 5416 immiscent
1909 5380 1963 5417 se
1986 5380 2071 5416 ne-

586 5446 733 5506 gatus
753 5446 1229 5511 smeularibus,qu:e
1256 5448 1316 5499 ad
1345 5460 1433 5498 eos
1460 5463 1556 5499 non
1574 5452 1849 5516 pertinent,
1872 5462 1923 5503 ut
1953 5466 2067 5517 pro-

2160 543 2365 602 tionem,
2391 552 2507 594 etc.
2540 542 2770 608 Episcopi
2795 541 2982 592 nullam
3012 542 3083 591 rei
3108 540 3379 606 familiaria
3405 556 3579 601 curam
3608 542 3688 589 ad

2160 640 2211 674 se
2236 634 2490 690 provocent
2512 642 2529 687 ,'
2555 626 2639 676 sed
2660 626 2876 685 lectioni,
2900 635 2945 675 ct
2983 627 3215 685 orationi,
3239 634 3285 675 ct
3305 618 3447 675 verba
3483 624 3687 690 pardi-

2160 712 2367 761 catiom’s
2392 713 2735 762 tantummodo
2764 721 2952 762 tacent.

2230 796 2543 861 Vigesimum
2582 798 2781 847 tertium
2810 805 2909 856 est,
2936 796 3068 861 quod
3100 796 3371 848 conferunt
3410 798 3556 863 plura
3580 811 3685 849 ec-

2161 883 2447 933 clesiastica
2502 882 2745 933 beneﬁcia
2786 883 2893 942 uni,
2939 891 3116 934 contra
3145 884 3505 934 auctoritatem
3543 884 3687 949 Apo-

2161 968 2278 1023 stoli
2304 978 2357 1019 et
2379 968 2633 1035 Gregorii,
2660 971 2725 1021 88
2752 968 2898 1029 dist.,
2930 984 2975 1021 c.
3026 970 3255 1037 Singula.
3306 970 3398 1022 Ubi
3440 971 3639 1023 dicitur
3665 988 3681 1021 :

2162 1053 2213 1103 Si
2240 1060 2400 1103 totum
2426 1068 2609 1120 corpus
2634 1055 2832 1115 oculus,
2862 1054 2947 1106 ubi
2987 1070 3098 1120 pes,
3128 1070 3245 1107 nam
3269 1070 3422 1107 sacra
3450 1059 3686 1108 varietas

2163 1141 2509 1191 membrorum
2533 1142 2687 1192 robur
2714 1156 2944 1207 corporis
2969 1150 3157 1192 servat.

2231 1226 2537 1293 Vigesimum
2562 1236 2801 1293 quartum
2826 1235 2925 1287 est,
2960 1226 3091 1292 quod
3118 1229 3297 1279 nolunt
3322 1230 3512 1281 hal‘erc
3537 1244 3687 1281 (eco-

2160 1326 2360 1372 nomos,
2391 1312 2485 1363 sub
2511 1326 2725 1377 quorum
2774 1313 3065 1363 testimonio
3090 1328 3171 1363 res
3210 1314 3451 1365 Ecclesia:
3488 1317 3687 1381 guber-

2161 1407 2367 1460 nentur,
2396 1408 2572 1449 contra
2616 1399 2971 1477 auctoritatem
3014 1407 3308 1451 sanctorum
3354 1398 3587 1462 Patrum,
3622 1411 3687 1453 ut

2159 1486 2407 1551 probatur
2430 1486 2496 1537 89
2530 1485 2675 1545 dist.,
2698 1500 2743 1536 c.
2782 1482 3043 1546 Volumus,
3090 1494 3141 1536 et
3168 1486 3209 1537 si
3250 1486 3438 1537 habent
3466 1501 3686 1538 (necno-

2161 1588 2271 1624 mos
2302 1574 2481 1624 volunt
2516 1573 2704 1623 habere
2729 1573 3160 1639 consanguineus,
3191 1583 3371 1625 contra
3399 1572 3683 1626 concilium

2161 1658 2477 1710 Toletanum.

2086 1737 2130 1794 Β
2228 1730 2539 1810 νὶᾇρεὶιιιιιιιι
2583 1744 2817 1808 quintum
2854 1752 2953 1804 est,
3000 1744 3134 1807 quod
3175 1744 3399 1810 episcopi
3435 1742 3687 1797 laborant

2161 1831 2278 1895 odio
2302 1833 2365 1883 ad
2407 1832 2643 1891 invicem,
2688 1839 2738 1882 et
2779 1840 2981 1881 certant
3008 1839 3065 1881 ut
3105 1832 3457 1896 unusquisque
3497 1832 3683 1893 cadat,

2160 1925 2211 1968 et
2238 1916 2530 1979 discrepant
2557 1915 2605 1965 in
2635 1917 2990 1978 sacramentis,
3037 1926 3094 1967 ut
3118 1916 3183 1968 95
3210 1916 3354 1978 dist.,
3381 1931 3429 1967 c.
3476 1917 3678 1983 penult.

2162 2010 2214 2053 et
2240 2004 2331 2053 ult.

2231 2091 2545 2157 Vigcsimum
2575 2100 2774 2141 sextum
2801 2101 2898 2151 est,
2927 2093 3060 2156 quod
3087 2094 3186 2159 ipsi
3214 2094 3453 2158 appropri
3494 2102 3551 2142 ut
3576 2092 3685 2143 sibi

2162 2178 2333 2230 omnia
2362 2177 2491 2227 bona
2518 2176 2887 2235 ecclesiastica,
2907 2186 2960 2227 ut
2989 2179 3172 2243 prohat
3190 2188 3398 2230 sanctus
3423 2177 3687 2243 Hierony-

2163 2281 2293 2323 mus,
2322 2265 2389 2317 25
2434 2265 2577 2324 dist.,
2612 2280 2657 2315 c.
2710 2263 2919 2313 Diaconi
2937 2280 2951 2323 ;
2985 2265 3067 2314 ubi
3098 2265 3287 2316 dicitur
3312 2266 3447 2330 quod
3487 2264 3685 2331 singuli

2162 2366 2254 2418 per
2294 2351 2572 2416 potentiam
2619 2348 2924 2415 episcopalis
2967 2350 3205 2409 nominis,
3252 2364 3404 2415 quam
3443 2349 3541 2401 sibi
3581 2350 3687 2416 ipsi

2164 2435 2340 2487 illicito
2364 2434 2556 2500 absque
2585 2434 2809 2487 Ecclesia
2840 2434 3180 2495 vindicarunt,
3205 2444 3368 2487 totum
3388 2436 3526 2500 quod
3554 2434 3687 2487 levi-

2162 2531 2331 2572 tarum
2360 2529 2437 2573 est
2465 2521 2571 2571 suis
2598 2520 2856 2587 applicant
2891 2519 3086 2579 usibus,
3129 2520 3358 2572 dicentes
3386 2520 3690 2579 :Mendicnt

2164 2606 2336 2658 infelix
2367 2606 2417 2657 in
2440 2606 2619 2671 plateis
2649 2606 2887 2665 clericus,
2910 2615 2961 2657 et
2989 2606 3162 2657 servili
3186 2605 3331 2671 operi
3357 2606 3688 2677 mancipatus

2164 2708 2192 2743 a
2222 2705 2531 2758 quocunque
2567 2682 2732 2757 poScit
2778 2692 3174 2757 eleemosyuam.
3217 2691 3371 2743 Solus
3409 2691 3689 2757 episcopus

2165 2779 2414 2831 incumbit
2442 2779 2609 2838 bonis,
2652 2780 2791 2830 solus
2831 2779 2925 2829 sibi
2958 2780 3179 2830 vindicat
3228 2784 3487 2839 universa,
3538 2780 3689 2833 solus

2165 2875 2339 2932 partes
2379 2866 2573 2917 invadit
2606 2866 2817 2924 alienas,
2849 2865 2987 2917 solus
3013 2866 3203 2918 occidit
3241 2867 3513 2920 universes
3540 2884 3552 2917 :
3582 2869 3687 2919 hoc

2164 2962 2245 3005 est
2269 2952 2573 3019 principium
2597 2953 2702 3003 litis
2722 2959 2774 3002 et
2800 2952 3168 3012 distractionis,
3203 2962 3257 3004 et
3280 2954 3425 3020 origo
3445 2953 3688 3006 criminis

2089 3014 2137 3075 α
2165 3048 2215 3091 et
2246 3042 2359 3092 ideo
2388 3048 2739 3092 accusantura
2756 3039 2957 3091 clericis
2993 3048 3043 3090 et
3068 3039 3379 3091 damnantur
3406 3054 3436 3091 a
3464 3040 3689 3093 Domino

2166 3124 2288 3177 Jesu
2324 3124 2550 3185 Christo,
2576 3124 2694 3189 quia
2722 3124 2914 3176 clamor
2932 3138 3111 3176 eorum
3140 3126 3299 3176 intrat
3324 3127 3372 3177 in
3400 3142 3552 3179 aures
3576 3126 3685 3180 Do-

2168 3210 2291 3262 mini
2320 3208 2569 3260 Sabaoth.
3426 3196 3429 3197 ⁷

2234 3296 2547 3367 Yigesimnm
2578 3296 2851 3361 septimum
2890 3304 2989 3357 est,
3034 3296 3155 3360 quia
3188 3298 3413 3365 episcOpi
3444 3309 3685 3361 conten-

2167 3388 2296 3432 nunt
2336 3379 2663 3447 presbyteros
2698 3388 2792 3434 τρι
2827 3381 2910 3432 ubi
2934 3382 3030 3447 ipsi
3079 3390 3199 3433 sunt
3238 3393 3537 3449 praesentes,
3576 3400 3684 3437 non

2168 3470 2472 3536 permittunt
2494 3481 2583 3519 eos
2621 3467 2845 3520 ofﬁcium
2876 3468 3063 3530 facere,
3093 3472 3237 3536 quasi
3263 3472 3340 3523 eis
3365 3472 3685 3533 inviderent,

2166 3562 2343 3607 contra
2374 3555 2732 3607 auctoritatem
2776 3557 2938 3606 sancti
2984 3555 3302 3624 Hieronymi,
3334 3567 3389 3609 ut
3426 3560 3688 3625 probatur

2169 3639 2235 3691 95
2257 3640 2375 3691 dist.
2406 3655 2451 3691 c.
2489 3638 2644 3702 Olim,
2671 3642 2757 3692 ubi
2794 3641 2984 3692 dicitur
3025 3644 3161 3708 quod
3206 3645 3431 3710 episcopi
3472 3655 3689 3711 propter

2169 3729 2267 3781 hoc
2312 3728 2519 3781 fuerunt
2566 3730 2712 3791 facti,
2752 3739 2809 3781 ut
2845 3730 3122 3783 schismata
3170 3733 3490 3785 tollerentur.
3527 3733 3688 3786 Dices

2168 3816 2299 3867 sicut
2324 3824 2377 3866 et
2414 3816 2699 3883 presbyteri
2736 3816 2906 3867 sciunt
2944 3831 2998 3868 se
3041 3832 3154 3870 esse
3183 3820 3549 3879 consuetudine
3585 3820 3687 3872 sub

2169 3904 2442 3968 opiscOpis,
2473 3903 2539 3954 ita
2569 3903 2793 3967 episcopi
2825 3904 3070 3955 noverint
3096 3906 3259 3972 magis
3288 3919 3343 3956 se
3377 3905 3440 3957 de
3467 3920 3685 3957 consuc-

2172 3987 2345 4039 tudine
2392 4004 2543 4053 quam
2584 3990 2647 4040 de
2696 3991 2915 4041 veritate
2967 3992 3245 4044 Dominicae
3283 3993 3685 4061 dispcmatioz.is

2168 4074 2481 4141 presbyteris
2497 4090 2610 4127 esse
2634 4074 2870 4139 majores,
2886 4086 2938 4128 et
2950 4078 3001 4130 in
3019 4080 3276 4131 communi
3295 4079 3483 4135 debere
3500 4096 3685 4151 regere

2172 4161 2451 4213 Ecclesium
2483 4160 2593 4221 Dei,
2615 4170 2667 4212 et
2692 4162 2813 4214 illud
2858 4164 3108 4230 probatur
3134 4178 3195 4217 ex
3224 4165 3292 4218 95
3319 4167 3439 4219 dist.
3470 4182 3518 4219 c.
3548 4167 3685 4221 Ecce

2172 4263 2308 4313 ergo.
2958 4246 2961 4249 λ

2242 4334 2553 4398 V’igosimum
2579 4344 2819 4387 octavum
2845 4345 2944 4398 est,
2974 4339 3096 4403 quia
3136 4340 3443 4392 ordinantur
3468 4354 3561 4407 per
3589 4356 3685 4410 pa

2174 4421 2399 4481 cuniam,
2442 4429 2492 4470 et
2517 4420 2644 4472 tales
2679 4422 2937 4486 accipiunt
2964 4422 3189 4489 lepram,
3221 4433 3274 4477 et
3308 4425 3432 4479 dant
3458 4425 3682 4494 lepram.

2175 4515 2228 4555 ut
2251 4507 2496 4570 probatur
2526 4506 2573 4566 il,
2606 4508 2726 4572 q.i,
2749 4522 2794 4559 c.
2828 4506 2956 4558 Cum
2993 4510 3258 4563 ordinatur
3284 4513 3560 4582 episcopus,
3592 4502 3687 4567 nhil

2174 4592 2360 4642 dicitur
2386 4608 2397 4641 :
2428 4590 2783 4657 Accipereest,
2807 4592 3149 4660 quodcunque
3187 4598 3440 4664 accipere,
3467 4607 3521 4651 et
3552 4598 3683 4650 dare

2174 4678 2532 4743 quodcunque.
2565 4677 2628 4728 Et
2646 4678 2823 4729 eadem
2850 4694 2924 4743 ψ,
2952 4695 2998 4731 c.
3028 4679 3228 4744 Fertur,
3244 4683 3326 4735 ubi
3340 4682 3683 4749 dicituqu

2173 4762 2235 4812 de
2262 4762 2429 4813 radice
2466 4761 2651 4813 infecta
2688 4762 2851 4813 bonus
2886 4764 3082 4816 fructus
3133 4767 3276 4817 exire
3315 4779 3417 4817 non
3466 4766 3681 4832 poterit.

2174 4851 2227 4900 Si
2247 4864 2368 4917 ergo
2388 4850 2690 4901 vultsalvari
2716 4851 2800 4915 qui
2825 4852 2941 4903 talis
2969 4862 3065 4911 est,
3090 4854 3365 4914 renuntiet,
3383 4862 3501 4921 agat
3525 4866 3683 4922 aspe-

2175 4953 2283 4989 ram
2310 4938 2693 5003 paenitentiam;
2720 4938 2870 4990 aliter
2898 4939 3083 4991 salvari
3112 4954 3210 4991 non
3240 4939 3445 5004 poterit,
3472 4948 3530 4992 ut
3555 4953 3683 5007 pro-

2173 5026 2260 5077 bat
2288 5022 2783 5087 sanctusGregm-ius
2805 5024 2845 5082 l.
2868 5038 2919 5090 q.
2957 5026 3003 5084 ί,
3029 5040 3073 5075 c.
3105 5022 3163 5075 Si
3190 5024 3302 5090 quis
3323 5039 3498 5091 neque.

2242 5112 2551 5175 Vigesimum
2580 5124 2766 5161 nonum
2785 5114 2896 5169 'cst,
2923 5110 3057 5175 quod
3086 5117 3259 5173 petunt
3289 5108 3567 5176 pecuniam
3587 5124 3687 5179 pro

2171 5196 2399 5247 balsamo
2430 5202 2612 5245 contra
2642 5197 3001 5247 auctoritatem
3032 5204 3328 5248 sanctorum
3365 5193 3609 5262 Palmm,
3634 5197 3680 5263 ι,

2171 5297 2219 5348 q.
2248 5285 2295 5341 t,
2321 5282 2584 5333 Placuitut
2602 5283 2911 5343 nullus,etc.
2931 5282 3126 5335 Dictum
3140 5292 3299 5344 cct,ct
3312 5296 3360 5332 c.
3378 5280 3681 5337 "Stamina.

2236 5368 2573 5432 Trigcsimum
2589 5369 2810 5433 estquod
2832 5368 3075 5419 damnant
3102 5370 3319 5419 clerims
3339 5367 3687 5431 indiscussa,

2168 5454 2481 5519 inprobatur
2506 5454 2557 5513 2,
2588 5470 2635 5520 q.
2672 5456 2721 5513 1,
2752 5453 2873 5515 Nos,
2902 5464 3000 5505 ctr.

3688 5972 3865 6095 Α
