3926 6216
195 448 330 511 1οὒ7

1092 452 1443 516 EXCERPTA
1481 456 1571 516 EX
1606 456 2102 516 ΗΕΝῙΤΕΝἹῚΑΜ
2135 454 2181 515 8.
2224 463 2307 516 ΒΕ
2344 459 2493 519 ΒΕΘ.

3215 467 3349 525 1098

258 565 621 633 Trigesimum
666 568 890 635 primum
913 579 1015 635 est,
1052 573 1189 639 quod
1232 587 1333 626 non
1371 572 1612 627 deferunt
1634 588 1727 641 ap-
1760 578 1799 632 Α
1827 573 1927 625 mis
1950 582 2162 640 paratos
2203 575 2395 640 corrigi
2422 584 2603 628 contra
2646 578 3008 632 auctoritatem
3048 589 3346 637 sanctorum

189 650 571 719 pellationibus
614 653 878 723 legitimis,
917 671 1078 724 quare
1123 659 1422 715 debuissent
1457 661 1647 728 puniri.
1673 660 1723 720 2,

186 751 245 806 (ι.
276 738 331 801 7,
370 754 423 792 c.
462 750 567 794 etc.

261 826 623 898 Trigesimum
646 833 926 902 secundum
944 843 1045 897 est,
1065 840 1203 902 quod
1220 846 1459 904 pastores
1471 836 1587 890 laici
1608 845 1731 891 sunt

189 927 245 971 et
269 932 379 971 non
408 922 723 990 presbyteri,
745 924 925 990 quales
943 928 1065 977 sunt
1083 926 1414 990 intrinsecus,
1443 938 1502 981 ut
1525 927 1579 989 2,
1599 942 1651 995 q.
1675 929 1728 990 Ἰ,

193 996 461 1061 Pervenit.
1708 1068 1711 1071 .

261 1096 625 1164 Trigesimum
663 1101 871 1155 tertium
895 1110 976 1156 est
993 1135 1008 1166 ,
1032 1105 1170 1170 quod
1194 1105 1503 1172 permittunt
1526 1120 1582 1159 se
1610 1119 1731 1172 pro-

192 1187 400 1239 moveri
424 1190 606 1251 minus
627 1186 957 1251 sulliCientes,
981 1200 1163 1245 contra
1198 1194 1477 1246 concilium
1508 1192 1730 1247 Cartha-

193 1275 443 1342 gineuse,
475 1284 534 1332 ut
551 1279 797 1345 probatur
816 1276 884 1333 33
911 1281 1057 1344 dist.,
1086 1296 1132 1335 c.
1161 1280 1309 1345 Quod
1328 1284 1546 1351 episcopi
1566 1297 1580 1335 :
1598 1284 1732 1337 illud

192 1362 333 1415 idem
355 1365 616 1431 probatur
638 1366 701 1419 58
729 1368 872 1430 dist.,
892 1384 942 1422 ε.
972 1368 1157 1424 Omnes
1179 1371 1466 1439 psallentes,
1490 1372 1577 1425 ubi
1604 1373 1733 1425 dici-

194 1458 283 1504 tur
310 1454 457 1518 quod
486 1454 550 1507 de
574 1457 861 1510 substantia
898 1459 1122 1527 episcopi
1152 1470 1232 1514 est
1260 1469 1314 1513 ut
1340 1462 1408 1514 sit
1432 1461 1562 1516 bene
1590 1462 1732 1516 litte-

193 1546 366 1589 ratus.
400 1537 469 1591 Et
492 1540 607 1594 ideo
633 1539 758 1595 dicit
779 1538 1036 1612 Propheta
1061 1563 1073 1596 :
1102 1542 1173 1597 Tu
1194 1547 1455 1599 scientiam
1482 1548 1729 1615 repulisti,

192 1634 241 1675 et
265 1640 361 1694 ego
387 1627 628 1693 repellam
668 1639 733 1692 te,
764 1647 824 1683 ne
850 1634 1129 1685 sacerdotio
1155 1634 1403 1703 fungaris.
1434 1636 1496 1692 Et
1522 1645 1735 1704 propter

193 1713 296 1767 hoc
318 1716 595 1785 depositus
614 1719 709 1771 fuit
726 1720 938 1787 quidam
956 1724 1228 1791 cpiscopus
1243 1724 1308 1776 ab
1330 1718 1559 1779 Honorio
1576 1741 1729 1795 papa.

1826 658 2037 713 Patrum
2063 660 2117 723 2,
2140 677 2192 730 q.
2219 663 2274 725 3,
2302 662 2559 732 Episcopi,
2590 666 2674 717 ubi
2698 666 2885 719 dicitur
2908 670 3048 735 quod
3082 685 3236 726 nemo
3260 675 3349 728 do-

1824 748 1913 801 bet
1936 750 2377 803 excommunicari
2413 751 2514 804 nisi
2539 766 2633 819 pro
2662 755 2859 823 magnis
2888 759 3115 823 peccatis
3140 768 3194 813 et
3227 775 3349 816 cum

1827 835 2190 905 aliterveorrigi
2216 852 2318 891 non
2344 839 2525 907 possit.
2920 888 2921 893 η

1894 925 2357 994 Quadragesimum
2402 927 2626 1004 primum
2670 938 2770 991 est,
2812 934 2947 997 quod
2977 934 3073 1003 ipsi
3102 934 3151 988 in
3176 938 3352 991 causis

1826 1013 2051 1079 propriis
2075 1012 2261 1075 volunt
2279 1028 2394 1068 esse
2420 1012 2620 1082 iudices
2642 1026 2695 1069 et
2723 1026 2945 1079 actores,
2969 1031 3152 1075 contra
3179 1035 3353 1079 aucto-

1828 1099 2035 1151 ritatem
2082 1106 2381 1155 sanctorum
2423 1101 2657 1167 Patrum,
2695 1114 2752 1157 ut
2791 1106 2852 1168 2,
2883 1121 2933 1172 q.
2966 1109 3025 1171 1,
3050 1109 3137 1163 ubi
3163 1112 3354 1166 dicitur

1829 1187 1966 1254 quod
1984 1185 2048 1239 de
2073 1201 2295 1254 persona
2334 1192 2526 1244 actoris
2549 1194 2852 1257 assumitur,
2887 1195 3162 1262 iudiciaria
3203 1210 3351 1266 pote-

1828 1281 1937 1326 stas
1963 1273 2271 1327 admittitur.
2301 1274 2428 1328 lllud
2447 1277 2584 1330 idem
2607 1278 2856 1345 probatur
2877 1282 2928 1343 3,
2947 1296 2998 1349 q.
3022 1280 3077 1345 4,
3096 1297 3147 1335 c.
3178 1284 3198 1336 1
3226 1294 3280 1338 ει
3297 1286 3351 1339 2.

1897 1359 2366 1429 Quadragesimum
2387 1366 2671 1418 secundum
2698 1374 2799 1429 est,
2823 1368 2961 1435 quod
2981 1371 3244 1437 expellunt
3262 1388 3353 1426 eos

1826 1449 1919 1516 qui
1944 1450 2168 1505 ﬁdeliter
2213 1464 2332 1504 cum
2369 1454 2841 1522 prmdecessoribus
2884 1470 3187 1521 senuerunt,
3218 1472 3275 1514 ut
3301 1464 3352 1524 6,

1828 1553 1882 1605 (ι.
1907 1538 1960 1599 2,
1982 1552 2030 1592 c.
2058 1538 2232 1607 Hujus
2256 1539 2447 1608 placiti.
2477 1542 2539 1595 Et
2575 1544 2714 1610 quod
2747 1546 2973 1603 deterius
2998 1558 3073 1599 est
3092 1585 3107 1610 ,
3146 1563 3237 1603 eos
3260 1565 3355 1603 ex-

1828 1624 2053 1693 spoliant
2088 1628 2508 1681 remuneratione
2556 1630 2757 1683 servitii
2797 1647 2955 1700 quam
2993 1634 3073 1687 eis
3105 1635 3360 1689 dederunt

1829 1713 2241 1789 praedecessores
2286 1714 2535 1783 episcopi,
2582 1724 2767 1770 contra
2800 1721 3167 1774 auctoritatem
3210 1736 3359 1791 papa

263 1802 620 1872 Trigcsimum
651 1786 895 1875 quartum
920 1786 1019 1873 est,
1044 1786 1178 1880 quod
1214 1824 1486 1881 postquam
1508 1825 1589 1870 est
1610 1830 1725 1885 pro-

1831 1798 2047 1863 Gelasii,
2076 1786 2165 1864 16,
2187 1815 2241 1869 q.
2269 1800 2321 1865 ε,
2352 1817 2399 1855 c.
2428 1803 2589 1857 Illud.
3054 1816 3087 1839 κ

192 1898 393 1953 motus,
441 1893 652 1962 negligit
678 1895 964 1960 addiscere,
988 1910 1167 1953 contra
1199 1902 1510 1955 sententiam
1532 1882 1725 1973 Grego-

1902 1890 2362 1960 Quadragesimum
2393 1896 2605 1949 tertium
2638 1905 2741 1961 est,
2768 1899 2889 1967 quia
2932 1898 3112 1955 volunt
3148 1917 3360 1957 servare

194 1976 282 2038 ril,
302 1976 376 2030 2'2
408 1979 553 2041 tlist.,
583 1980 668 2033 ubi
706 1981 897 2035 dicitur
917 1985 1053 2052 quod
1083 1985 1272 2039 stultus
1294 1988 1482 2054 estqui
1502 1989 1555 2042 in
1582 2004 1645 2042 co
1678 2005 1734 2044 se

194 2066 459 2131 majorem
487 2068 753 2122 existimat
779 2078 834 2127 ut
855 2072 988 2125 bona
1015 2088 1130 2141 quae
1142 2076 1366 2130 audierit
1386 2072 1589 2134 discere
1610 2094 1733 2134 con-

196 2161 421 2209 temnat.
1218 2186 1220 2188 ν

266 2237 623 2309 Trigesimum
645 2242 881 2311 quintum
903 2255 1001 2308 est,
1023 2248 1160 2315 quod
1182 2246 1364 2303 nolunt
1385 2251 1465 2305 vel
1492 2255 1734 2308 nesciunt

195 2331 494 2383 canonibus
516 2325 746 2387 obedire.
781 2332 954 2399 Quare
983 2336 1283 2395 debuissent
1306 2339 1372 2392 ab
1399 2341 1733 2396 administra-

193 2414 341 2470 tione
372 2432 542 2486 usque
568 2418 633 2471 ad
668 2422 978 2491 condignam
1002 2427 1363 2493 pcenitentiam
1393 2433 1645 2497 amoveri,
1672 2441 1733 2487 ut

194 2505 388 2571 probat
409 2504 686 2563 Damasius
704 2524 859 2579 papa,
886 2511 974 2575 25,
1000 2528 1054 2581 q.
1090 2514 1136 2566 1.

264 2589 616 2660 Trigesimum
644 2605 846 2650 sextum
884 2608 983 2662 εει,
1026 2601 1147 2668 quia
1184 2612 1308 2656 sunt
1346 2606 1507 2660 nimis
1527 2608 1729 2663 creduli

193 2674 247 2728 in
273 2678 637 2746 prtejudicium
664 2681 901 2748 aliorum,
927 2695 1107 2739 contra
1128 2690 1492 2746 auctoritatem
1521 2695 1752 2749 sancto-'

195 2773 314 2817 rum
336 2763 573 2829 Patrum,
598 2777 657 2821 ut
676 2770 863 2837 probat
895 2768 1175 2841 Gregorius
1212 2778 1292 2839 ll,
1323 2792 1374 2846 q.
1399 2780 1450 2842 5,
1482 2794 1530 2833 c.
1557 2779 1727 2836 Grave

196 2854 355 2907 nimis
392 2864 480 2910 est
520 2864 575 2910 et
615 2858 881 2925 indecens,
922 2870 977 2915 ut
1008 2864 1059 2915 in
1094 2880 1149 2918 re
1175 2866 1328 2919 dubia
1354 2877 1497 2922 certa
1527 2869 1729 2926 feratur

198 2941 481 2994 sententia.
508 2939 573 2994 Et
598 2941 723 2997 illud
758 2946 897 3000 idem
924 2955 1146 3001 testatur
1169 2950 1305 3005 idem
1333 2953 1488 3008 Pater
1524 2954 1726 3025 Grego-

197 3027 327 3090 rius,
351 3027 423 3095 32
444 3029 585 3092 dist.,
618 3046 665 3084 c.
697 3030 949 3085 Habuisse
968 3042 1015 3086 te
1033 3036 1384 3103 concubinam,
1412 3040 1500 3094 ubi
1536 3042 1727 3097 dicitur

198 3114 334 3181 quod
364 3116 417 3169 in
439 3132 497 3170 re
526 3119 681 3172 dubia
708 3134 811 3173 non
838 3126 919 3173 est
961 3121 1255 3177 absolutum
1294 3124 1570 3197 terendum
1586 3130 1726 3197 judi-

1830 1981 2148 2045 promissum
2173 1981 2226 2034 in
2250 1984 2756 2040 remunerationibus
2775 1987 3107 2053 sapientium,
3138 1990 3219 2043 vel
3243 2004 3358 2043 ser-

1829 2069 2102 2133 vientium,
2145 2078 2327 2123 contra
2374 2073 2740 2127 auctoritatem
2791 2084 3121 2139 sanctorum,
3169 2077 3269 2142 ἓξ,
3304 2088 3355 2138 ι

1832 2157 2151 2227 Quicunque.

1897 2245 2361 2314 Quadragesimuru
2405 2260 2667 2317 quartum,
2710 2252 2832 2320 quia
2862 2256 3042 2309 volunt
3072 2255 3171 2311 sibi
3212 2260 3357 2312 credi

1829 2332 1881 2386 in
1908 2335 2266 2401 praeiudicium
2301 2337 2524 2392 aliorum
2554 2356 2568 2392 :
2601 2340 2737 2407 quod
2769 2354 2883 2396 esse
2924 2358 3031 2398 non
3073 2346 3245 2409 debet,
3296 2358 3356 2400 ut

1827 2423 2079 2491 probatur
2097 2420 2153 2485 6,
2176 2437 2228 2489 q.
2258 2423 2313 2486 2,
2340 2424 2621 2494 Episcopus
2649 2430 2693 2481 si
2714 2430 2921 2495 clerico,
2950 2443 3005 2487 et
3025 2448 3077 2487 ι).
3107 2436 3169 2490 δε
3187 2446 3357 2493 lmen

1828 2510 2111 2578 episcopus,
2149 2519 2202 2564 et
2222 2526 2274 2563 c.
2303 2508 2504 2565 Placuit
2531 2515 2619 2579 25,
2642 2530 2693 2584 q.
2726 2516 2778 2579 5,
2803 2520 2836 2570 ε
2861 2510 2910 2572 c’.

1896 2599 2361 2668 Quadragesimum
2387 2604 2627 2670 quintum
2655 2616 2756 2669 est,
2783 2609 2903 2675 quia
2924 2609 3104 2666 volunt
3125 2613 3220 2668 soli
3245 2616 3350 2668 cle-

1826 2684 1966 2737 ricos
1992 2687 2251 2753 deponere
2270 2698 2450 2742 contra
2475 2705 2654 2748 sacros
2681 2711 2924 2750 canones.
2954 2698 3083 2754 Nam
3114 2702 3167 2757 in
3196 2704 3347 2773 depo-

1826 2773 2017 2827 sitione
2042 2777 2328 2845 presbyteri
2356 2778 2545 2832 debent
2570 2785 2747 2837 venire
2769 2801 2858 2839 sex
2886 2791 3133 2859 episcopi,
3159 2805 3213 2848 et
3237 2810 3355 2864 pro:

1825 2865 1975 2931 prius
2001 2864 2269 2930 septimus,
2296 2874 2348 2917 ct
2375 2866 2426 2917 in
2453 2867 2670 2921 diacono
2689 2879 2742 2923 ct
2767 2874 3083 2931 subdiacono
3104 2888 3213 2934 tres
3232 2898 3370 2939 Cllti:~

1826 2952 2038 3019 proprio
2062 2954 2333 3022 episcopo,
2364 2964 2421 3007 ut
2458 2958 2710 3023 probatur
2732 2974 2830 3026 per
2865 2963 2974 3016 haec
3004 2964 3124 3031 jura
3150 2969 3172 3021 l
3208 2972 3354 3035 disc,
3378 2964 3379 2967 “
3399 3028 3414 3039 κ

1822 3050 1875 3090 -‘c.
1907 3036 2141 3102 Studeat,
2172 3048 2225 3093 ει
2251 3040 2333 3101 15,
2354 3056 2406 3109 q.
2440 3044 2490 3106 l,
2520 3058 2565 3096 ε.
2597 3044 2671 3097 De
2691 3049 2920 3112 crimine,
2950 3062 3001 3105 et
3031 3053 3113 3118 l5,
3140 3071 3193 3125 q.
3228 3058 3277 3122 7,
3304 3076 3352 3114 c.
3408 3036 3427 3065 λ

1828 3122 2003 3189 Felix,
2034 3135 2135 3180 etc.
3158 3122 3173 3125 ‘
3440 3135 3453 3145 ‘

194 3202 354 3255 cium.
386 3203 454 3257 Et
497 3204 620 3258 illud
659 3206 793 3259 idem
824 3208 1017 3274 probat
1051 3209 1373 3279 Augustinus
1402 3216 1485 3280 ll,
1512 3232 1564 3286 q.
1595 3220 1648 3281 ε,
1673 3226 1721 3274 c'.
1754 3206 1798 3268 C
1897 3210 2585 3281 Quadmses‘lmumsexlum
2608 3226 2839 3291 estquia
2860 3228 3355 3299 impugnantum-

200 3290 282 3343 ubi
314 3292 508 3345 dicitur
532 3294 667 3359 quod
693 3296 933 3361 quamvis
970 3312 1093 3351 vera
1121 3301 1227 3354 sint
1253 3305 1517 3370 quietiam,
1547 3315 1723 3361 tamen

196 3374 391 3442 iudicio
435 3395 537 3432 non
566 3390 686 3434 sunt
717 3382 995 3447 credenda,
1048 3385 1147 3437 nisi
1202 3390 1360 3441 certis
1394 3389 1607 3455 judiciis
1631 3395 1723 3445 tie-

200 3477 573 3523 monstrentur.
613 3470 677 3524 Et
716 3469 841 3524 illud
886 3472 1022 3526 idem
1062 3467 1247 3541 probat
1290 3476 1471 3532 Sixtus
1522 3494 1653 3549 papa
1673 3488 1727 3534 et

202 3550 378 3610 Victor
400 3572 534 3626 papa
562 3558 649 3621 50,
680 3574 731 3625 q.
758 3556 810 3622 5,
840 3575 889 3613 ε.

267 3641 613 3713 Trigesimum
626 3647 904 3715 septimum
930 3650 1171 3717 est,quod
1206 3652 1390 3706 nolunt
1417 3654 1467 3706 in
1491 3654 1720 3709 Ecclesia

197 3728 467 3784 columnas
503 3732 704 3800 erigere
743 3748 874 3800 quos
902 3735 1139 3789 noverint
1168 3737 1429 3799 meliores.
1468 3743 1566 3795 sed
1593 3757 1724 3810 quos

190 3818 365 3886 magis
392 3818 488 3887 ipsi
517 3818 758 3889 diligunt,
786 3821 867 3874 vel
894 3837 1114 3891 quorum
1141 3824 1389 3895 obsequia
1414 3828 1720 3895 prrel'erunt,

200 3914 381 3957 contra
410 3920 595 3960 sacros
634 3922 863 3963 canones
892 3911 942 3971 8,
973 3926 1027 3978 q.
1060 3912 1116 3974 l,
1147 3929 1194 3965 c.
1228 3912 1455 3981 Moyses,-
1484 3924 1537 3968 et
1562 3917 1643 3979 ιε,
1667 3933 1719 3985 q.

198 3989 253 4055 2,
279 3990 457 4046 Gloria
496 3995 735 4064 episcopi,
766 3998 851 4050 ubi
895 3999 1086 4053 dicitur
1113 4003 1249 4068 quod
1290 4004 1437 4056 multi
1462 4006 1725 4060 aedificant

197 4083 446 4148 parietes,
465 4085 798 4141 etcolumnas
820 4088 1061 4143 Ecclesia:
1085 4092 1416 4147 subtrahunt,
1440 4096 1564 4151 lude
1586 4111 1723 4167 same

203 4169 319 4222 odia
342 4182 684 4240 consurgunt,

268 4254 609 4327 Trigesimum
633 4268 874 4315 octavum
894 4265 1132 4331 est,quod
1187 4266 1318 4321 bona
1344 4271 1720 4340 ecclesiastica,

200 4341 424 4397 maxime
449 4344 786 4398 ecclesiarum
814 4351 1197 4413 parochiarum,
1218 4365 1406 4409 contra
1432 4373 1611 4414 sacros
1634 4376 1723 4414 ca—

205 4442 363 4484 nones
385 4426 639 4499 usurpaat
655 4447 965 4501 quocunque
982 4452 1136 4497 anno,
1166 4440 1386 4508 amplius
1407 4444 1600 4511 aliquid
1621 4447 1719 4499 sibi

1822 3310 1963 3365 ptos,
1985 3308 2044 3354 ut
2067 3304 2288 3369 probant
2312 3308 2477 3360 sancti
2506 3307 2687 3364 Patres
2717 3311 2795 3376 ιϐ,
2818 3329 2868 3381 q.
2900 3317 2949 3379 1,
2979 3326 3078 3372 etc.

1892 3384 2358 3457 Quadragesimum
2398 3394 2675 3460 septimum
2722 3408 2818 3461 est,
2868 3404 3006 3470 quod
3052 3405 3266 3478 alligant
3300 3421 3355 3466 et

1824 3471 2113 3528 dissolvunt
2151 3476 2505 3533 indill‘crenter
2534 3501 2545 3533 :
2572 3486 2708 3552 quod
2744 3501 2859 3543 esse
2885 3506 2986 3545 non
3015 3471 3185 3551 debet.
3226 3498 3354 3555 Pro-

1821 3571 1940 3630 pter
1967 3565 2067 3619 boc
2107 3570 2499 3635 suspenduntur
2542 3589 2706 3642 usque
2756 3578 2820 3629 ad
2872 3582 3083 3649 triginta
3134 3585 3264 3649 dies,
3295 3595 3354 3642 ut

1808 3649 2046 3731 probant
2082 3654 2251 3705 sancti
2275 3654 2480 3719 Patres,
2506 3657 2594 3722 23,
2621 3675 2673 3727 q.
2700 3662 2757 3723 3,
2785 3677 2832 3715 c».
2864 3664 2939 3717 De
2962 3666 3163 3731 illicita,
3187 3680 3237 3722 et
3263 3686 3348 3727 ea.

1821 3728 1889 3787 de
1905 3734 2176 3791 Sententia
2204 3745 2775 3802 excommunicationis.
2794 3749 2925 3815 Quia
2947 3754 3081 3807 sicut
3099 3759 3351 3823 quosdam

1821 3825 1988 3889 gratia
2018 3824 2213 3880 favoris
2247 3829 2558 3895 sublimant,
2587 3836 2657 3904 ita
2686 3840 2938 3904 quosdam
2970 3844 3092 3896 odio
3131 3844 3352 3902 invidiae

1820 3925 1920 3976 que
1946 3911 2238 3964 bumiliant.
2267 3913 2523 3970 Probatur
2549 3902 2716 3989 15ft];
2734 3922 2785 3986 7,
2814 3938 2863 3977 c.
2891 3926 2940 3987 1,
2969 3934 3070 3981 etc.

1888 3992 2350 4066 Quadragesimum
2388 4015 2627 4057 octavum
2669 4014 2780 4072 est,
2828 4011 2965 4079 quod
3000 4014 3051 4067 in
3096 4019 3351 4076 conviviis

1819 4098 1921 4137 non
1944 4083 2142 4139 faciunt
2175 4087 2275 4156 legi
2298 4104 2500 4144 sacram
2521 4092 2829 4149 lectionem:
2853 4102 2977 4153 etin
3002 4102 3102 4157 hoc
3126 4116 3349 4173 peccant

1813 4181 2001 4225 contra
2042 4174 2319 4228 concilium
2357 4176 2689 4244 Toletanum,
2720 4183 2787 4237 M
2815 4186 2957 4249 dist.,
2989 4204 3040 4242 c.
3071 4189 3177 4247 Pro
3212 4210 3345 4250 resc-

1819 4261 1999 4313 rentia.
2028 4261 2094 4315 Et
2118 4272 2199 4316 est
2224 4265 2357 4317 ratio
2383 4268 2521 4335 quod
2554 4270 2676 4324 dum
2704 4286 2893 4341 corpus
2919 4277 3141 4336 diversis
3165 4281 3339 4340 fercu-

1818 4347 1882 4399 lis
1912 4349 2170 4413 reticitur,
2218 4351 2389 4421 lingua
2434 4354 2486 4406 in
2522 4356 2929 4416 detractionibus
2962 4364 3246 4436 relaxatur,
3287 4380 3349 4430 ut

1809 4437 2004 4502 probat
2028 4437 2309 4509 Gregorius
2335 4442 2387 4495 in
2413 4441 2693 4523 Mpralibus
2715 4448 2846 4501 libro
2872 4452 3059 4519 primo.

204 4517 578 4595 appropriando
618 4521 757 4587 quod
794 4536 896 4574 non
945 4523 1010 4575 de
1048 4507 1439 4592 parochialibus
1483 4507 1720 4586 ecclesiis

1886 4507 2351 4590 Quadragesimum
2394 4507 2586 4584 nonum
2624 4541 2723 4598 est,
2758 4507 2896 4604 quod
2934 4552 3036 4592 non
3061 4552 3249 4599 curant
3276 4544 3343 4602 ds

203 4599 297 4654 sibi
333 4617 647 4670 priesumere
674 4607 883 4669 debent,
914 4609 1013 4663 nisi
1060 4614 1195 4681 quod
1243 4614 1320 4668 eis
1358 4630 1387 4669 a
1413 4632 1616 4673 canone
1640 4630 1722 4675 est

1819 4610 2010 4665 divinis
2030 4611 2216 4667 ofﬁciis
2243 4624 2452 4684 prapter
2470 4620 2708 4674 convivia
2734 4638 2827 4678 sua
2850 4636 3029 4682 contra
3058 4633 3343 4687 auctorita-

200 4684 528 4756 (nmmum,
556 4700 615 4744 ut
637 4695 1121 4761 probatconcitium
1140 4701 1445 4756 Toletanum
1481 4707 1565 4767 10,
1586 4722 1639 4774 q.
1662 4710 1716 4773 5,

1820 4704 1920 4750 tem
1938 4697 2193 4765 Gregorii,
2215 4701 2281 4754 44
2298 4703 2445 4767 dist.,
2466 4716 2517 4759 et
2537 4709 2658 4775 quia
2679 4709 2873 4767 faciunt
2892 4727 3104 4775 cantare
3124 4684 3338 4796 missam

205 4788 263 4839 εκ
280 4774 425 4840 Quod
454 4780 801 4848 cognovimus,
829 4789 881 4835 et
914 4784 1050 4875 inter
1082 4796 1272 4840 caetera
1298 4789 1425 4844 illud
1459 4790 1577 4846 ideo
1598 4808 1720 4863 pro-

1820 4780 1959 4847 iusta
1987 4784 2178 4840 lectum
2214 4788 2267 4842 in
2310 4792 2482 4858 domo,
2509 4774 2595 4850 ubi
2632 4803 2892 4867 spurcitiae
2913 4774 3249 4875 ωυιωβέιιιὶ,

206 4861 353 4919 batur
382 4864 465 4929 16,
491 4881 542 4935 q.
573 4867 625 4933 i,
646 4882 695 4921 c.
735 4851 1073 4923 Commium
1095 4882 1167 4925 εει
1189 4874 1333 4928 nulli.

271 4953 609 5023 Trigesimum
638 4972 830 5013 nonum
855 4969 964 5025 est,
992 4963 1113 5030 quia
1149 4966 1431 5022 indiscrete
1460 4955 1720 5028 ulciscun-

208 5044 287 5090 tur
310 5042 544 5111 proprias
571 5042 787 5109 injurias
816 5054 996 5099 amtra
1021 5051 1380 5105 auctoritatem
1418 5065 1716 5112 sanctorum

204 5117 433 5194 Patrum,
453 5138 509 5181 ut
526 5130 781 5199 probatur
795 5128 847 5197 5,
867 5148 919 5201 q.
938 5134 990 5197 7,
1006 5150 1054 5188 c.
1078 5134 1135 5187 Si
1148 5139 1260 5205 quis
1280 5155 1592 5195 communem
1607 5154 1715 5197 tra-

202 5208 459 5297 ditionem,
481 5223 535 5268 et
556 5214 623 5268 ιϐ
648 5216 793 5279 dist.,
822 5232 870 5272 c.
888 5217 1391 5287 Seditionarios,etc.
1420 5227 1484 5281 Et
1514 5244 1611 5297 pro
1636 5232 1716 5287 eis

211 5295 478 5355 indiscrete
499 5302 811 5371 injuriantur
824 5313 883 5359 et
900 5313 1365 5377 excommunicauit,
1391 5326 1448 5368 ut
1465 5295 1715 5385 probatur

210 5382 293 5448 as.
314 5401 366 5456 q.
389 5388 444 5452 ι,
466 5388 611 5448 Inter
629 5392 874 5461 querelas.
894 5393 964 5448 Et
983 5396 1099 5451 ideo
1119 5400 1205 5453 isti
1227 5402 1355 5456 tales
1377 5382 1503 5458 nihil
1522 5396 1717 5464 habent

212 5472 486 5542 spirituale.
690 5482 695 5488 '

275 5560 729 5633 madngesimnm
757 5578 857 5636 est,
886 5574 1006 5643 quia
1035 5577 1347 5638 stomachati
1373 5581 1436 5636 de
1460 5578 1598 5638 facili
1623 5598 1715 5642 ex-

212 5654 586 5709 mmmuulcant
602 5656 905 5714 innocentes
924 5671 975 5715 et
994 5663 1276 5732 culpabiles
1300 5667 1351 5721 in
1372 5671 1542 5724 causis
1564 5673 1716 5743 mini-

552 5763 813 5824 Ριτιιοι.
862 5766 1077 5830 XCIX.

1746 4912 1749 4913 ν
1818 4870 1936 4925 idco
1958 4871 2186 4928 divinam
2226 4878 2527 4946 patientiam
2569 4885 2634 4937 ad
2671 4885 2993 4945 iracundiam
3028 4870 3334 4963 provocant.

1818 4958 1950 5013 Nam
1976 4976 2240 5031 nunquam
2276 4966 2432 5020 missa
2471 4968 2522 5022 in
2551 4972 2705 5026 domo
2729 4976 2980 5033 celebrari
3008 4958 3183 5040 debet.
3210 4985 3337 5042 Pro-

1818 5048 1974 5136 batur
1996 5050 2061 5103 de
2081 5049 2486 5136 flensecratione
2504 5057 2623 5111 dist.
2645 5059 2690 5121 1,
2716 5075 2765 5113 c.
2782 5061 2924 5116 Sicut
2957 5082 3054 5119 non
3079 5071 3225 5136 alibi,
3244 5074 3331 5127 ubi

1814 5132 2044 5187 dicitur:
2073 5134 2321 5192 Sanctius
2344 5146 2427 5193 est
2460 5143 2671 5199 missam
2699 5162 2800 5201 non
2825 5160 3059 5215 cantare,
3093 5132 3247 5224 quam
3277 5160 3330 5215 ia

1817 5221 1900 5275 his
1922 5222 2050 5276 locis
2075 5224 2164 5277 ubi
2194 5222 2304 5280 seti
2337 5242 2440 5281 non
2472 5239 2692 5297 oportet.
2736 5233 2804 5287 Et
2835 5221 3186 5307 suijungit’in
3226 5243 3328 5307 an.

1816 5308 2029 5377 capituli
2054 5311 2194 5378 quod
2231 5313 2286 5365 in
2322 5314 2561 5373 dentibus
2580 5318 2873 5377 nullatenus
2896 5326 3055 5380 missa
3077 5328 3327 5386 celebrari

1817 5398 1993 5452 debet.

1884 5486 2378 5557 Quiaquagesimum
2400 5499 2497 5556 est,
2512 5490 2649 5560 quod
2670 5489 3012 5555 resEoclesiae
3030 5516 3132 5560 non
3152 5508 3326 5558 casto

1817 5574 1967 5631 diunt
2010 5586 2191 5634 contra
2228 5580 2587 5637 auctoritatem
2630 5587 2847 5642 canonis
2884 5587 2978 5653 l6,
3013 5602 3066 5656 q.
3111 5588 3137 5641 l
3180 5604 3229 5643 c.
3273 5598 3329 5644 et

1818 5664 2025 5718 easdem
2067 5680 2152 5719 res
2190 5667 2564 5724 ecclesiasticas
2587 5687 2681 5738 per
2707 5688 2763 5729 se
2794 5678 3019 5743 suosque
3045 5674 3325 5746 dilapldaat

2900 5787 2976 5847 33
