3926 6216
583 327 598 373 l
614 321 711 375 U99

1423 313 1769 368 EXCERPTA
1810 311 1896 364 EX
1936 306 2425 363 ΡΟΕΝΙΤΕΝΤΙΑῙᾸ
2462 305 2508 358 J.
2552 306 2635 359 DE
2671 306 2815 358 DEO.

3561 307 3581 354 1
3606 306 3704 353 luat

562 440 763 486 centra
790 430 1144 483 auctoritatem
1184 427 1415 485 Patrum,
1439 424 1505 476 28
1530 424 1666 482 dist.,
1694 436 1737 473 c.
1770 422 1876 472 Etsi
1904 435 1960 471 se
1986 433 2084 470 non
2117 424 2159 477 Α
2254 418 2342 469 Est
2365 418 2521 469 etiam
2541 417 2819 469 secundum
2843 417 3020 469 vitium
3042 417 3349 483 principale,
3369 415 3507 482 quod
3540 414 3705 479 quin-

577 519 863 585 corrigunt,
901 517 1086 568 debent
1120 513 1332 580 deponi,
1362 518 1419 562 ut
1454 510 1520 561 l2
1558 525 1633 575 q.,
1670 524 1715 561 c.
1758 507 2081 573 Apostolicas.

562 606 645 659 Et
682 605 801 672 quia
832 617 914 657 res
956 603 1149 655 alienas
1192 604 1462 664 usurpant,
1493 596 1740 662 probatur
1768 592 1845 653 i6,
1874 608 1924 659 ιι.
1959 592 2006 652 6,
2038 607 2083 644 c.

585 692 804 744 Placuit.

649 775 1138 843 Quinquagesimum
1179 770 1400 837 primum
1451 777 1503 822 et
1550 767 1785 823 ultimum
1825 773 1923 827 est,
1967 763 2088 829 quia

561 865 869 932 sgloriautur
890 862 939 913 in
962 859 1237 918 cathedris,
1260 864 1313 909 et
1341 870 1439 908 non
1468 860 1685 907 noscunt
1707 866 1762 904 se
1782 851 1936 918 ipsos.
1963 850 2089 903 Nam

574 954 628 1004 «si
655 953 1032 1020 cognovissent,
1063 948 1288 999 minores
1334 943 1565 995 subditos
1608 955 1708 1005 non
1751 936 2089 1003 contempsis-

568 1048 720 1091 ‘sent.
762 1037 1011 1089 Probatur
1039 1034 1120 1093 l2,
1149 1048 1199 1099 q.
1228 1031 1281 1092 2,
1311 1043 1356 1081 c.
1405 1026 1577 1080 Gloria
1608 1024 1842 1093 qaiscopi,
1892 1032 1990 1075 etc.
2035 1020 2089 1072 Si

589 1126 686 1177 hoc
710 1122 934 1192 episc0pi
962 1118 1317 1175 attendissent,
1341 1112 1635 1166 sacerdotes
1663 1110 1888 1160 minores
1915 1106 2093 1158 sedere

581 1210 727 1277 juxta
756 1206 1033 1261 scabellum
1070 1217 1248 1256 eorum
1279 1199 1465 1266 pedum
1503 1197 1641 1265 passi
1689 1209 1790 1247 non
1817 1198 2010 1253 essent,
2039 1198 2094 1241 ut

590 1296 774 1365 probat
803 1291 1077 1346 concilium
1124 1287 1548 1354 Carthaginensc.
1597 1283 1658 1333 Et
1686 1289 1766 1333 est
1792 1279 1924 1331 ratio
1952 1277 2093 1343 quia,

590 1364 880 1434 attestatur
898 1378 1076 1430 beatus
1099 1372 1378 1442 Gregorius
1404 1386 1415 1421 :
1441 1368 1567 1421 Cum
1598 1366 1747 1433 culpa
1772 1379 1872 1416 non
1896 1364 2093 1424 subest,

589 1481 769 1521 omnes
809 1463 1087 1519 secundum
1127 1458 1381 1513 rationem
1425 1453 1730 1507 humilitatis
1756 1449 1980 1517 aequales
2006 1462 2094 1500 su-

590 1568 723 1615 mus,
753 1558 811 1605 ut
842 1549 1092 1619 probatur
1118 1546 1184 1597 22
1208 1544 1352 1607 dist.,
1375 1557 1422 1595 c.

659 1641 802 1695 Talia
830 1654 954 1707 ergo
980 1645 1031 1689 et
1053 1634 1359 1696 consimilia,
1387 1631 1429 1685 si
1461 1637 1580 1683 sunt
1605 1625 1828 1689 notoria,
1865 1625 1933 1675 ita
1961 1620 2097 1688 quod

2183 518 2282 568 que
2315 504 2507 555 habent
2531 503 2762 555 abbatias
2788 517 2881 568 per
2912 502 3184 554 simoniam
3212 518 3224 552 :
3254 510 3307 554 et
3328 502 3408 553 isti
3436 500 3575 553 tales
3596 514 3707 552 non

2182 598 2394 657 possunt
2428 604 2695 642 remanere
2741 589 2791 640 in
2838 588 3317 648 administratione,
3362 595 3419 641 ut
3440 588 3711 655 probatur

2184 690 2266 727 ex.
2296 675 2358 727 de
2385 674 2633 737 Simonia,
2658 691 2704 727 c.
2732 675 2979 727 Pervenit.
3030 674 3095 726 Et
3120 674 3270 737 tales,
3290 674 3335 727 si
3360 683 3707 735 accusantur,

2184 770 2323 815 recte
2353 764 2541 816 debent
2562 763 2765 830 deponi,
2795 769 2900 814 est.
2930 762 2994 815 de
3021 761 3273 823 Simonia,
3294 760 3509 813 Dilectus
3536 759 3707 826 ﬁlius.

2182 850 2326 902 Alias
2353 858 2546 912 autem,
2571 850 2854 917 puniuntur
2892 849 2956 900 ad
2984 849 3255 901 arbitrium
3275 848 3494 915 judicis,
3526 856 3590 900 ut
3616 863 3689 900 ex

2186 938 2248 990 de
2275 936 2523 989 Simonia.
3216 949 3263 990 ιθ

2254 1024 2346 1074 Est
2382 1030 2554 1074 autem
2598 1032 2838 1088 quartum
2874 1023 3055 1075 vitium
3083 1022 3322 1085 mortale,
3346 1022 3469 1076 licet
3494 1037 3608 1075 non
3635 1022 3713 1074 ita

2189 1124 2454 1177 magnum,
2481 1110 2614 1163 sicut
2642 1126 2801 1162 unum
2826 1111 3243 1179 prtemissorum,
3271 1112 3406 1179 quod
3433 1110 3721 1179 negligant

2190 1199 2471 1250 monachos
2495 1213 2615 1250 suos
2642 1198 2881 1266 fugitivos
2905 1239 2919 1261 ,
2965 1205 3022 1249 ut
3049 1199 3299 1265 probatur
3324 1198 3405 1261 18,
3434 1214 3489 1265 q.
3519 1197 3578 1260 2,
3603 1196 3715 1247 Ab-

2192 1282 2343 1344 (mles,
2376 1292 2426 1336 et
2448 1299 2532 1335 ex.
2563 1284 2626 1334 de
2650 1282 2865 1350 Regula,
2890 1298 2936 1335 c.
2970 1282 3050 1334 Ne
3078 1282 3317 1350 religiosi.

2258 1373 2351 1425 Est
2384 1378 2554 1424 autem
2576 1372 2813 1438 quintum
2838 1370 3042 1433 vitium,
3087 1371 3225 1437 quod
3249 1370 3505 1437 recipiunt
3526 1385 3723 1424 mona-

2194 1466 2319 1517 chos
2345 1472 2618 1523 cxtrancos
2644 1462 2755 1514 sine
2794 1461 2981 1513 litteris
3016 1461 3467 1523 commendamus,
3508 1468 3571 1513 ut
3594 1475 3725 1529 pro-

2194 1551 2348 1602 batur
2382 1551 2469 1612 28,
2497 1564 2547 1616 q.
2579 1550 2630 1613 2.

2266 1639 2355 1690 Est
2380 1646 2551 1690 autem
2578 1645 2779 1690 sextum
2800 1636 3000 1696 vitium,
3032 1635 3168 1703 quod
3190 1632 3405 1701 ejiciunt
3428 1634 3730 1689 monachos

590 1731 702 1781 sine
726 1740 910 1796 magno
942 1721 1183 1777 seandalo
1227 1716 1514 1786 perpetrari
1551 1729 1652 1779 non
1687 1711 1965 1779 potuerint,
1996 1720 2102 1758 me-

2205 1741 2320 1779 suos
2346 1725 2641 1783 indiscrete,
2670 1733 2727 1775 ut
2752 1735 2834 1774 ex.
2866 1722 2930 1775 de
2951 1720 3155 1789 Regul.,
3181 1720 3278 1773 ult.
3309 1736 3358 1774 c.

591 1794 902 1883 trepolitano
929 1818 1050 1863 sunt
1080 1806 1391 1865 confitenda,
1420 1810 1473 1855 et
1497 1802 1562 1853 ab
1584 1814 1645 1852 eo
1670 1794 1984 1861 indulgentia
2011 1806 2101 1858 pe-

593 1904 767 1965 tenda,
797 1901 862 1953 ad
908 1900 1007 1952 hoc
1036 1903 1094 1949 ut
1123 1894 1379 1948 medicina
1406 1889 1723 1959 pteuitentite
1759 1884 1955 1938 utiliter
1986 1895 2101 1934 esse

593 1992 775 2059 possit,
812 1997 870 2041 ut
894 1986 1144 2055 probatur
1178 1983 1297 2035 dist.
1324 1982 1370 2042 l,
1403 1994 1449 2032 c.
1478 1986 1530 2030 et
1557 1992 1604 2030 c.
1632 1975 1687 2029 Si
1731 1981 1902 2026 autem
1925 1977 2100 2022 notum

594 2097 695 2134 non
722 2080 789 2132 sit
805 2079 1029 2138 crimen,
1060 2082 1112 2127 et
1138 2084 1293 2138 super
1327 2071 1427 2121 hoc
1457 2063 1753 2119 scandalum
1801 2067 2024 2121 nonest,
2051 2066 2104 2109 ct

594 2168 646 2219 iu
682 2165 798 2218 aliis
834 2162 1060 2229 peccatis
1100 2154 1487 2224 corporalibus,
1534 2157 1746 2218 excepta
1788 2146 2009 2201 simonia
2050 2154 2104 2198 et

596 2252 895 2313 homicidio,
922 2254 1137 2317 possunt
1158 2243 1254 2297 sibi
1276 2243 1550 2295 discretum
1577 2237 1890 2290 sacerdotem
1913 2235 2105 2301 eligere

596 2338 960 2394 confessorem.
984 2333 1237 2386 Probatur
1260 2344 1341 2382 ex.
1362 2328 1425 2381 de
1449 2326 1749 2385 Pmnitent.,
1775 2331 1875 2374 etc.
1902 2320 1966 2372 Et
1994 2322 2106 2373 Ι)ωο

596 2428 731 2479 dicta
758 2432 875 2476 sunt
899 2422 963 2474 ad
1003 2421 1251 2473 henorem
1279 2415 1668 2481 episcoporum,
1696 2424 1799 2461 non
1826 2406 2105 2473 reprehen-

596 2513 785 2575 dendo,
813 2511 903 2564 sed
926 2507 1197 2562 monendo.
1228 2503 1447 2567 Quidam
1473 2498 1636 2551 sancti
1672 2504 1811 2557 sunt,
1835 2494 1923 2547 sed
1947 2507 2106 2545 unus-

597 2601 814 2668 quisque
847 2597 1107 2665 propriam
1149 2588 1518 2646 conscientiam
1558 2584 1851 2640 wnveniat.
1886 2580 2107 2650 Explica

598 2687 665 2741 de
691 2684 961 2754 episcopis.

684 2791 769 2847 De
788 2789 1095 2858 confessione
1118 2784 1372 2845 abbatum,
1396 2790 1442 2835 et
1467 2781 1548 2834 cui
1570 2779 1743 2833 debent
1770 2775 2015 2844 confiteri.

1178 2869 1277 2941 (Ex
1308 2882 1421 2935 cap.
1453 2865 1527 2936 7.)

614 2988 616 2993 ·
666 2960 1080 3019 Deconfessione
1118 2956 1360 3010 abbatum
1398 2952 1474 3005 sic
1509 2951 1767 3020 distingue
1792 2967 1805 3001 :
1830 2957 1918 3001 aut
1946 2947 2107 3001 abbas

598 3059 680 3105 est
698 3055 993 3116 exemptus,
1018 3052 1073 3098 et
1098 3056 1201 3096 non
1227 3042 1385 3095 habet
1410 3039 1567 3091 alium
1594 3039 1835 3090 abbatem
1861 3034 2107 3102 majorem

598 3145 891 3206 exemptum
925 3147 1083 3204 super
1107 3146 1182 3186 se.
1222 3128 1279 3185 Si
1316 3138 1399 3182 est
1422 3128 1474 3180 in
1503 3126 1734 3178 Romana
1758 3124 1925 3187 curia,
1959 3124 2113 3176 debet

620 3225 835 3281 :oufitcri
856 3223 1062 3277 domino
1098 3233 1273 3290 papas,
1306 3217 1389 3269 vel
1412 3217 1525 3285 ejus
1548 3213 1932 3281 pmnitcntiario
1959 3225 2114 3280 gene-

601 3314 697 3368 rali
721 3351 737 3377 ,
778 3320 835 3366 ut
860 3311 1052 3366 dictum
1092 3317 1175 3364 est
1212 3307 1277 3362 de
1312 3306 1719 3374 archiepiscOpo.
1761 3303 1816 3356 Si
1843 3311 2011 3355 autem
2034 3312 2113 3355 est

601 3412 830 3457 remotus
872 3399 938 3454 ali
962 3397 1198 3454 Ecclesia
1236 3396 1504 3455 Romana,
1546 3399 1717 3459 potest
1738 3390 1974 3445 conﬁteri
2001 3390 2112 3441 cui-

601 3502 806 3557 cunque
830 3486 1071 3549 voluerit,
1097 3485 1221 3539 dum
1246 3490 1421 3535 tamen
1443 3479 1581 3532 ﬁdeli
1610 3487 1663 3532 et
1686 3478 1913 3531 discreto
1941 3489 2116 3529 sacer-

603 3576 709 3630 doti
730 3614 747 3640 ,
792 3584 850 3627 ut
872 3575 1119 3643 probatur
1141 3586 1225 3626 ex.
1267 3572 1331 3623 de
1363 3568 1510 3622 Pcen.
1538 3566 1629 3619 ult.
1677 3564 1733 3618 Si
1761 3572 1935 3617 autem
1960 3562 2116 3616 habet

605 3665 764 3715 alium
786 3660 1030 3728 majorem
1056 3672 1211 3726 super
1231 3671 1306 3719 se,
1330 3656 1441 3709 sive
1460 3656 1528 3706 sit
1552 3660 1840 3718 exemptus,
1862 3650 1970 3703 sive
1990 3664 2114 3712 non,

607 3752 759 3806 debet
780 3751 827 3805 ei
855 3746 1107 3803 confiteri.
1146 3743 1204 3798 Si
1241 3751 1416 3796 autem
1445 3754 1548 3793 non
1584 3739 1740 3791 habet
1769 3738 1924 3791 alium
1954 3735 2115 3788 abba-

611 3851 714 3894 tem
737 3854 889 3907 super
915 3852 990 3899 se,
1019 3843 1074 3887 ct
1097 3834 1207 3901 ipse
1236 3846 1336 3884 non
1363 3836 1443 3883 est
1468 3833 1738 3893 exemptus
1756 3862 1771 3887 ,
1817 3823 1971 3905 debet
1992 3834 2116 3889 pro—

608 3930 723 4001 prio
746 3902 987 3995 episcopo
1013 3921 1248 3977 conﬁteri
1273 3959 1287 3983 ,
1334 3918 1455 3985 quia
1484 3916 1592 3983 ipse
1614 3921 1695 3966 est
1719 3902 1964 3980 prmlatus
1986 3909 2114 3975 ejus,

612 3995 670 4068 in
692 4013 935 4082 probatur
955 4009 1015 4060 ιιι
1047 4008 1190 4069 dist.,
1220 4019 1268 4059 c.
1300 4002 1535 4064 Obitum,
1581 4008 1635 4053 et
1665 3998 1726 4050 r2
1748 3998 1891 4059 dist.,
1916 4010 1962 4048 c.
1999 3995 2117 4058 ult.,

613 4100 694 4156 vel
736 4102 801 4153 de
838 4097 1041 4151 licentia
1068 4082 1293 4161 episcopi
1328 4090 1425 4142 sibi
1466 4088 1622 4156 eligat
1662 4084 2038 4143 confessorem,
2064 4091 2121 4133 ut

614 4188 863 4259 probatur
887 4198 970 4235 ex.
1012 4183 1076 4235 de
1104 4180 1250 4258 Pam.
1296 4185 1350 4231 et
1381 4176 1584 4229 remiss.
1628 4180 1683 4227 et
1713 4174 1776 4225 de
1813 4171 1958 4223 Pam.
1997 4171 2119 4223 dist.

2264 1813 2356 1864 list
2382 1819 2553 1863 autem
2583 1810 2860 1876 septimum
2902 1809 3083 1860 vitium
3110 1848 3123 1872 ,
3164 1808 3305 1875 quod
3345 1809 3469 1860 dant
3509 1807 3733 1860 litteras

2197 1899 2519 1953 dimissorias
2547 1898 2853 1958 indiscrete,
2895 1904 2946 1948 ct
2967 1896 3185 1948 credunt
3210 1896 3349 1961 quod
3375 1894 3619 1947 monachi
3643 1896 3731 1946 vel

2175 1987 2465 2055 regulares
2510 1984 2612 2037 sint
2655 1998 2748 2052 per
2789 1984 2919 2036 tales
2954 1983 3155 2035 litteras
3208 1981 3428 2035 absoluti
3480 1998 3509 2035 a
3547 1983 3729 2050 prima

2199 2060 2486 2126 obedientia
2512 2111 2525 2135 ,
2577 2071 2675 2124 nisi
2721 2072 2891 2137 primo
2936 2071 3001 2124 ab
3044 2068 3132 2122 illo
3180 2069 3368 2123 abbate
3398 2084 3491 2136 per
3513 2069 3734 2122 litteras

2200 2160 2522 2213 dimissorias
2553 2159 2658 2211 sint
2683 2159 2875 2224 recepti
2897 2166 2997 2233 ,ιιι
3021 2157 3269 2225 probatur
3297 2158 3356 2209 7i
3390 2158 3533 2220 dist.,
3581 2157 3733 2209 Illud

2199 2262 2414 2315 quoque,
2444 2254 2498 2298 ct
2544 2259 2590 2297 c.
2636 2244 2710 2295 De
2742 2244 2930 2306 aliena,
2971 2253 3025 2295 et
3063 2259 3110 2297 c.
3147 2242 3388 2295 Clericos.
3427 2242 3554 2296 Illud
3586 2244 3735 2296 idem

2200 2336 2450 2403 probatur
2479 2332 2528 2395 7,
2555 2347 2606 2398 q.
2647 2332 2691 2392 l,
2717 2346 2763 2383 e.
2794 2330 2911 2382 Non
2934 2338 3153 2398 oportet,
3182 2337 3304 2382 etc.
3338 2326 3604 2393 Pervenit,
3636 2330 3736 2387 2i.

2202 2437 2252 2489 q.
2285 2421 2338 2484 2,
2365 2435 2411 2473 c.
2435 2428 2488 2472 et
2517 2420 2575 2481 2;
2623 2418 2747 2471 dicit
2774 2418 2913 2470 enim
2949 2417 3055 2470 Leo
3080 2431 3212 2484 papa
3240 2416 3377 2484 quod
3403 2432 3503 2469 non
3530 2417 3738 2470 debent

2203 2509 2313 2562 dari
2344 2508 2527 2561 litterae
2552 2506 2891 2568 dimissorizn,
2916 2505 3017 2557 nisi
3044 2506 3189 2571 prius
3215 2513 3418 2557 constet
3440 2508 3631 2571 quare,
3666 2520 3740 2557 ne

2139 2665 2147 2674 '
2203 2600 2315 2650 ovis
2335 2597 2536 2666 perdita
2568 2595 2857 2647 inveniatur
2884 2593 2994 2645 sine
3035 2600 3240 2660 pastore
3260 2631 3275 2655 ,
3315 2601 3372 2643 ut
3402 2592 3466 2643 72
3502 2591 3657 2654 dist.,
3681 2605 3738 2645 c.

2205 2683 2503 2750 Episcopus.

2273 2767 2522 2823 Octavum
2550 2766 2735 2818 vitium
2764 2775 2842 2819 est
2863 2806 2876 2829 ,
2906 2768 3042 2834 quod
3082 2775 3354 2834 postquam
3402 2767 3595 2835 aliquis
3622 2782 3743 2820 mo—

2205 2858 2404 2911 nachus
2429 2854 2622 2908 resistit
2652 2855 2789 2906 vitiis
2811 2868 3011 2916 eorum,
3036 2868 3154 2905 eum
3184 2856 3420 2922 puniunt.

2273 2944 2365 2997 Est
2389 2943 2543 2996 etiam
2570 2956 2760 2995 nonum
2789 2942 3001 3003 vitium,
3049 2942 3186 3008 quod
3219 2942 3263 2993 si
3300 2941 3483 3008 aliquis
3515 2952 3747 3010 propter

2210 3033 2308 3085 hoc
2332 3030 2618 3098 appellatur
2640 3029 2704 3081 ad
2737 3029 3009 3096 judicium,
3051 3029 3227 3081 statin
3269 3044 3389 3081 eum
3426 3030 3743 3089 verberant,

2208 3123 2290 3174 vel
2311 3118 2797 3182 exeommunicant,‘
2816 3116 2897 3170 vel
2924 3118 3153 3185 capiunt,
3179 3118 3231 3170 in
3258 3132 3322 3170 eo
3348 3117 3483 3184 quod
3515 3117 3748 3170 abbates

2209 3209 2457 3262 deberent
2480 3207 2670 3275 puniri.

2277 3296 2543 3349 Decimum
2558 3294 2859 3355 vitiumest,
2878 3290 3013 3359 quod
3038 3291 3252 3343 abbates
3270 3290 3518 3357 quosdam
3548 3305 3745 3343 mona-

2212 3387 2337 3439 chos
2363 3383 2589 3435 exaltant
2624 3398 2689 3435 ex
2713 3381 2907 3434 carnali
2933 3392 3127 3442 amore,
3172 3386 3225 3430 et
3270 3377 3399 3430 alios
3434 3378 3747 3445 deprimunt

2211 3488 2274 3526 ex
2298 3472 2417 3524 odio
2444 3478 2495 3523 et
2520 3470 2732 3532 invidia,
2768 3477 2824 3520 ut
2850 3468 3098 3535 probatur
3122 3465 3203 3528 15,
3235 3480 3287 3533 q.
3318 3466 3372 3529 7,
3398 3481 3445 3517 c.
3472 3465 3519 3517 l.

2280 3560 2372 3613 Est
2395 3567 2566 3612 autem
2595 3557 2924 3609 undecimum
2948 3554 3133 3607 vitium
3153 3593 3168 3611 .
3195 3552 3336 3620 quod
3366 3552 3462 3621 ipsi
3492 3552 3591 3605 sub
3621 3564 3747 3619 spe-

2212 3650 2292 3701 cie
2331 3646 2537 3713 pietatis
2565 3643 2778 3710 palliant
2810 3642 3126 3708 impietatem
3150 3679 3165 3703 ,
3213 3639 3412 3693 scilicet
3456 3639 3748 3692 occasione

2213 3733 2422 3801 hospitii
2450 3731 2765 3783 manducant
2793 3736 2940 3781 extra
2965 3726 3296 3780 refectorium
3320 3739 3504 3778 carnes
3526 3723 3743 3777 insufii-

2213 3824 2427 3883 cienter,
2470 3828 2523 3872 et
2567 3834 2669 3871 non
2714 3817 2926 3870 veniunt
2963 3814 3027 3867 ad
3056 3813 3367 3874 matutinas,
3411 3826 3509 3864 nec
3535 3811 3605 3863 ad
3630 3809 3747 3864 olli-

2213 3914 2373 3974 cium,
2395 3918 2449 3963 et
2471 3908 2712 3961 monachi
2741 3906 3033 3959 moriuntur
3060 3902 3217 3965 fame,
3247 3900 3340 3968 'qui
3366 3909 3577 3969 portant
3602 3915 3746 3968 pon-

2215 3997 2311 4049 dus
2329 3994 2482 4048 oflicii
2506 3993 2607 4046 dici
2635 4000 2689 4044 et
2711 4000 2887 4043 aestus.

2283 4086 2374 4138 Est
2395 4092 2567 4136 autem
2595 4080 2954 4133 duodecimum
2972 4116 2986 4139 ,
3017 4077 3155 4143 quod
3185 4074 3492 4143 permittunt
3514 4074 3742 4141 quibus-

2217 4176 2335 4227 dam
2383 4165 2654 4225 monachis
2697 4169 2887 4220 hahere
2913 4165 3213 4233 pecuniam,
3243 4171 3425 4215 contra
3452 4163 3747 4215 auctorita-

616 4248 697 4336 λϐ,
844 4270 1061 4322 Placuit.
1120 4256 1251 4321 Cum
1294 4264 1445 4319 aliter
1470 4276 1572 4315 non
1610 4260 1772 4329 possit
1803 4258 1977 4329 ligari,
2028 4272 2123 4310 nec
2151 4285 2195 4341 Β
2222 4272 2323 4315 tem
2369 4268 2665 4313 sanctorum
2705 4254 2915 4307 Patrum
2940 4290 2956 4315 ,
2998 4258 3056 4304 ut
3089 4251 3342 4318 probatur
3370 4265 3453 4303 ex.
3493 4250 3559 4303 de
3584 4248 3743 4303 Statu

614 4360 767 4422 solvi,
792 4367 847 4411 ut
873 4358 924 4410 in
947 4354 1207 4424 prmdictis
1220 4352 1443 4419 juribus,
1468 4348 1569 4402 nisi
1585 4347 1757 4400 forsan
1783 4353 1922 4400 esset
1947 4343 2122 4411 regula

616 4443 876 4504 contraria
905 4452 957 4496 et
984 4456 1012 4493 a
1036 4454 1237 4493 summo
1262 4434 1505 4506 pontifice
1532 4433 1842 4502 approbata;
1874 4430 2009 4483 sicut
2030 4430 2125 4481 ha-

618 4540 744 4591 bent
790 4530 977 4585 fratres
1017 4527 1385 4582 Cistercienses
1430 4524 1517 4591 qui
1571 4520 1849 4575 secundum
1894 4516 2123 4585 regulam

569 4606 582 4619 ’
621 4624 716 4679 Sibi
742 4620 933 4677 faciunt
962 4614 1325 4671 confessorem.
1375 4610 1519 4665 Licet
1544 4610 1682 4663 enim
1706 4608 1868 4659 multa
1895 4607 1997 4657 sint
2030 4604 2123 4655 ab-

624 4702 796 4765 batum
834 4699 961 4761 vitia
984 4746 999 4769 ,
1048 4719 1161 4772 qua:
1204 4707 1419 4769 possunt
1450 4700 1545 4751 sub
1572 4707 1789 4747 numero
1816 4689 2123 4757 computari,

626 4809 795 4849 tamen
818 4808 980 4861 pauca
1019 4806 1080 4843 ex
1116 4790 1191 4842 eis
1216 4788 1440 4841 breviter
1461 4782 1886 4854 perstringamus,
1935 4777 2000 4829 ad
2026 4776 2125 4828 hoc

624 4873 761 4958 quod
782 4882 966 4936 futuris
998 4879 1196 4935 cautela
1220 4878 1375 4930 tutior
1400 4882 1733 4945 prmparetur.

640 4956 648 4996 Ῑ
693 4966 922 5024 Primum
958 4976 1037 5022 est
1062 4968 1244 5019 vitium
1287 4960 1602 5032 principale,
1644 4958 1781 5026 quod
1821 4966 1879 5010 ut
1914 4956 2128 5010 abbates

629 5054 752 5113 flant
770 5098 785 5122 ,
823 5053 1051 5125 regulam
1074 5056 1367 5111 assumunt,
1411 5052 1591 5102 contra
1613 5044 1973 5099 auctoritatem
2003 5056 2124 5094 san—

627 5144 827 5202 ctoruin
849 5143 1079 5219 Ratrutn,
1111 5147 1168 5191 ut
1195 5139 1446 5207 probatur
1472 5134 1557 5197 16,
1585 5148 1637 5202 q.
1666 5132 1717 5196 7,
1746 5146 1794 5184 c.
1825 5130 1927 5183 Per
1946 5129 2119 5187 laicos,

630 5224 715 5288 ubi
744 5231 931 5286 dicitur
948 5228 1086 5298 quod
1124 5224 1295 5280 nullus
1329 5222 1563 5279 habitum
1584 5220 1851 5287 suscipiat,
1872 5232 2015 5285 spem
2037 5222 2129 5268 aut

629 5316 1017 5388 promissionem
1041 5314 1265 5376 habens,
1309 5317 1367 5365 ut
1388 5309 1549 5365 abbas
1568 5306 1677 5360 flat.
1716 5304 1843 5357 Nam
1869 5304 2001 5357 tales
2025 5316 2127 5355 non

631 5400 897 5459 intendunt
923 5398 1164 5455 stcculum
1192 5396 1372 5468 fugare
1394 5433 1409 5460 ,
1458 5394 1551 5450 sed
1585 5398 1807 5453 mutare,
1855 5396 1911 5442 ut
1943 5388 2129 5457 proba-

635 5503 713 5546 tur
735 5490 819 5543 53.
836 5495 847 5505 °
1123 5491 1143 5502 ’⁸

2222 4348 2479 4401 monachi.

2290 4437 2380 4488 Est
2424 4441 2595 4486 autem
2636 4433 2891 4486 decimum
2933 4429 3143 4482 tertium
3169 4427 3391 4491 vitium,
3438 4427 3578 4495 quod
3616 4427 3743 4492 jura

2223 4520 2533 4589 episc0palia
2570 4534 2671 4571 non
2707 4524 2942 4570 metuunt
2982 4528 3252 4584 usurpare,
3298 4521 3357 4566 nt
3375 4514 3632 4583 probatur
3654 4515 3744 4579 16,

2223 4626 2274 4677 q.
2310 4612 2358 4671 i,
2386 4624 2432 4661 c.
2462 4607 2709 4660 Pervenit.

2206 4718 2209 4719 ν
2256 4718 2267 4731 ι
2294 4696 2412 4748 Πωο
2432 4696 2476 4747 si
2513 4694 2714 4746 notoria
2746 4699 2901 4752 sunt,
2950 4691 3192 4758 episcopo
3220 4688 3421 4741 debent
3454 4687 3697 4758 conﬁteri
3724 4704 3743 4747 ς

2222 4780 2320 4832 alia
2348 4787 2551 4841 autem,
2582 4785 2639 4829 ut
2680 4776 2743 4828 de
2786 4775 2929 4843 lapsu
2977 4774 3149 4826 carnis
3193 4779 3481 4836 taceantur,
3522 4780 3747 4840 possunt

2223 4866 2477 4927 confiteri,
2508 4865 2552 4918 si
2580 4870 2699 4917 sunt
2725 4868 2943 4921 secreta,
2962 4859 3171 4926 proprio
3198 4856 3483 4911 confessori
3500 4896 3515 4921 ,
3544 4871 3742 4911 secun-

2223 4955 2345 5006 dum
2372 4950 2751 5004 distinctionem
2783 4948 3021 5013 superius
3044 4946 3411 5011 przenotatam.‘

2226 5042 2297 5093 De
2330 5037 2635 5105 confessione
2662 5034 3051 5096 monachorum,
3078 5040 3125 5083 et
3167 5031 3249 5082 cui
3276 5027 3454 5095 decent
3489 5026 3743 5095 conﬁteri.

2803 5119 2901 5188 (Ex
2933 5133 3046 5186 cap.
3076 5117 3154 5187 8.)

2245 5229 2249 5233 ’
2293 5212 2495 5267 Dictum
2519 5217 2601 5263 est
2624 5208 2861 5277 superius
2890 5206 2953 5258 de
2981 5203 3247 5259 monachis
3271 5209 3326 5256 et
3358 5201 3427 5256 de
3454 5199 3747 5258 confessis-

2229 5303 2380 5355 nibus
2404 5299 2723 5358 earumdem,
2760 5309 2894 5348 nunc
2913 5293 3184 5347 dicendum
3206 5299 3289 5345 est
3306 5290 3516 5359 plenius
3538 5290 3632 5344 cui
3654 5286 3748 5345 do-

2228 5390 2383 5446 beant
2404 5383 2658 5441 conﬁteri.
2688 5382 2752 5434 Et
2775 5390 2854 5435 est
2876 5379 3152 5434 tenendum
3175 5378 3312 5446 quod
3332 5372 3511 5432 abbati
3530 5375 3749 5447 proprio

2231 5474 2452 5528 debeant
2471 5468 2720 5531 confiteri,
2742 5467 2831 5534 qui
2850 5467 3001 5521 debet
3016 5465 3152 5520 scire
3167 5464 3520 5534 oppositiones
3538 5476 3747 5528 eorum.
