3926 6216
193 321 326 372 “Ui
1095 321 1442 376 EXCEIH‘TA
1479 321 1566 372 EX
1607 317 2093 370 ΙδῡιὶῗὶιΐιιῗλςῊᾹΙΛ
2133 319 2176 370 J.
2219 321 2297 370 liii
2336 320 2480 372 DEO.
3206 317 3336 368 “02

191 445 246 488 et
282 437 482 502 quales
513 435 828 486 intrinsecus
849 443 997 493 sunt,
1031 444 1085 484 ut
1113 448 1195 484 ex.
1231 441 1285 485 et
1315 447 1384 493 c.,
1409 447 1525 482 cum
1548 442 1725 482 eorum
1753 429 1800 483 Α
1829 427 1953 477 bent
1977 427 2164 492 puniri.
2199 428 2345 490 Quod
2373 430 2606 480 si‘esseut
2627 429 2848 491 occulta,
2875 431 2937 482 de
2966 430 3045 482 his
3069 428 3322 496 recolligat

191 523 373 575 abbas
408 523 599 576 habeat
640 536 816 574 eorum
847 522 971 573 velle
999 530 1051 572 et
1078 521 1242 582 nolle,
1271 534 1426 586 quem
1455 518 1551 569 sibi
1575 530 1730 582 super
1831 513 1989 564 vitam
2020 522 2387 567 monachOrum
2410 530 2502 582 per
2527 518 2652 569 istos
2681 532 2893 570 versus:

192 611 383 676 capita
412 627 508 664 sua
533 619 815 678 posuerunt
837 610 948 661 loco
974 610 1089 664 Dei.
1134 616 1189 658 ut
1209 608 1461 675 probatur
1491 605 1576 666 12,
1602 605 1650 662 1,
1681 619 1728 654 c.

198 698 369 764 Nolo,
403 708 460 752 et
481 714 527 752 c.
558 698 674 750 Non
693 699 891 757 dicatis,
935 706 990 747 et
1015 697 1074 746 l5
1099 695 1242 755 dist.,
1267 709 1313 745 c.
1347 692 1500 744 Nervi
1531 692 1732 742 testicu-

195 793 398 842 lorum.
441 790 671 858 Apparet
701 788 835 855 quod
880 771 1313 838 abbaﬁ'debeant
1349 782 1582 836 conﬁteri
1621 780 1734 833 loco

1948 642 2233 709 ingrediens
2255 643 2749 709 clauistrummeditari
2774 658 2905 709 sacra
2928 655 3168 696 memento
3189 659 3207 695 ι

1947 702 1987 765 ᾗ
1993 701 2023 765 11
2045 704 2241 748 mortale
2267 717 2422 765 geras.
2446 707 2529 751 sed
2552 718 2739 765 semper
2762 707 2945 752 sobrius
2966 713 3070 752 esto
3094 717 3108 752 :

1949 761 2025 823 Nil
2055 770 2250 819 reputes
2274 763 2462 823 factum,
2487 767 2526 810 si
2553 761 2875 823 voti'tempore
2901 765 3069 811 factum

201 879 320 932 Dei.
356 880 507 932 Licet
531 885 701 930 autem
749 875 907 942 multa
943 875 1044 925 sint
1074 872 1198 923 vitia
1227 869 1622 928 monachorum,
1653 875 1731 918 ta-

201 985 336 1022 men
359 978 487 1023 sunt
511 967 741 1036 quanlam
771 963 1092 1032 principalia,
1135 977 1163 1014 a
1201 961 1388 1027 quibus
1412 973 1615 1011 cessare
1647 957 1736 1008 de-

200 1061 358 1121 bent,
387 1074 506 1126 qu:e
531 1056 696 1109 sancti
726 1054 909 1106 Patres
933 1050 1371 1118 quamplurimum
1397 1049 1732 1099 detestantur.

275 1147 522 1200 Primum
549 1153 628 1197 est
646 1182 659 1204 ,
702 1141 839 1208 quod
863 1140 1164 1206 conSpirant
1193 1145 1376 1189 contra
1401 1134 1660 1190 abbatem,
1692 1131 1736 1183 si

203 1237 423 1288 nitatur
441 1232 722 1298 corrigere,
757 1237 810 1281 et
835 1242 954 1279 eum
981 1226 1158 1277 volunt
1182 1223 1465 1288 deponere,
1501 1227 1554 1270 et
1579 1217 1734 1268 alium

207 1325 414 1383 facere,
448 1321 535 1388 qui
562 1335 679 1372 suas
708 1317 926 1383 ineptias
951 1314 1117 1367 valeat
1143 1310 1437 1369 confovere,
1465 1316 1522 1359 ut
1551 1306 1738 1373 proba-

207 1424 297 1466 tur
335 1413 422 1475 13,
453 1427 506 1479 q.
534 1411 587 1472 2,
629 1425 674 1459 e.
705 1409 790 1459 ubi
819 1406 1008 1458 dicitur
1045 1402 1180 1469 quod
1226 1400 1365 1452 nulla
1404 1404 1633 1463 potestas
1658 1409 1740 1445 re-

209 1513 460 1558 maneret
488 1501 679 1560 abbati,
705 1499 748 1549 si
773 1494 1042 1549 monachis
1070 1490 1289 1558 carpet-it
1315 1485 1600 1553 sul-jacere.

283 1589 590 1642 Secundum
617 1585 793 1636 vitium
817 1590 896 1634 est
914 1621 928 1642 ,
973 1578 1108 1646 quod
1136 1575 1436 1641 conspirant
1458 1582 1661 1638 quoque
1687 1568 1740 1620 in

211 1688 470 1737 mortem,
493 1675 623 1726 sicut
654 1672 722 1724 illi
746 1671 831 1738 qui
860 1667 1227 1735 conspirabant
1251 1665 1301 1715 in
1323 1668 1538 1713 mortem
1566 1657 1622 1708 S.
1646 1655 1744 1709 Be-

1950 821 2238 882 gorticitlum
2265 821 2425 876 fuerit,
2451 826 2529 880 qui
2557 825 2645 882 voti
2673 821 2858 881 praemia
2884 823 3004 870 tollit
3027 836 3039 868 :

1949 878 2026 928 Nil
2049 879 2248 929 fortasse
2265 883 2394 942 juvat
2414 878 2653 942 satagere,
2673 878 2716 928 si
2736 882 2984 930 recidivae.

2285 983 2359 1036 De
2381 984 2667 1051 paenitentia
2691 983 2887 1036 dccani.

2409 1092 2501 1162 (Ex
2542 1107 2656 1160 cap.
2685 1091 2761 1159 9.)

1901 1222 1973 1274 De
1996 1223 2299 1289 poenitentia
2326 1224 2508 1276 decani
2536 1225 2607 1278 ita
2633 1234 2838 1288 teneas,
2867 1226 3001 1293 quod
3023 1226 3141 1279 licet
3168 1227 3340 1281 archi—

1833 1311 2082 1363 diaconus
2103 1311 2265 1377 major
2286 1312 2354 1363 sit
2374 1312 2438 1364 de.
2469 1312 2581 1380 lege
2604 1315 2864 1366 communi
2884 1323 3000 1382 post
3023 1315 3339 1381 episcopum,

1833 1405 1890 1448 ut
1911 1398 2157 1464 probatur
2206 1413 2289 1451 ex.
2337 1400 2401 1451 de
2443 1400 2718 1467 Appellat,
2759 1414 2806 1452 c.
2832 1399 3147 1463 Constituis,
3173 1410 3343 1454 tamen

1834 1484 2076 1551 episcopo
2102 1484 2288 1538 debeat
2310 1485 2574 1549 conﬁteri,
2621 1486 2702 1538 vel
2721 1487 2784 1540 de
2813 1487 2924 1554 ejus
2961 1487 3166 1540 licentia
3187 1487 3344 1540 alium
3382 1515 3385 1517 -

1835 1571 1932 1622 sibi
1958 1571 2148 1637 eligere
2159 1571 2534 1633 confessorem,
2562 1575 2717 1626 etiam
2741 1575 2782 1627 si
2805 1573 3196 1627 archidiaconus
3221 1573 3348 1626 fuis-

1839 1666 1919 1708 set
1961 1659 2248 1725 presbyter.
2310 1658 2531 1713 Peccaut
2564 1668 2736 1713 autem
2768 1661 2949 1713 decani
2983 1661 3036 1712 in
3074 1659 3157 1712 bis
3183 1661 3348 1713 tribus

215 1765 416 1818 nelecti
444 1782 456 1815 :
481 1773 532 1816 et.
559 1761 686 1815 tales
714 1768 832 1812 sunt
859 1756 1106 1817 infames,
1133 1761 1193 1806 ut
1225 1753 1476 1820 probatur
1496 1749 1580 1808 11,
1606 1761 1657 1813 q.
1686 1745 1738 1806 1,
1772 1717 1813 1774 Β
1841 1748 2080 1814 graviter.

214 1873 262 1907 c.
291 1853 758 1921 Conspirctionum.

288 1964 530 2015 Tertium
558 1961 737 2013 vitium
767 1966 877 2019 est,
924 1955 1060 2023 quod
1088 1955 1281 2008 habent
1308 1953 1566 2004 incautam
1596 1945 1744 1998 fami-

217 2051 506 2102 liaritatem
535 2061 650 2099 cum
677 2044 994 2104 mulieribus,
1017 2055 1146 2108 quas
1170 2039 1268 2092 sibi
1295 2037 1492 2089 faciunt
1518 2048 1744 2087 comma-

219 2146 333 2190 tres
359 2143 543 2189 contra
572 2132 930 2186 auctoritatem
955 2136 1254 2182 sanctorum
1274 2125 1504 2183 Patrum,
1537 2131 1638 2175 etc.

293 2248 552 2312 Quartum
597 2243 778 2295 vitium
814 2249 915 2303 est,
958 2237 1095 2308 quod
1127 2216 1334 2290 incaute
1370 2240 1745 2287 conversantur

221 2353 346 2390 eum
370 2335 700 2396 monialibus,
728 2340 907 2385 contra
935 2328 1296 2382 auctoritatem
1320 2333 1616 2378 sanctorum
1648 2320 1743 2373 Pa-

223 2439 386 2480 trum.
416 2426 501 2488 18,
529 2439 580 2492 q.
619 2425 673 2484 2,
700 2437 745 2474 c.
774 2418 1098 2472 Monasteria.

293 2536 550 2602 Quintum
572 2531 755 2583 vitium
776 2535 884 2589 est,
915 2525 1050 2594 quod
1079 2540 1180 2578 non
1223 2523 1536 2576 erubescunt
1565 2529 1739 2572 matri-

224 2627 463 2680 monium
498 2620 804 2675 contrahere
846 2625 1023 2670 contra
1049 2604 1411 2668 auctoritatém
1440 2618 1738 2662 sanctorum

225 2719 446 2772 Patrum
473 2756 489 2779 ,
526 2723 585 2767 ut
607 2720 747 2782 patet
770 2710 858 2772 27,
886 2724 938 2776 q.
967 2708 1016 2770 1,
1041 2722 1088 2760 c.
1139 2705 1204 2758 Ut
1239 2704 1320 2757 leo:
1358 2702 1591 2762 continet,
1618 2706 1670 2752 et
1693 2713 1741 2750 e.

231 2805 550 2872 Impudicus.
1228 2796 1234 2802 ’

299 2911 520 2966 Sextum
555 2907 734 2962 vitium
760 2917 861 2968 εει,
891 2903 1029 2972 quod
1053 2901 1234 2956 volunt
1260 2897 1436 2968 vagari
1465 2903 1614 2950 extra
1637 2907 1748 2946 mo-

1905 1828 2098 1890 Primo,
2129 1829 2248 1894 quia
2277 1838 2395 1882 sunt
2429 1827 2615 1882 infensi
2645 1830 2751 1882 suis
2779 1829 3052 1897 episcopis,
3087 1838 3188 1882 etc.

1907 1916 2160 1976 Secundo,
2192 1917 2314 1982 quia
2351 1917 2527 1968 volunt
2556 1917 2620 1968 ad
2653 1917 2999 1969 sacerdotium
3037 1903 3345 1984 promoveri,

1839 2020 1954 2056 eum
1986 2005 2080 2072 ipsi
2105 2007 2392 2073 presbyteri
2423 2007 2668 2058 deberent
2693 2021 2808 2059 esse
2825 2046 2838 2069 ,
2865 2016 2967 2061 etc.
3328 2018 3350 2072 ἐ

1907 2094 2105 2155 Tertio,
2154 2094 2274 2160 quia
2317 2093 2466 2145 valde
2513 2095 2742 2160 superbi,
2781 2103 2833 2147 et
2879 2094 3182 2147 conculcant
3223 2094 3351 2147 alios

1840 2184 2100 2251 simplices
2149 2192 2200 2235 et
2249 2183 2521 2236 litteratos.
2587 2182 2923 2252 Underhodie
2957 2197 3092 2248 saepe
3134 2191 3354 2249 surgunt

1838 2273 1976 2333 odia,
2015 2281 2068 2324 et
2108 2273 2381 2324 homicidia
2419 2281 2802 2340 perpetrantur,
2845 2286 2956 2338 qua:
2989 2271 3123 2338 juris
3161 2273 3350 2339 proba-

1842 2360 1980 2412 tione
2015 2373 2115 2410 nou
2153 2359 2382 2425 indigent
2416 2377 2427 2409 :
2459 2361 2581 2426 quia
2609 2361 2674 2412 de
2712 2360 2851 2412 facto
2893 2375 3029 2427 saepe
3061 2360 3248 2427 saepius
3273 2368 3354 2413 est

1839 2457 2181 2514 compertum.
2231 2445 2286 2498 Si
2319 2461 2442 2514 ergo
2481 2447 2532 2498 in
2576 2446 2763 2499 talibus
2801 2447 3149 2514 peccaverint,
3193 2446 3272 2498 vel
3299 2445 3352 2498 in

1840 2536 1958 2587 aliis
1983 2533 2338 2587 consimilibus
2363 2573 2378 2595 ,
2419 2542 2475 2586 ut
2507 2535 2570 2586 de
2596 2534 2791 2586 carnali
2838 2533 2982 2601 lapsu
3029 2542 3280 2598 taceatur,
3308 2549 3352 2588 ει

1841 2623 2100 2674 notoriam
2125 2631 2223 2680 est,
2253 2636 2347 2688 per
2368 2621 2665 2688 episcopum
2692 2622 2878 2675 debent
2893 2622 3100 2690 corrigi,
3130 2630 3182 2674 et
3200 2634 3355 2690 agere

1841 2708 2198 2777 paenitentiam
2227 2717 2580 2776 competenter
2606 2724 2620 2761 :
2648 2710 2691 2762 si
2720 2718 2892 2762 autem
2919 2709 3139 2772 occulte,
3167 2710 3355 2762 debent

1844 2797 2114 2863 rimabere,
2163 2805 2216 2848 et
2243 2797 2478 2876 conﬁteri
2506 2785 2769 2865 episcopo,
2803 2797 2880 2851 vel
2910 2797 3059 2850 alteri
3089 2797 3202 2850 loco
3220 2796 3354 2865 ejus,
3392 2848 3397 2855 ,

1846 2892 1903 2936 ut
1922 2885 2170 2950 probatur
2190 2885 2253 2937 de
2278 2877 2424 2937 Poen.
2453 2884 2574 2937 dist.
2601 2884 2650 2948 l,
2676 2898 2724 2938 c.

233 3004 521 3056 nastcrium
542 3001 654 3053 sine
681 2998 879 3050 abbatis
907 2993 1110 3048 licentia
1130 3031 1145 3055 ,
1179 2999 1360 3045 contra
1389 2977 1743 3041 auctaritatem

1883 2991 1956 3043 Dc
1979 2991 2270 3054 paenitentia
2295 2991 2661 3054 archidiaconi,
2693 3001 2740 3044 et
2765 2991 2846 3043 cui
2874 2991 3046 3044 debeat
3074 2992 3319 3057 conﬁteri.

229 3101 535 3146 sanctorum
566 3088 774 3139 Patrum
800 3125 814 3149 ,
858 3093 917 3137 ut
952 3082 1200 3150 probatur
1229 3079 1312 3142 16,
1357 3094 1408 3146 q.
1449 3077 1500 3139 1,
1526 3091 1572 3128 c.
1600 3072 1747 3125 'Cum

229 3178 441 3245 quidam
467 3173 718 3228 monachi.
745 3218 754 3227 .
845 3211 860 3234 η

304 3286 597 3352 Septimum
625 3281 805 3334 vitium
831 3287 929 3340 est,
958 3277 1093 3344 quod
1117 3275 1295 3327 volunt
1311 3287 1429 3326 esse
1451 3273 1602 3326 otiosi
1625 3286 1749 3324 con-

239 3388 316 3429 tra
347 3373 704 3427 auctoritatem
739 3377 1031 3421 sanctorum
1071 3364 1312 3424 Patrum;
1362 3361 1480 3428 quia
1516 3361 1750 3413 otiositas

235 3471 290 3514 et
314 3461 549 3527 voluptas
571 3471 714 3508 arma
735 3462 856 3506 sunt
883 3453 1045 3506 hostis
1074 3448 1294 3518 antiqui,
1317 3457 1374 3501 ut
1397 3447 1645 3516 probatur
1664 3461 1745 3499 ex.

237 3550 302 3603 de
335 3549 595 3606 Renunc.,
618 3552 717 3596 etc.

307 3659 562 3715 Octavum
599 3655 790 3708 vitium
819 3659 918 3715 est,
963 3651 1098 3720 quod
1133 3651 1309 3714 volunt
1337 3647 1607 3702 comedere
1637 3661 1751 3699 car-

238 3763 371 3807 nes,
413 3759 530 3799 eum
574 3743 681 3797 sint
723 3742 833 3795 sani
878 3741 988 3793 sine
1030 3740 1199 3806 aliqua
1240 3737 1546 3790 necessitate
1572 3744 1749 3788 contra

240 3833 602 3888 auctoritatem
629 3841 926 3902 sanctorum
947 3827 1178 3897 Patrum,
1195 3825 1510 3892 utprobatur
1533 3823 1594 3873 de
1620 3821 1750 3873 Con-

242 3928 434 3976 secrat.
463 3920 608 3980 dist.,
634 3918 684 3978 5.
713 3933 760 3969 c.
791 3914 1030 3977 Carnem,
1069 3914 1156 3966 ubi
1185 3913 1465 3980 imponitur
1487 3913 1564 3963 eis
1589 3910 1753 3978 poeni-

243 4010 404 4061 tentia
433 4022 523 4059 sex
546 4006 818 4057 mensium.

309 4095 512 4164 Nouum
536 4109 715 4161 vitium
757 4116 836 4160 est
860 4145 874 4169 ,
913 4107 1047 4174 quod
1070 4105 1248 4159 volunt
1277 4105 1386 4158 suis
1410 4105 1564 4157 sociis
1592 4103 1752 4155 domi-

243 4203 380 4265 nari,
410 4199 628 4254 dicendo
645 4213 700 4251 se
729 4196 922 4248 nobiles
948 4203 999 4247 et
1018 4195 1272 4248 litteratos
1291 4233 1304 4253 ,
1335 4194 1471 4258 quod
1494 4193 1638 4243 valde
1668 4207 1750 4243 re.-

2411 3099 2516 3170 (Ex
2542 3112 2656 3166 cap.
2688 3095 2794 3168 1ο.)

1913 3213 1985 3264 De
2011 3211 2314 3278 pmuitentia
2342 3209 2692 3263 archidiaconi
2719 3209 2794 3262 sic
2821 3218 3026 3270 teneas,
3063 3217 3118 3262 et
3156 3209 3221 3262 de
3239 3208 3358 3276 jure

1846 3301 2107 3354 communi
2141 3315 2234 3353 suo
2260 3299 2410 3352 debet
2437 3299 2679 3366 episcopo
2713 3297 2965 3361 conﬁteri,
3007 3313 3126 3351 cum
3159 3299 3266 3366 ipse
3291 3299 3356 3351 sit

1848 3391 2030 3458 major.
2061 3388 2285 3441 Peccant
2311 3387 2659 3440 archidiaconi
2689 3387 2978 3453 specialiter
3005 3387 3056 3438 in
3077 3385 3194 3439 istis
3211 3401 3319 3439 sex.

1913 3479 2116 3541 Primo,
2157 3477 2278 3545 quia
2321 3477 2499 3529 volunt
2531 3475 2700 3529 facere
2735 3475 2975 3530 collectas
3000 3490 3052 3528 in
3088 3477 3355 3544 presbyte-

1850 3584 1934 3621 ros
1966 3576 2144 3620 contra
2170 3566 2530 3618 auctoritatem
2562 3573 2880 3624 sanctorum,
2920 3571 2974 3616 ut
3013 3565 3259 3627 probatur
3292 3565 3360 3616 24

1849 3663 1991 3723 dist.,
2014 3677 2062 3738 (ξ.
2093 3660 2191 3715 ult.

1919 3751 2176 3812 Secundo,
2201 3749 2318 3816 quia
2343 3749 2518 3801 volunt
2544 3744 2734 3802 habere
2753 3746 3023 3814 pecuniam
3051 3744 3130 3799 vel
3150 3759 3355 3798 vaccam

1850 3839 2018 3890 albam
2059 3852 2152 3904 pro
2193 3836 2507 3887 iuvestituris
2545 3831 2909 3892 ecclesiarum,
2953 3832 3032 3884 vel
3077 3831 3356 3883 beneﬁcio-

1852 3941 1989 3987 rum,
2032 3925 2108 3977 vel
2148 3940 2240 3991 pro
2272 3919 2542 3976 abbatibus
2577 3922 2659 3974 vel
2699 3921 2972 3974 abbatissis
3012 3919 3264 3988 ponendis
3306 3921 3357 3971 in

1851 4017 1998 4075 sedc,
2036 4023 2214 4067 contra
2243 4013 2602 4064 auctoritatem
2631 4018 2928 4063 sanctorum
2961 4008 3192 4070 Patrum,
3221 4016 3320 4061 etc.

1919 4100 2116 4162 Tertio,
2139 4098 2274 4168 quod
2305 4112 2422 4152 cum
2450 4096 2898 4151 escommunicant
2925 4094 3126 4160 aliquos
3148 4103 3360 4162 propter

1853 4192 2072 4258 aliquem
2101 4197 2390 4249 excessum,
2418 4183 2598 4238 nolunt
2623 4200 2740 4235 eum
2781 4183 3046 4236 absolvere
3072 4183 3181 4236 sine
3204 4197 3359 4250 pecu-

245 4299 443 4343 motum
470 4295 551 4341 est
591 4302 622 4338 a
663 4283 835 4352 regula
869 4282 1184 4340 monachali,
1235 4287 1289 4333 ut
1311 4280 1557 4345 probatur
1580 4295 1662 4330 ex.
1691 4281 1753 4330 de
1783 4307 1828 4361 υ
1855 4282 1938 4333 nia
1965 4299 1975 4332 :
2009 4288 2061 4332 et
2087 4280 2183 4331 hoc
2212 4277 2548 4330 simoniacam
2593 4283 2692 4335 es',
2724 4281 2779 4324 ut
2807 4273 3053 4339 probatur
3075 4271 3127 4334 l,
3152 4285 3204 4338 q.
3232 4271 3282 4335 1,
3306 4286 3354 4323 c.

243 4380 394 4430 Statu
421 4374 582 4444 regul.
610 4389 657 4426 c.
701 4409 716 4416 ρ

313 4465 578 4518 Decimum
605 4461 786 4512 vitium
809 4467 889 4512 est
907 4498 921 4522 ,
958 4456 1094 4524 quod
1129 4455 1306 4508 volunt
1333 4455 1522 4507 habere
1542 4453 1754 4506 cellulas

245 4560 537 4620 separatas,
555 4557 607 4601 et
626 4548 801 4601 volunt
821 4548 990 4600 facere
1015 4545 1379 4610 abstinentiam
1400 4551 1576 4594 contra
1613 4557 1754 4594 com-

247 4654 458 4700 munem
487 4638 734 4705 regulam,
766 4643 821 4686 ut
843 4636 1089 4702 probatur
1105 4634 1190 4693 20,
1223 4649 1273 4700 q.
1305 4631 1355 4691 4,
1385 4645 1432 4682 c.
1472 4629 1750 4680 Monachis.

314 4727 657 4782 Undecimum
686 4723 863 4775 vitium
888 4729 986 4783 est,
1023 4721 1158 4787 quod
1180 4721 1357 4772 volunt
1381 4717 1570 4769 habere
1600 4730 1754 4783 pecu-

247 4820 396 4880 lium,
421 4817 558 4884 quod
583 4812 723 4866 nullo
746 4810 896 4863 modo
920 4810 995 4861 eis
1023 4810 1159 4862 licet.
1199 4808 1394 4860 Debent
1418 4807 1468 4856 in
1499 4813 1664 4856 morte
1703 4803 1753 4853 in

249 4905 577 4974 sterquilinio
599 4900 828 4968 sepeliri,
853 4908 911 4951 ut
935 4899 1181 4966 probatur
1204 4912 1286 4947 ex.
1312 4895 1374 4945 de
1398 4892 1545 4944 Statu
1571 4892 1752 4958 rcgul.,

248 5013 295 5049 c.
326 4990 579 5044 Nonucht'.
705 4993 709 4997 ’

319 5077 688 5132 Duodecimum
731 5074 911 5124 vitium
954 5081 1052 5133 est,
1087 5071 1222 5138 quod
1261 5078 1339 5121 est
1368 5069 1594 5137 gravius,
1620 5067 1755 5134 quod

253 5163 496 5216 monachi
521 5161 796 5215 detrahunt
817 5171 872 5210 se
897 5158 958 5209 ad
982 5159 1217 5217 invicem,
1243 5165 1298 5207 ut
1319 5155 1515 5222 possint
1535 5155 1718 5206 cadere
1739 5167 1752 5202 :

249 5259 305 5304 ct
329 5250 408 5304 sic
427 5257 550 5302 sunt
569 5248 860 5316 spirituales
886 5245 1167 5298 homicidae.

323 5335 445 5389 [late
467 5349 591 5404 ergo
616 5342 669 5388 et
694 5334 880 5388 similia
905 5332 1091 5384 debent
1114 5331 1348 5382 monachi
1381 5330 1574 5381 evitare
1597 5346 1608 5378 :
1641 5329 1754 5380 etsi

255 5423 305 5476 in
338 5421 419 5474 eis
440 5423 720 5475 ceciderint
757 5421 835 5472 vel
869 5421 918 5473 in
961 5420 1130 5486 aliquo
1157 5418 1556 5485 pncmissorum,
1586 5416 1755 5468 abbati

257 5510 446 5562 debent
469 5507 699 5561 conﬁteri
726 5548 737 5567 ,
787 5507 861 5557 \cl
901 5507 1048 5557 aiirui
1094 5505 1203 5556 loco
1229 5503 1355 5567 eius,
1387 5513 1436 5554 rt
1467 5503 1636 5554 acrius
1661 5502 1754 5554 dc-

1855 4368 2071 4432 Quih‘bct
2099 4383 2233 4433 ergo,
2265 4374 2315 4418 et
2341 4381 2387 4416 c.
2423 4362 2604 4415 Nullus
2625 4363 2895 4430 episcopus.

1920 4458 2134 4522 Quarto,
2186 4451 2304 4523 quia
2352 4453 2579 4504 vendunt
2599 4448 3008 4515 jurisdictioncm
3043 4463 3191 4502 suam
3220 4450 3354 4510 aliis,

1854 4546 1940 4612 qui
1971 4550 2280 4608 extorquent
2321 4539 2590 4606 pecuniam
2631 4553 2658 4588 a
2693 4535 3048 4589 sacerdotibus
3088 4550 3180 4602 per
3225 4535 3358 4602 inju-

1854 4637 1983 4688 riam
2009 4641 2060 4686 et
2080 4631 2424 4685 Simoniacam
2450 4627 2775 4694 pravitatem,
2818 4635 2876 4677 ut
2900 4624 3149 4692 probatur
3167 4638 3250 4676 ex.
3278 4623 3356 4675 Nc

1851 4721 2046 4789 praelati
2067 4721 2192 4772 vices
2215 4733 2352 4776 suas,
2374 4731 2420 4767 c.
2437 4713 2708 4774 Pnrterea,
2731 4721 2784 4764 ct
2805 4727 2851 4765 c.
2872 4711 3014 4764 Cum.

1920 4810 2127 4874 Quinto,
2167 4807 2283 4874 quia
2313 4803 2491 4856 nolunt
2517 4802 2580 4854 ad
2619 4800 2934 4854 diaconalem
2976 4799 3206 4852 ordinem
3237 4814 3354 4868 pro-

1855 4896 2068 4956 moveri,
2091 4904 2266 4947 contra
2294 4891 2569 4944 concilium
2597 4879 2835 4940 Lateran.
2859 4902 2942 4939 ex.
2969 4886 3030 4938 de
3055 4885 3350 4948 Elect.,cte.

1923 4983 2104 5043 Sexto,
2140 4989 2193 5030 et
2219 4977 2340 5029 illud
2384 4975 2639 5028 deformat
2669 4987 2842 5026 eorum
2881 4973 3224 5032 honestatem,
3250 4971 3349 5023 sri-

1854 5072 1973 5124 licet
2023 5067 2156 5135 quod
2213 5081 2330 5118 cum
2388 5061 2699 5124 mulierculis
2759 5069 3129 5112 conversantur
3174 5067 3351 5110 contra

1854 5156 2208 5209 auctoritatem
2260 5159 2554 5203 sanctorum
2598 5149 2807 5200 Palmm
2833 5187 2847 5211 ,
2902 5156 2959 5200 ut
3003 5148 3248 5214 probatur
3287 5148 3343 5200 81

1854 5247 1998 5304 dist.,
2020 5258 2090 5314 \c.
2134 5240 2661 5296 Archidiaconatuum,
2688 5243 2740 5287 et
2762 5250 2809 5288 e.
2837 5231 3062 5308 glorieris
3088 5235 3243 5295 colus,
3265 5234 3353 5286 ubi

1853 5332 2042 5383 dicitur
2069 5327 2203 5394 quod
2233 5327 2327 5378 sub
2351 5330 2596 5392 prmtcxtu
2633 5322 2936 5374 humilitatis
2971 5337 3070 5374 non
3097 5322 3250 5374 debet
3269 5334 3345 5371 ar-

1854 5419 2184 5470 chidiaconus
2213 5417 2535 5480 frequentare
2561 5409 2812 5464 domicilia
2850 5417 3218 5461 matronarum.

1922 5505 1959 5554 Α
1993 5505 2177 5554 talibus
2205 5515 2325 5567 ergo
2359 5507 2409 5550 et
2444 5497 2795 5549 consimilibus
2833 5495 3089 5548 abstinere
3135 5491 3344 5557 debent;
