3926 6216
588 312 715 364 1105

1468 310 1816 365 EXCERPTA
1854 313 1942 364 EX
1981 312 2467 368 PGSNITENTIALI
2501 316 2548 368 J.
2578 317 2661 368 DE
2696 316 2840 369 DEO.
2915 322 2925 330 '

3510 295 3700 369 ’μοι

579 433 633 478 et
654 425 697 478 si
722 425 1065 491 peccaverint,
1097 439 1188 491 per
1225 425 1580 491 ptenitentlam
1611 425 1856 478 humilem
1896 434 1948 476 et
1972 425 2077 476 dis-
2106 427 2156 482 Α
2178 420 2332 476 debet
2352 437 2445 474 suo
2482 424 2735 491 superiori
2758 423 3011 486 conﬁteri,
3040 432 3091 476 et
3118 424 3183 477 ab
3210 423 3295 477 illo
3320 425 3593 493 castigari,
3641 438 3702 478 ut

573 520 772 564 cretam
796 513 983 569 debent
1008 511 1305 565 satisfacere
1324 512 1576 566 Creatori.

843 620 918 673 De
939 620 1248 688 confessione
1269 622 1825 689 orcltipresbyterorum.

1120 730 1235 807 (lix
1258 746 1368 797 cap.
1395 732 1520 798 ll.)

635 835 1215 905 Archipresbyterorum
1259 838 1481 892 ofﬁcium
1522 839 1727 905 duplex,
1772 839 1911 905 quod
1960 849 2079 893 sunt

569 916 1003 991 archipresbyteri
1044 924 1411 979 cathedralium
1458 925 1791 978 ecclesiarum
1829 943 1848 977 τε
1887 934 1937 977 et
1989 926 2075 979 isti

566 1010 756 1063 debent
780 1012 1019 1078 episcopo
1058 1011 1309 1073 conﬁteri,
1354 1011 1642 1077 praesertim
1676 1012 1720 1064 si
1753 1026 1855 1063 non
1883 1012 2075 1065 habent

564 1096 722 1148 alium
751 1097 996 1163 majorem
1020 1111 1177 1164 super
1204 1111 1279 1158 se,
1307 1112 1421 1149 cum
1452 1098 1514 1150 de
1532 1097 1649 1163 jure
1676 1099 1935 1151 communi
1957 1097 2073 1150 fun-

564 1191 750 1247 gantur
791 1184 1017 1250 episcopi
1060 1184 1286 1236 absentis
1310 1184 1421 1235 vice
1461 1183 1514 1235 in
1541 1185 1713 1237 missis
1752 1172 1995 1238 canendis
2022 1194 2072 1237 et

556 1264 615 1321 in
644 1270 872 1323 collectis
905 1271 1152 1347 dicendis,
1181 1279 1238 1323 ut
1274 1272 1521 1338 probatur
1555 1271 1621 1324 25
1659 1272 1802 1334 dist.,
1829 1288 1877 1324 c.
1903 1281 1958 1324 et
1982 1288 2065 1325 ex.

562 1358 625 1411 de
647 1358 821 1413 Ollicio
840 1360 1287 1429 archipresbyteri.
1324 1361 1543 1420 Peccant
1564 1367 1736 1412 autem
1779 1361 2068 1428 specialiter

560 1442 612 1495 in
642 1445 737 1497 hoc
761 1446 896 1511 quod
938 1447 1040 1498 sint
1072 1446 1387 1515 negligentes
1414 1447 1551 1499 circa
1590 1461 1766 1498 curam
1796 1448 2065 1515 presbyte—

562 1545 735 1583 rorum
776 1532 1132 1594 cardinalium,
1164 1541 1221 1585 ut
1256 1533 1392 1585 circa
1439 1533 1769 1599 ptenitentias
1798 1534 2066 1600 imponen-

558 1619 649 1672 clas
696 1628 799 1671 tam
846 1620 1044 1673 clericis
1073 1636 1224 1686 quam
1263 1619 1441 1674 laicis:
1482 1629 1534 1673 et
1560 1629 1618 1673 ut
1643 1622 1707 1674 de
1748 1621 1864 1674 aliis
1892 1629 2062 1675 tacea-

2181 510 2430 578 probatur
2450 525 2533 562 ex.
2564 510 2627 564 de
2652 511 2832 579 Appel.
2855 521 2906 564 et
2933 525 3016 564 ex.
3044 513 3105 566 de
3131 512 3272 564 lure.
3305 513 3358 565 Si
3389 526 3566 566 autem
3588 529 3698 565 non

2180 603 2259 647 est
2284 595 2571 662 religiosus,
2599 597 2752 651 debet
2769 613 2863 651 suo
2887 598 3140 665 superiori
3166 600 3405 651 conﬁteri
3425 600 3508 651 vel
3537 598 3695 652 alteri

2178 682 2241 734 de
2264 680 2373 748 eius
2400 682 2625 737 licentia.
2874 694 2879 697 “
2902 684 2905 685 ⁷

2171 789 2248 843 De
2290 794 2574 860 paenitentia
2609 797 2837 864 magistri
2856 796 3151 929 ﬁfholarum
3185 808 3232 850 et
3271 801 3353 850 cui
3385 800 3524 851 debet
3560 816 3693 853 con-

2916 879 3007 916 ert.

2916 879 3007 916 ert.

2710 971 2824 1041 (Ex
2859 986 2973 1039 cap.
3009 972 3091 1025 14.
3116 973 3134 1042 )

2240 1073 2481 1143 Magister
2505 1076 2799 1131 scholarum
2842 1077 2997 1130 debet
3036 1078 3278 1144 episcopo
3312 1078 3568 1141 conﬁteri,
3594 1080 3685 1132 cui

2166 1161 2459 1214 immediate
2504 1163 2698 1215 subest.
2729 1162 2953 1218 Peccant
2978 1172 3149 1217 autem
3187 1165 3481 1231 specialiter
3514 1166 3564 1218 in
3601 1166 3688 1218 di-

2164 1249 2349 1302 versis.
2398 1249 2572 1303 Primo
2622 1252 2743 1318 quia
2781 1251 3009 1305 vendunt
3054 1252 3289 1306 licentias
3332 1254 3572 1314 docendi,
3624 1263 3688 1306 ut

2162 1336 2411 1403 probatur
2447 1351 2530 1389 ex.
2575 1337 2638 1390 de
2687 1336 2963 1405 Magistris.
2995 1336 3231 1391 Secundo
3255 1340 3376 1405 quia
3418 1341 3683 1407 denegant

2162 1422 2423 1475 licentiam
2448 1423 2635 1490 dignis.
2673 1422 2856 1486 Tales,
2888 1425 2930 1476 si
2959 1424 3153 1477 directe
3180 1423 3397 1476 fuissent
3419 1426 3679 1487 accusati,

2162 1509 2409 1562 deberent
2433 1524 2463 1561 a
2490 1524 2584 1563 suo
2608 1509 2780 1563 oﬁicio
2806 1520 3053 1578 perpetuo
3092 1525 3367 1569 removeri,
3394 1519 3449 1562 ut
3481 1513 3681 1576 proba-

2161 1603 2245 1649 tur
2274 1598 2322 1658 1,
2360 1614 2413 1665 q.
2460 1598 2510 1659 7,
2549 1606 2648 1651 etc.
2671 1590 2893 1651 Peccant
2916 1605 3109 1659 autem,
3159 1606 3212 1651 et
3242 1599 3293 1650 in
3331 1612 3390 1650 eo
3418 1600 3674 1661 graviter,

559 1718 690 1766 mus,
717 1706 835 1771 quia
879 1684 1133 1770 denegant
1163 1706 1437 1771 justitiam,
1473 1714 1524 1758 et
1549 1707 1668 1773 quia
1694 1707 1817 1758 dant
1856 1714 2051 1760 senten-

2159 1685 2293 1751 quod
2320 1686 2475 1738 rudes
2498 1693 2551 1738 et
2587 1686 2752 1754 ignari
2779 1686 3082 1753 permittunt
3123 1688 3179 1738 Se
3206 1687 3267 1737 ad
3300 1684 3399 1737 tale
3439 1684 3679 1739 ofﬁcium

558 1790 654 1841 tias
698 1791 913 1856 pecunia
937 1792 1214 1853 mediante,
1262 1792 1449 1858 quibus
1481 1792 1523 1843 si
1554 1806 1671 1858 spes
1697 1793 1895 1845 nummi
1939 1794 2059 1845 sub-

556 1876 794 1938 trahitur,
831 1878 1003 1932 statim
1043 1879 1286 1933 recedunt
1321 1893 1350 1930 a
1390 1879 1472 1931 via
1497 1878 1727 1944 justitiaa,
1757 1888 1813 1932 ut
1840 1888 2060 1933 testatur

554 1972 761 2015 sanctus
806 1963 1102 2033 Gregorius,
1133 1974 1186 2018 et
1213 1966 1458 2034 probatur
1487 1968 1567 2029 ll,
1598 1984 1649 2035 q.
1675 1970 1726 2022 5.
1757 1969 1906 2022 Tales
1935 1966 2057 2036 ergo

551 2065 794 2105 excessus
820 2063 871 2107 et
895 2054 1206 2117 consimiles,
1237 2056 1281 2108 si
1308 2055 1510 2122 publica
1552 2056 1787 2111 laborant
1826 2058 2051 2119 infamia,

550 2140 735 2193 debent
755 2142 994 2209 episcopo
1019 2142 1277 2204 conﬁteri,
1296 2152 1349 2196 et
1375 2159 1469 2210 per
1490 2158 1609 2197 eum
1632 2161 1658 2196 a
1687 2146 1874 2201 talibus
1900 2149 2057 2200 casti-

548 2228 691 2296 gari;
747 2228 873 2280 alias
903 2230 965 2281 de
992 2228 1198 2282 licentia
1226 2230 1451 2298 episcopi
1491 2242 1707 2298 possunt
1728 2233 1824 2285 sibi
1855 2235 2052 2287 discre-

550 2321 659 2364 tum
689 2308 878 2381 eligere
918 2312 1289 2378 confessorem,
1333 2323 1385 2368 et
1410 2318 1656 2384 probatur
1680 2318 1741 2371 de
1756 2319 1901 2372 Pam.
1929 2322 2049 2374 dist.

547 2398 599 2459 (ἲ,
629 2414 676 2451 e.
705 2399 799 2451 ult.
824 2400 921 2452 Alii
951 2409 1071 2453 sunt
1112 2402 1542 2471 archipresbyteri
1579 2405 1806 2469 rurales,
1843 2406 1930 2472 qui
1957 2406 2052 2458 de-

545 2487 658 2537 cuni
687 2500 715 2538 a
745 2488 1049 2553 quibusdam
1088 2497 1355 2551 vocantur,
1396 2498 1450 2542 et
1482 2491 1789 2558 quandoque
1828 2491 2048 2558 plebani,

544 2579 597 2622 ct
616 2573 921 2638 quandoque
944 2574 1174 2637 abbates,
1219 2576 1339 2628 licet
1359 2577 1653 2645 improprie.
1695 2576 1839 2641 Quod
1864 2593 2050 2632 vocen—

551 2666 637 2710 tur
662 2659 862 2723 decani,
908 2661 1063 2714 habet
1106 2678 1192 2716 ex.
1236 2664 1301 2715 de
1330 2663 1417 2716 off.
1447 2664 1569 2719 0rd.
1617 2664 1761 2729 Quod
1800 2674 2048 2719 vocentur

547 2746 785 2808 abbates,
836 2747 992 2800 liabet
1030 2763 1114 2801 ex.
1165 2750 1229 2803 de
1268 2750 1575 2805 Renunciat.
1611 2752 1756 2815 Quod
1800 2760 2048 2805 vocentur

544 2831 763 2896 plebani,
808 2832 963 2886 habet
989 2850 1071 2887 ex.
1110 2837 1173 2889 de
1200 2835 1287 2889 οη.
1325 2837 1471 2900 Ord.,
1503 2848 1627 2891 etc.
1673 2840 1763 2891 Isti
1788 2840 1916 2893 tales
1954 2840 2046 2909 dc-

545 2916 670 2968 bent
690 2918 931 2985 episcopo
956 2919 1211 2984 conﬁteri,
1240 2929 1292 2974 et
1315 2924 1462 2976 alteri
1489 2925 1551 2977 dc
1569 2925 1774 2979 licentia
1796 2927 2040 2995 episcOpi.

544 3002 765 3056 Peccant
810 3012 982 3059 tamen
1025 3008 1076 3058 in
1120 3008 1216 3063 hoc
1243 3013 1518 3079 prazcipue,
1559 3015 1694 3080 quod
1736 3017 2041 3084 sunt'negli-

543 3095 724 3148 gentes
769 3090 908 3142 circa
956 3095 1327 3161 corrcptionem
1376 3100 1814 3168 presbyterorum,
1865 3105 1952 3170 qui
1989 3104 2040 3155 in

539 3191 633 3230 suo
663 3176 867 3242 plebatu
892 3194 988 3246 per
1011 3182 1236 3236 minores
1260 3185 1436 3238 titulos
1475 3198 1878 3253 commorantur,
1908 3206 2039 3257 quo-

541 3285 655 3321 rum
690 3263 848 3325 vitam
882 3275 935 3327 et
961 3277 1147 3327 statum
1173 3268 1467 3327 debuissent
1491 3275 1728 3343 episcopo
1748 3276 1827 3329 vel
1868 3280 2039 3333 archi—

504 3382 507 3385 »
539 3354 771 3409 rliaconis
799 3359 1058 3424 intimare,
1078 3370 1135 3413 ut
1158 3358 1407 3429 probatur
1430 3372 1514 3411 ex.
1542 3363 1605 3414 de
1632 3362 1729 3416 Oli.
1758 3366 1902 3418 arch.

540 3458 610 3509 De
636 3461 943 3529 confessione
973 3465 1290 3529 tltesaurarit,
1320 3479 1366 3520 et
1398 3468 1661 3522 camentril
1688 3466 1761 3520 vel
1790 3470 2033 3523 sacn’star.

1084 3554 1198 3622 (Ex
1227 3570 1339 3623 cap.
1380 3556 1462 3609 12.
1482 3556 1502 3626 )

605 3652 980 3708 Thesaurarius
1010 3658 1090 3710 vel
1128 3660 1375 3722 sacrista,
1404 3662 1540 3728 quod
1568 3662 1700 3715 idem
1726 3671 1806 3716 est
1841 3665 1892 3717 in
1920 3664 2034 3718 offi-

535 3738 636 3799 cio,
661 3738 998 3794 licetnomina
1026 3744 1129 3796 sint
1149 3744 1368 3809 diversa,
1392 3747 1542 3799 debet
1566 3750 1772 3817 proprio
1790 3752 2032 3819 episcopo

536 3826 785 3888 conﬁteri,
833 3829 912 3881 vel
954 3828 1019 3883 de
1054 3832 1259 3884 licentia
1306 3834 1466 3899 ipsius
1506 3835 1601 3886 sibi
1643 3837 1798 3889 alium
1841 3840 2034 3908 eligere

534 3929 629 3980 pro
666 3916 880 3981 provido
906 3916 1217 3971 confessore.
1268 3918 1489 3973 Peccant
1532 3920 1669 3975 circa
1714 3925 1811 3977 hoc
1841 3928 2033 3991 princi-

536 4003 738 4067 paliter,
779 4005 917 4070 quod
964 4006 1279 4073 negligenter
1323 4017 1566 4061 exercent
1606 4009 1837 4063 ‘ofﬁcium
1883 4028 2031 4066 suum

536 4091 675 4143 circa
718 4094 999 4144 custodiam
1047 4094 1308 4145 sacrorum
1333 4109 1572 4147 vasorum
1601 4099 1679 4150 vel
1702 4102 2035 4155 vestimento-

538 4190 649 4227 rum
675 4176 1160 4245 ecclesiasticorum,
1197 4180 1315 4246 quia
1350 4194 1473 4232 vasa
1511 4181 1588 4234 vel
1624 4184 1926 4253 vestimenta
1959 4187 2034 4241 fa—
2126 4176 2132 4179 ἡ

538 4264 677 4313 ciunt
725 4265 952 4325 tractari,
980 4273 1032 4317 et
1068 4266 1331 4319 inhoneste
1358 4281 1451 4334 per
1485 4268 1623 4321 viros
1646 4269 1804 4323 laicos
1829 4273 1911 4326 vel
1938 4275 2033 4326 mi-

537 4364 691 4402 nores
733 4351 948 4403 clericos
994 4352 1172 4408 contra
1211 4355 1566 4407 auctoritatem
1597 4368 1890 4413 sanctorum
1934 4363 2033 4415 Pa-

2157 1770 2443 1832 sublimari,
2468 1771 2557 1838 qui
2579 1780 2791 1838 pessent
2814 1772 2943 1824 alios
2966 1772 3279 1823 examinare.
3304 1773 3430 1824 ltcm
3455 1776 3675 1839 quando

2154 1868 2273 1910 sunt
2299 1859 2681 1926 conspiratores
2706 1868 2890 1911 contra
2915 1861 3181 1926 episcopos
3207 1872 3326 1913 suos
3381 1869 3437 1913 at
3469 1863 3674 1927 proba-

2154 1954 2241 2021 tur
2265 1960 2349 1998 ex.
2381 1946 2443 1999 de
2478 1945 2678 1999 Caium.
2709 1947 2931 2001 Peccaut
2958 1956 3131 2001 autem
3159 1949 3211 2000 in
3241 1962 3303 2000 ca
3337 1949 3583 2010 amentia,
3614 1951 3673 2002 in

2152 2046 2250 2098 qua
2278 2039 2457 2099 petunt
2492 2032 2728 2087 licentias
2769 2035 2866 2087 sibi
2907 2035 3036 2087 dari.
3083 2035 3234 2087 Tales
3263 2040 3429 2094 enim.
3462 2037 3552 2103 qui
3588 2038 3671 2096 ita

2150 2110 2421 2174 ambitiose
2464 2128 2876 2188 promoventur,
2918 2104 3198 2174 crudeliter
3242 2123 3291 2175 ι’
3315 2122 3517 2179 diabolo
3566 2138 3672 2190 pu-

2149 2208 2374 2259 nientur.
2408 2204 2642 2259 Potentes
2665 2208 2795 2259 enim
2836 2217 3057 2274 potenter
3090 2217 3340 2263 tamen“
3368 2210 3627 2276 patientur
3650 2226 3671 2261 :

2148 2306 2267 2343 nam
2292 2292 2445 2344 debet
2470 2292 2624 2344 homo
2655 2305 2711 2344 se
2734 2292 2901 2344 metiri
2944 2307 3062 2344 cum
3092 2292 3178 2345 illo
3205 2292 3379 2347 afﬁcto
3409 2295 3547 2361 quod
3575 2294 3673 2348 de-

2145 2377 2341 2429 siderat
2378 2377 2610 2444 adipisci,
2645 2386 2697 2430 et
2723 2379 2765 2430 si
2789 2386 2870 2431 est
2905 2378 3136 2442 inferior,
3165 2390 3335 2433 cesset
3360 2396 3374 2432 :
3397 2381 3442 2433 si
3489 2390 3669 2435 autem

2146 2471 2224 2515 est
2246 2464 2477 2530 aequalis,
2511 2479 2627 2517 cum
2650 2466 2834 2518 timore
2870 2466 3099 2518 accedat.
3146 2464 3287 2518 Talia
3323 2475 3519 2534 ergoet
3541 2481 3672 2523 σου·

2145 2552 2351 2616 similia,
2394 2554 2439 2605 si
2463 2567 2618 2621 super
2645 2554 2726 2606 his
2753 2544 2949 2607 laborat
2981 2553 3211 2617 infamia,
3242 2555 3394 2609 debet
3416 2556 3675 2623 episcopo

2102 2664 2106 2669 -
2144 2639 2403 2703 conﬁteri,
2450 2641 2494 2693 si
2542 2640 2653 2693 vult
2698 2641 2920 2704 salvari;
2972 2642 3162 2703 aliter,
3213 2645 3276 2694 de
3329 2641 3549 2694 licentia
3581 2641 3673 2695 sui

2143 2725 2392 2792 episcopi,
2421 2733 2593 2792 potest
2612 2726 2707 2778 sibi
2728 2726 2917 2794 eligere
2936 2727 3205 2792 providum
3231 2726 3605 2781 c0ufessorem.

2262 2829 2337 2883 De
2361 2831 2648 2898 pauitantia
2672 2832 2915 2892 cantoris,
2942 2842 2987 2899 et
3016 2833 3098 2884 cui
3123 2833 3261 2885 debet
3286 2832 3541 2901 conﬁteri.

2691 2938 2805 3008 (Ex
2824 2954 2938 3007 cap.
2964 2938 3095 3007 15.)

2068 3010 2113 3071 ϐ
2206 3046 2398 3099 Cantor
2423 3055 2595 3099 autem
2633 3046 2788 3099 debet
2821 3048 3061 3115 episcopo
3099 3047 3333 3100 conﬁteri
3361 3049 3444 3101 cui
3475 3049 3671 3104 imme-

2138 3134 2275 3186 diate
2303 3135 2534 3187 noscitur
2565 3134 2851 3200 subjacere,
2879 3135 2961 3187 vel
2988 3135 3051 3188 de
3079 3136 3191 3203 ejus
3216 3136 3422 3189 licentia
3444 3136 3545 3190 sibi
3565 3138 3671 3192 eli-

2137 3232 2256 3284 gere
2301 3220 2581 3273 discretum
2613 3221 2982 3275 confessorem.
3028 3222 3215 3276 Peccat
3262 3232 3433 3278 autem
3470 3235 3671 3281 cantor

2135 3303 2428 3370 specialiter
2454 3304 2505 3356 in
2533 3307 2652 3368 hoc,
2692 3314 2749 3358 ut
2773 3308 2835 3360 de
2859 3307 2974 3360 aliis
2995 3316 3281 3371 taceamus,
3310 3312 3435 3378 quia
3468 3314 3665 3381 recipit

2134 3391 2187 3442 in
2214 3391 2373 3444 choro
2400 3393 2656 3459 indignos,
2686 3396 2773 3462 qui
2801 3396 2972 3462 legere
2996 3399 3248 3460 nesciunt,
3293 3414 3389 3453 nec
3412 3410 3655 3465 cantare,

2132 3487 2185 3529 et
2214 3478 2441 3531 refutant
2467 3481 2774 3547 Quandoque
2809 3482 2990 3551 dignos
3016 3501 3026 3534 :
3075 3486 3213 3555 quod
3243 3487 3408 3555 magis
3430 3472 3659 3541 censue-

2134 3567 2307 3620 tudine
2352 3584 2508 3635 quam
2546 3568 2669 3635 jure
2708 3573 2900 3641 poterit
2943 3576 3286 3641 comprobari.
3328 3575 3553 3630 Peccant
3598 3588 3658 3632 et

2128 3661 2343 3720 propter
2368 3654 2503 3705 aliud
2532 3655 2668 3721 quod
2709 3657 3013 3723 quibusdam
3056 3661 3345 3713 concedunt
3384 3662 3448 3715 de
3474 3664 3651 3730 gratia

2130 3739 2457 3807 quotidianus
2486 3742 2647 3805 cibos,
2696 3743 2785 3809 qui
2821 3743 3139 3811 negligenter
3177 3746 3407 3799 ofﬁcium
3449 3749 3657 3805 obeunt

2129 3830 2550 3894 ecclesiasticum,
2575 3842 2632 3885 et
2654 3833 2768 3887 aliis
2792 3828 3137 3897 subtrahunt;
3166 3837 3286 3904 quia
3313 3835 3376 3889 ad
3412 3836 3647 3892 ofﬁcium

2129 3933 2230 3970 non
2252 3927 2533 3985 potuerunt
2549 3923 2817 3975 commode
2848 3922 3119 3976 interesse.

2168 4039 2242 4093 De
2264 4042 2552 4107 panitentia
2577 4045 2952 4108 canonicorum,
2976 4056 3021 4097 et
3046 4046 3129 4098 cu't'
3150 4046 3323 4099 debent
3353 4048 3603 4116 conﬁteri.

2666 4146 2783 4216 (Ex
2818 4163 2933 4217 cap.
2974 4149 3100 4218 16.)

2175 4251 2269 4314 _De
2314 4254 2617 4319 paenitentia
2661 4257 3026 4310 canonicorum
3076 4258 3367 4321 ﬁrmissime
3404 4267 3542 4322 tene,
3585 4272 3644 4316 et

2130 4339 2421 4393 nullatenus
2453 4341 2674 4404 dubites,
2717 4343 2854 4409 quod
2886 4343 2949 4395 de
2982 4342 3103 4408 jure
3141 4346 3399 4398 communi
3427 4346 3647 4401 debuis—

540 4447 674 4487 trum
702 4446 757 4487 ut
778 4440 1025 4503 probatur
1047 4438 1115 4491 ‘25
1150 4439 1290 4501 dist.,
1316 4455 1362 4493 c.
1390 4439 1506 4493 Non
1542 4442 1725 4506 liceat,
1751 4452 1879 4498 etc.
1916 4447 2033 4501 Non
2125 4434 2241 4478 sem
2278 4427 2473 4478 decano
2500 4427 2757 4491 θουθίθτίν
2793 4430 2874 4482 vel
2906 4432 3166 4497 episcopo,
3202 4430 3282 4483 vel
3316 4430 3468 4486 alicui
3500 4448 3643 4502 ΡΨ

538 4534 742 4592 οροιιωι.
790 4524 1011 4578 Peccant
1038 4527 1190 4580 etiam
1217 4530 1352 4582 circa
1373 4528 1643 4583 luminaria
1667 4532 1915 4597 ecclesiae,
1943 4544 2033 4588 aut

2146 4514 2291 4565 posito
2313 4514 2566 4577 ecclesite,
2597 4516 2639 4567 si
2661 4517 2902 4569 sacerdos
2924 4524 3081 4580 esset,
3110 4517 3190 4570 vel
3211 4518 3392 4573 saltem
3420 4520 3643 4585 debuis-

536 4611 672 4663 circa
696 4608 1067 4666 ordinationem
1095 4616 1291 4667 ostiarii
1315 4628 1330 4678 ,'
1354 4623 1408 4668 et
1429 4616 1565 4669 circa
1598 4622 2027 4687 prmparationem
2124 4610 2239 4655 sem
2260 4611 2434 4669 Ρθιθτθ
2463 4604 2527 4655 ab
2554 4605 2796 4673 episcopo
2832 4605 3094 4660 “centiam
3117 4609 3254 4676 q‘md
3278 4610 3478 4677 Ρ⁰⁵³ί¹¹ί
3510 4609 3647 4665 *δί’

537 4697 750 4759 incensi,
801 4705 857 4749 et
878 4699 1017 4751 circa
1046 4714 1220 4751 curam
1259 4702 1564 4767 baptisterii,
1609 4712 1665 4755 ut
1689 4707 1933 4771 probatur
1959 4710 2025 4761 25

2146 4689 2464 4750 :onﬁtcri,vel
2486 4692 2583 4745 sibi
2606 4695 2916 4746 constituere
2932 4694 3221 4762 generalem
3244 4696 3633 4772 penitentiam.

537 4783 653 4833 dist.
681 4796 727 4833 c.
751 4791 848 4835 etc.
879 4784 1021 4836 Talia
1043 4799 1166 4853 ergo
1187 4795 1241 4838 et
1268 4789 1574 4852 consimilia,
1615 4792 1656 4843 si
1687 4791 1922 4846 laborent
1950 4795 2026 4847 in-

2146 4775 2363 4827 ?r:edicti
2402 4778 2635 4830 canonici
2665 4780 2716 4830 in
2758 4780 2871 4833 istis
2903 4789 3172 4848 quatuor,
3202 4790 3259 4834 ut
3294 4781 3359 4835 de
3396 4781 3515 4837 aliis
3550 4792 3633 4838 ta-

538 4868 713 4931 famia,
752 4870 939 4923 debent
964 4873 1202 4942 episcopo
1234 4877 1462 4929 conﬁteri
1490 4896 1501 4929 :
1530 4880 1657 4932 alias
1699 4890 1869 4935 autem
1910 4898 2027 4950 pos-

2146 4874 2357 4922 :camus,
2381 4864 2603 4929 graviter
2624 4864 2909 4918 offendunt.
3426 4868 3427 4871 ’

537 4964 653 5008 sunt
682 4956 743 5009 de
784 4956 894 5023 ejus
925 4960 1137 5020 licentia
1156 4960 1250 5016 sibi
1276 4965 1552 5019 discretum
1597 4969 1789 5036 eligere
1827 4946 2030 5024 confes-
2194 4946 2386 5036 rimo’
2411 4950 2529 5012 qm"
2556 4957 2785 5015 “3me
2810 4952 3132 5035 οθεθδδίίδίίδ
3153 4953 3331 5006 vom"
3355 4947 3421 5007 ad
3448 4966 3631 5009 m

538 5034 720 5096 mrem.
1234 5108 1239 5112 ν
1675 5034 1689 5036 ⁷
2126 5034 2332 5085 ordines
2353 5037 2661 5099 promoveri,
2688 5046 2744 5088 ut
2773 5038 3025 5104 probatur
3045 5040 3108 5091 74
3134 5041 3278 5104 dist.,
3322 5054 3371 5093 c.
3412 5038 3475 5095 Si
3510 5041 3639 5112 qui:

2128 5118 2314 5183 clerici,
2341 5131 2392 5175 et
2418 5138 2464 5174 c.
2508 5123 2725 5175 Placui'.

2196 5206 2432 5261 Secundo
2454 5248 2467 5271 ,
2508 5211 2717 5276 quidam
2749 5226 2924 5264 eorum
2952 5228 3048 5279 per
3082 5213 3415 5273 ambitionem
3447 5231 3634 5273 succo-

2130 5280 2255 5346 dunt
2278 5297 2329 5346 in
2355 5296 2521 5349 locum
2553 5299 2800 5361 viventis;
2829 5308 2881 5351 et
2922 5300 3036 5352 ideo
3060 5290 3310 5366 perpetuo
3345 5312 3473 5355 sunt
3494 5301 3631 5359 iub

2128 5394 2254 5432 mes.
2280 5382 2376 5433 Ex.
2408 5383 2469 5433 de
2491 5382 2782 5444 Prazbendg
2808 5392 2908 5436 etc.

2196 5468 2386 5531 Tertio,
2418 5470 2535 5534 quia
2566 5478 2683 5523 sunt
2712 5461 2858 5524 val'de
2901 5470 3125 5538 delicati,
3162 5479 3215 5525 et
3254 5472 3440 5528 volunt
3461 5472 3679 5529 Oﬁciis

638 5151 709 5203 De
742 5158 1025 5219 paenitentia
1051 5136 1323 5226 prmpositi,
1342 5169 1387 5215 et
1414 5163 1493 5214 cui
1514 5164 1651 5216 debet
1678 5167 1923 5233 conﬁteri.

1073 5266 1188 5331 (Ex
1226 5281 1336 5333 cap.
1372 5268 1497 5337 15.)

604 5356 912 5434 PraepoSit'us
936 5381 1103 5424 autem
1134 5382 1274 5427 recto
1299 5377 1546 5430 vocabulo
1568 5386 1799 5440 vocatur,
1835 5383 1922 5446 qui
1948 5396 2032 5433 su-

544 5467 633 5518 per
658 5455 781 5508 alios
810 5472 982 5512 curam
1009 5460 1155 5527 gerit.
1188 5460 1285 5513 lste
1320 5473 1510 5528 autem,
1552 5464 1593 5517 si
1634 5472 1713 5517 est
1740 5466 2027 5534 religiosus,
