3926 6216
208 424 345 479 ιιοε

1066 421 1417 475 EXCEBPTA
1450 423 1539 475 EX
1575 422 2071 479 PCENITENTIALI
2105 424 2152 478 J.
2193 424 2277 477 DE
2314 424 2462 478 DEO.

3189 436 3318 488 “06

202 530 558 595 frequentare.
582 529 751 593 Quare
772 529 1070 582 debuissent
1092 545 1121 581 a
1147 530 1439 596 praebendis
1467 533 1574 585 suis
1602 546 1717 586 sus-
1746 536 1785 590 Α
1816 542 2097 597 cretorum,
2125 534 2309 591 faciam
2348 550 2532 603 pauca,
2557 543 2611 589 et
2635 539 2855 591 narrabo
2880 544 3101 608 posteris
3124 560 3322 612 prama-

196 619 358 684 pendi
390 644 401 663 ς
420 633 587 686 usque
638 619 703 671 ad
749 618 1158 685 correptionem,
1211 620 1495 674 monitione
1545 629 1715 675 tamen

196 708 495 772 prmmissa,
519 714 575 757 ut
594 706 844 771 probatur
878 719 960 757 ex.
992 705 1055 756 de
1081 704 1216 758 Cler.

266 792 491 857 Quarto,
538 793 656 859 quia
693 791 958 844 cumulant
1005 790 1275 857 pecuniam
1300 794 1364 843 de
1404 791 1715 858 praebendis,

196 869 261 931 et
281 880 797 946 noluntpauperibus
824 878 1032 944 elargiri
1070 886 1249 931 contra
1269 892 1447 931 sacros
1471 892 1715 941 canones,

196 974 255 1016 nt
280 966 533 1031 probatur
557 965 606 1026 7,
656 980 705 1030 q.
756 965 804 1027 Ι,
831 979 879 1017 c.
913 965 1039 1027 ult.;
1071 964 1157 1016 ubi
1197 965 1335 1016 enim
1367 965 1601 1017 canonici
1627 979 1715 1017 ca-

197 1052 457 1105 tliedralis
500 1052 730 1109 ecclesia:
773 1050 908 1103 male
939 1051 1137 1113 vivunt,
1191 1057 1298 1103 tota
1324 1050 1506 1103 civitas
1550 1051 1719 1117 capite

195 1142 447 1192 deorsum
489 1140 677 1207 pendet
734 1156 746 1190 :
802 1146 857 1191 et
908 1144 1046 1192 totus
1095 1146 1262 1189 status
1308 1138 1534 1190 civitatis
1590 1152 1717 1190 con-

196 1227 482 1289 turbatur,
540 1227 827 1295 prtesertim
885 1225 1009 1293 quia
1060 1224 1241 1282 nolunt
1285 1224 1540 1290 superiori
1593 1224 1718 1277 obe-

194 1313 331 1369 dire.
1346 1312 1347 1317 “

266 1399 325 1453 Si
376 1414 498 1468 ergo
551 1400 602 1452 in
630 1400 890 1477 prmdictis
912 1399 990 1451 vel
1019 1400 1069 1451 in
1113 1399 1285 1467 aliquo
1325 1400 1716 1466 prmdictorum,

194 1486 277 1536 vel
327 1487 381 1538 in
412 1487 699 1539 minoribus
726 1486 805 1537 vel
846 1488 896 1538 in
936 1487 1238 1551 majoribus,
1266 1485 1592 1548 offenderint,
1624 1502 1719 1554 per

193 1588 378 1641 veram
396 1574 768 1641 pmnitentia'm,
786 1576 829 1626 si
852 1575 1043 1627 salvari
1065 1575 1257 1635 volunt,
1282 1590 1374 1627 suo
1394 1575 1720 1627 satisfaciant

192 1636 445 1714 dreditori
492 1662 582 1729 qui
631 1636 837 1727 semper
864 1675 1044 1713 eorum
1093 1660 1315 1713 reditum
1342 1669 1629 1727 exspectat,
1662 1671 1720 1716 ut

194 1749 449 1816 probatur
482 1750 549 1802 93
578 1749 723 1810 dist.,
755 1762 802 1800 c.
834 1748 1066 1799 Diacom’.

1814 627 1995 677 venda.

1878 711 2051 765 Primo
2100 722 2150 766 et
2201 716 2559 782 principaliter
2601 730 2818 783 peccant
2878 724 3134 785 advocati,
3194 729 3320 796 quia

1811 796 2054 862 adjuvant
2072 800 2285 854 subdole
2300 803 2668 865 adversarium,
2695 816 2749 860 et
2770 810 3031 879 perdendo
3054 816 3315 882 proprium

1812 882 2112 937 clientulum
2138 904 2149 937 :
2173 896 2228 939 et
2251 888 2380 940 tales
2404 892 2830 955 prmvaricatores
2856 905 2977 948 sunt
3002 906 3053 950 et
3076 896 3315 965 infames,

1813 976 1869 1019 ut
1896 970 2144 1034 probatur
2165 971 2217 1033 2,
2246 988 2298 1039 q.
2324 974 2377 1034 5,
2407 989 2476 1035 c.,
2503 983 2604 1027 etc.

1882 1053 2135 1117 Secundo,
2182 1060 2301 1125 quia
2349 1060 2630 1135 defendunt
2683 1066 2849 1120 malas
2878 1084 3062 1122 causas
3092 1072 3322 1126 scienter

1811 1152 1993 1194 contra
2040 1147 2405 1199 auctoritatem
2446 1160 2744 1204 sanctorum
2776 1154 3002 1217 Patrum,
3041 1166 3097 1209 ut
3133 1161 3323 1226 proba-

1814 1236 1895 1279 tur
1917 1229 2001 1292 tt,
2026 1246 2077 1298 q.
2110 1232 2161 1284 3.

1878 1315 2073 1379 Tertio,
2102 1321 2223 1386 quia
2269 1322 2365 1374 sub
2388 1325 2556 1391 specie
2599 1327 2810 1391 pietatis
2841 1329 3059 1393 palliant
3083 1333 3336 1399 impieta-x

1813 1410 1934 1464 tem,
1960 1406 2323 1483 protrahentes
2356 1424 2539 1466 causas
2565 1412 2790 1465 elicutuli
2821 1416 2919 1467 sui.

1879 1489 2076 1553 Quarto
2120 1502 2356 1559 peccant,
2405 1497 2524 1560 quia
2552 1498 2637 1550 ubi
2672 1514 2770 1551 non
2801 1509 2921 1552 sunt
2948 1502 3034 1554 alii
3061 1505 3321 1570 advocati,

1814 1576 2068 1642 recipiunt
2090 1592 2330 1644 magnum
2357 1581 2603 1635 salarium
2645 1600 2762 1637 cum
2805 1589 2948 1653 gravi
2988 1590 3177 1645 damno
3220 1593 3325 1646 liti-

1812 1663 2010 1728 gatoris
2041 1681 2053 1715 ;
2080 1677 2294 1732 propter
2336 1671 2476 1735 quod
2531 1670 2831 1725 debuissent
2874 1676 2939 1726 ab
2985 1678 3324 1733 advocatione

1812 1763 2086 1802 removeri.

196 1855 269 1907 De
296 1857 589 1925 pauitantia
615 1854 876 1906 domorum
898 1854 1343 1931 etﬁmagistrorum,
1367 1861 1413 1904 et
1438 1854 1520 1909 cui
1539 1853 1714 1906 debent

1882 1833 2072 1898 Quinto
2124 1849 2359 1905 peccant,
2389 1843 2508 1908 quia
2530 1857 2645 1895 cum
2685 1847 3075 1913 nesciuntjura',
3128 1853 3326 1922 vitupe-

837 1921 1082 1987 conﬁteri.

773 2011 869 2079 (Ex
896 2025 1009 2076 cap.
1042 2009 1148 2077 ιτ.)

260 2099 511 2153 Doctores
556 2113 696 2159 vero,
726 2099 768 2151 si
799 2105 917 2150 sunt
946 2096 1204 2164 inquilini,
1244 2096 1433 2148 debent
1459 2096 1713 2162 paeniten-

194 2188 321 2239 tiam
351 2200 501 2254 agere
523 2201 698 2239 coram
726 2185 1014 2247 sacerdote,
1038 2186 1089 2237 in
1119 2182 1267 2249 cujus
1292 2184 1539 2251 parochia
1567 2184 1715 2235 habi-

196 2285 325 2337 tant,
365 2276 444 2329 vel
477 2275 541 2328 de
584 2291 676 2329 sua
714 2274 921 2334 licentia
961 2273 1156 2341 eligant
1178 2272 1279 2324 sibi
1322 2268 1709 2325 confessorem:

194 2367 237 2419 si
267 2376 443 2418 autem
467 2373 588 2417 sunt
627 2374 941 2424 castrenses,
972 2364 1156 2416 debent
1185 2360 1420 2414 confiteri
1451 2376 1545 2414 suo
1581 2376 1714 2427 pra:-

194 2455 322 2515 lato,
348 2456 399 2506 in
428 2454 573 2520 cujus
596 2452 843 2520 paroebia
864 2441 1120 2513 habitant,
1140 2450 1222 2501 vel
1248 2450 1400 2501 alicui
1430 2450 1542 2503 loco
1569 2448 1710 2515 ejus;

194 2557 314 2594 cum
362 2540 493 2593 alius
520 2554 637 2592 eum
685 2553 787 2591 non
838 2538 1002 2606 possit
1038 2536 1258 2596 solvere,
1304 2550 1400 2587 nec
1446 2534 1627 2603 ligare,
1658 2544 1715 2587 ut

194 2631 445 2700 probatur
473 2628 524 2691 8,
555 2629 607 2690 2,
657 2643 701 2680 c.
734 2628 788 2690 1,
818 2627 851 2679 2
879 2634 933 2679 et
968 2627 1017 2678 5.
1051 2624 1159 2678 lloc
1208 2632 1376 2676 autzm
1427 2624 1717 2677 subiutelli-

191 2734 306 2789 gas.
352 2720 473 2787 quia
505 2719 740 2786 superior
766 2720 974 2785 semper
1006 2724 1176 2784 potest
1216 2714 1506 2777 absolvere,
1568 2714 1716 2784 cujus

192 2808 477 2860 auctoritas
529 2815 743 2873 excepta
791 2806 1113 2873 inteUigitur.
1166 2804 1418 2856 Doctores
1464 2810 1638 2855 autem
1662 2810 1715 2855 et

191 2899 450 2967 praecipue
499 2897 825 2949 decretorum
876 2895 927 2945 in
958 2892 1136 2946 multis
1164 2891 1439 2948 Dominum
1486 2890 1715 2958 graviter

194 2984 480 3041 offendunt.

255 3072 453 3133 Primo,
480 3072 603 3140 quia
628 3085 730 3123 non
756 3078 877 3123 sunt
897 3069 1037 3137 digni
1063 3068 1387 3148 magisterio,
1428 3074 1482 3120 et
1512 3066 1711 3119 faciunt

1812 1930 1932 1973 rant
1954 1923 2230 1976 advocatos
2263 1926 2494 2005 adversae
2521 1932 2704 1994 partis,
2735 1944 2790 1983 ut
2838 1934 3086 1999 probatur
3110 1939 3162 1998 5,
3192 1954 3243 2005 q.
3273 1940 3335 2000 7.,

1880 2009 2039 2073 Sexto
2069 1999 2317 2087 peccant,
2347 2020 2399 2065 et
2445 2022 2689 2081 tanquam
2721 2018 2992 2072 homicidae
3017 2031 3154 2085 sunt,
3202 1999 3339 2081 cum.

1812 2096 2008 2150 faciunt
2025 2099 2297 2152 elientulos
2321 2115 2443 2154 suos
2459 2110 2511 2152 et
2530 2110 2688 2156 testes
2715 2091 2905 2172 ﬂagitia
2934 2107 3107 2162 dicere
3146 2118 3341 2165 contra

1812 2185 2084 2238 adversam
2114 2202 2176 2253 pa
2185 2196 2335 2240 rtem.
2596 2243 2601 2247 ,

1878 2273 1982 2327 lsta
2011 2284 2130 2327 sunt
2159 2278 2462 2343 principalia
2492 2292 2609 2344 qum
2636 2278 2905 2333 confessor
2946 2282 3012 2333 ab
3055 2284 3131 2335 eis
3160 2284 3328 2351 inqui-

1815 2377 1927 2415 rere
1954 2363 2125 2416 debet.
2159 2364 2215 2416 Si
2249 2379 2373 2433 ergo
2410 2366 2644 2418 advocati
2672 2366 2856 2417 salvari
2885 2368 3082 2430 volunt,
3122 2371 3329 2425 satisfa-

1813 2452 1955 2503 ciant
1992 2451 2092 2503 illis
2121 2467 2252 2520 quos
2279 2452 2543 2514 laeserunt,
2570 2462 2621 2505 et
2646 2468 2738 2521 per
2760 2455 3120 2521 paenitentiam
3151 2472 3327 2511 veram

1813 2556 1907 2594 suo
1931 2541 2256 2593 satisfaciant
2280 2541 2534 2595 Creatori.

1883 2632 1954 2683 De
1978 2632 2263 2699 pmuiteutiu
2277 2632 2625 2699 jum’consulti,
2648 2644 2693 2687 et
2720 2636 2800 2685 c’ui
2838 2634 2977 2687 debet
3009 2637 3259 2704 conﬁteri,

2386 2718 2482 2787 (Ex
2507 2734 2620 2785 cap.
2654 2720 2761 2785 19.)

1878 2802 2287 2856 Jurisconsnltus
2304 2809 2381 2855 est
2427 2802 2512 2855 ille
2549 2802 2636 2869 qui
2680 2804 2831 2856 solvit
2859 2790 3175 2871 quaestiones
3206 2823 3330 2874 pro-

1810 2894 2006 2960 positas
2032 2893 2096 2945 de
2115 2892 2534 2965 jurisconsultis..
2564 2893 2637 2945 lta
2678 2901 2812 2956 tene,
2839 2896 2975 2961 quod
3005 2895 3141 2948 idem
3191 2894 3326 2962 juris

1811 2987 1909 3039 est,
1936 2979 2071 3031 sicut
2102 2980 2165 3032 de
2194 2982 2476 3042 advocatis,
2513 2982 2713 3034 scilicet
2762 2983 2977 3035 reddere
3019 2984 3185 3037 aliena
3215 3001 3329 3053 quzr.

1811 3080 2083 3135 perperam
2118 3067 2291 3134 adepti
2338 3077 2477 3130 sunt,
2515 3076 2567 3120 et
2610 3069 2845 3121 confiteri
2895 3073 3106 3139 proprio
3160 3088 3332 3127 sacer-

193 3175 249 3213 se
305 3176 399 3229 per
439 3162 710 3230 pecuniam
749 3160 830 3213 vel
868 3175 963 3227 per
986 3142 1170 3225 preces
1202 3157 1457 3214 sordidas,
1504 3156 1585 3208 vel
1617 3171 1711 3223 per
1738 3134 1780 3195 θ
1813 3155 1938 3216 doti,
1967 3163 2018 3208 et
2054 3170 2146 3221 per
2169 3155 2281 3221 ejus
2306 3157 2581 3229 consilium
2606 3171 2698 3209 suo
2718 3134 3019 3211 satisfacere
3063 3158 3321 3211 Creatori.

192 3248 518 3320 fraudulenta
570 3247 912 3309 munuscula,
953 3246 1034 3299 vel
1086 3246 1237 3298 aliter
1286 3244 1596 3298 inconcinne
1648 3243 1712 3295 ad

196 3337 551 3405 magisterium
588 3336 902 3405 promoveri.

261 3423 522 3488 Secundo,
568 3424 689 3491 quia
728 3422 1017 3491 despiciunt
1065 3421 1301 3474 subditos
1352 3419 1441 3489 qui
1497 3427 1618 3470 sunt
1662 3418 1712 3469 in

193 3513 474 3568 cathedris.
504 3512 657 3565 Tales
691 3510 931 3577 injuriam
953 3509 1151 3561 faciunt
1175 3508 1457 3569 cathedrae,
1488 3521 1551 3559 eo
1576 3505 1715 3572 quod

194 3603 330 3655 male
378 3603 561 3656 sedent
605 3614 761 3668 super
814 3599 1119 3654 cathedram
1176 3598 1425 3665 tanquam
1478 3598 1715 3665 Dagones

192 3707 349 3760 super
367 3707 539 3746 arcam
559 3691 782 3745 Domini.
816 3688 962 3744 Unde
989 3688 1139 3745 multi
1159 3686 1474 3749 sacerdotes,
1492 3693 1544 3739 et
1563 3685 1715 3753 pauci

194 3781 510 3836 sacerdotes.

260 3871 461 3933 Tertio,
489 3869 611 3937 quia
656 3875 995 3923 contemnunt
1028 3865 1217 3919 idiotas
1242 3865 1376 3917 bene
1420 3862 1717 3928 morigena-

1812 3242 1888 3293 De
1917 3245 2203 3309 pwnitcntia
2224 3245 2625 3312 presbyterorum
2655 3246 2805 3298 ettcni
2833 3246 3043 3298 debeant
3076 3248 3324 3315 conﬁteri.

2381 3331 2478 3398 (Ex
2509 3346 2624 3398 cap.
2657 3331 2767 3402 ‘20.)

1881 3417 2027 3471 Licet
2069 3420 2306 3486 superius
2333 3420 2397 3472 de
2441 3420 2746 3485 pmnitentia
2786 3421 3209 3488 presbyterorum
3256 3422 3333 3474 di-

1813 3517 1953 3560 ctum
1989 3508 2074 3568 sit,
2103 3516 2273 3562 tamen
2302 3508 2539 3574 quzedam
2564 3518 2924 3560 remanserunt
2949 3526 3064 3575 qua:
3090 3511 3187 3563 sub
3214 3511 3332 3563 bre-
3354 3556 3357 3557 ,

1812 3596 2038 3663 viloqnio
2095 3594 2362 3647 intimabo.
2420 3594 2701 3664 Presbyter
2741 3610 2835 3648 suo
2879 3596 3032 3649 debet
3094 3596 3335 3650 conﬁteri

1812 3688 2084 3755 superiori,
2138 3696 2193 3740 et
2234 3685 2530 3739 sacerdotes
2575 3685 2803 3739 minores
2845 3685 2940 3738 sub
2979 3684 3209 3753 praelato,
3250 3688 3334 3740 vel

1814 3776 1913 3829 sibi
1958 3776 2178 3828 invicem
2211 3776 2274 3827 de
2308 3774 2519 3826 licentia
2545 3773 2745 3841 praelati
2775 3773 3089 3825 confitentur
3128 3775 3331 3840 episco-

1812 3877 1898 3930 po,
1923 3863 1966 3916 si
1995 3862 2187 3923 volunt.
2228 3861 2292 3914 Et
2340 3861 2462 3914 licet
2497 3854 2642 3913 tanta
2665 3860 2735 3913 sit
2759 3860 2954 3914 malitia
3000 3860 3330 3923 clericorum.

195 3965 292 4021 tos,
314 3959 404 4026 qui
431 3958 597 4026 magis
618 3956 857 4023 abiurare
876 3955 1150 4008 voluerunt
1171 3952 1297 4004 vitia
1318 3964 1540 4012 morum,
1560 3963 1731 4017 quam
1812 3952 2103 4020 pragscrtim
2140 3951 2579 4019 presbyterorum,
2605 3964 2720 4017 qua:
2752 3949 2839 4001 vix
2870 3956 3044 4016 posset
3101 3951 3195 4001 sub
3238 3965 3334 4002 nu-

194 4048 493 4111 verborum,
518 4054 577 4099 ut
601 4046 669 4099 59
714 4046 835 4099 dist.
868 4058 915 4099 e.
949 4040 1129 4095 sedulo
1173 4039 1471 4091 immiscent
1513 4052 1571 4089 se
1600 4035 1730 4104 qui--

194 4136 410 4188 busdam
436 4134 809 4203 quaestionibus
847 4140 901 4185 et
938 4130 1317 4184 subtilitatibus
1346 4134 1402 4179 ut
1437 4125 1716 4177 videantur

193 4225 355 4278 multa
407 4226 563 4287 scire,
610 4232 665 4279 et
712 4224 783 4279 ita
834 4236 957 4275 suos
1001 4218 1329 4273 confundunt
1358 4214 1623 4267 auditores
1651 4214 1717 4263 ad

196 4331 341 4369 suam
393 4315 819 4377 ostentationem,
884 4327 987 4365 non
1043 4310 1107 4363 ad
1160 4301 1537 4374 discipulorum
1571 4301 1716 4355 utili—

196 4414 378 4458 tatem.

1815 4054 1961 4092 mero
1996 4037 2385 4106 comprehendi,
2418 4052 2582 4104 pauca
2626 4045 2797 4089 tamen
2824 4037 2946 4089 vitia
2977 4037 3073 4089 sub
3110 4038 3334 4091 brevilo-

1816 4127 2029 4195 quiead
2072 4141 2251 4180 eorum
2282 4127 2661 4194 correptionem
2690 4134 2741 4180 et
2760 4128 3019 4181 cautelam
3048 4129 3114 4181 ad
3138 4143 3335 4182 memo—

1817 4222 1948 4273 riam
1974 4221 2419 4289 perstringamus.

1883 4310 2058 4363 Primo
2087 4310 2135 4361 in
2163 4310 2263 4362 hoc
2287 4314 2522 4376 peccant,
2545 4306 2666 4374 quia
2689 4307 2995 4374 permittunt
3012 4321 3068 4359 se
3094 4305 3335 4374 indignos

1817 4398 1881 4451 ad
1907 4398 2258 4451 ecclesiastica
2286 4395 2453 4450 ollicia
2482 4394 2778 4463 promoveri
2808 4402 2988 4447 contra
3015 4393 3333 4446 ecclesiasti-

260 4495 483 4559 Quarto,
527 4492 649 4562 quia
672 4492 861 4545 docent
890 4491 939 4543 in
967 4487 1229 4542 cathedris
1266 4500 1327 4539 ea
1355 4498 1469 4553 qua:
1506 4480 1717 4549 placere
1746 4461 1791 4520 θ
1818 4499 1908 4539 cos
1926 4500 2173 4539 canones.
2484 4461 2498 4463 ἡ
3104 4534 3105 4537 η

194 4590 410 4653 possunt
437 4601 449 4635 :
482 4591 537 4636 et
566 4582 647 4635 isti
677 4587 800 4634 sunt
839 4580 1081 4633 doetores
1109 4578 1174 4629 de
1205 4568 1551 4643 quibusdicit
1592 4582 1718 4621 con-

195 4672 370 4726 cilium
411 4670 1041 4739 Constantinopolitanum
1084 4685 1096 4718 :
1149 4665 1400 4718 Malorum
1442 4660 1718 4714 doctorum

197 4762 331 4819 mala
368 4760 606 4814 doctrina
626 4766 725 4812 est.
758 4760 895 4826 l,tq.
937 4758 987 4820 7,
1019 4772 1065 4809 c.
1102 4750 1541 4808 Convenientibus.

260 4850 475 4915 Quinto,
500 4849 619 4916 quia
648 4862 767 4902 cum
809 4848 906 4914 ipsi
952 4845 1086 4898 male
1116 4845 1318 4903 vivunt,
1369 4840 1489 4891 talia
1516 4844 1521 4847 '
1544 4851 1718 4902 repre-

198 4939 424 4995 hendere
448 4938 642 4992 audent
666 4947 849 4992 contra
878 4932 1243 4990 auctoritatem
1282 4937 1580 4985 sanctorum
1620 4926 1720 4979 Pa-

199 5039 356 5091 trum,
377 5037 483 5085 etc.
1043 5063 1049 5069 -

199 5116 269 5170 De
291 5110 605 5182 confessione
624 5116 1003 5177 advocatorum,
1027 5124 1073 5165 et
1113 5112 1196 5163 cui
1244 5107 1421 5161 debent
1469 5102 1716 5168 conﬁteri.

780 5204 876 5275 (Ex
898 5218 1011 5271 cap.
1033 5199 1141 5268 18.)

267 5300 515 5355 Advocati
565 5297 755 5351 debent
790 5292 1027 5345 confiteri
1078 5289 1291 5359 proprio
1330 5287 1609 5349 sacerdoti,
1640 5286 1727 5343 vel

201 5389 350 5443 alten‘
377 5384 667 5443 discretiori
694 5382 758 5435 de
785 5380 993 5435 licentia
1040 5375 1325 5431 sacerdotis
1362 5373 1556 5445 proprii
1585 5392 1596 5422 :
1629 5372 1722 5425 ali-

206 5488 283 5531 ter
312 5476 510 5529 absolvi
535 5488 633 5526 non
663 5471 856 5540 poterit
882 5470 947 5521 ab
985 5467 1088 5520 alio
1126 5465 1207 5518 vel
1248 5464 1417 5533 ligari.
1450 5463 1559 5516 Hoc
1584 5469 1722 5515 esset

188 5566 557 5620 'diﬂicillimum
584 5575 799 5615 narrare
836 5574 1018 5612 omnes
1041 5570 1291 5610 excessus
1316 5554 1717 5611 advocatorum;

208 5672 375 5713 tamen
428 5673 524 5726 ego
573 5654 797 5726 Joanuep
843 5654 903 5705 de
957 5653 1086 5713 Deo,
1138 5649 1381 5717 antiquus
1419 5647 1599 5700 doctor
1628 5646 1723 5697 De-

1887 4575 2141 4636 Secundo,
2168 4573 2285 4639 quia
2311 4577 2682 4639 promoventur
2717 4569 3026 4636 quandoque
3055 4582 3148 4636 per
3176 4570 3335 4623 simo-

1817 4664 2020 4719 niacam
2050 4661 2378 4729 pravitatem.

1886 4751 2082 4813 Tertio,
2121 4749 2239 4817 quia
2274 4748 2422 4801 valde
2452 4744 2836 4798 incontinenter
2862 4744 3061 4796 vivunt.

1887 4838 2101 4903 Quarto,
2128 4836 2248 4903 quia
2277 4834 2570 4887 immiscent
2602 4846 2658 4885 se
2686 4829 2995 4898 spectaculis
3037 4837 3090 4882 et
3131 4828 3334 4898 pompis

1820 4931 2112 4991 mulierum,
2142 4936 2194 4981 et
2214 4925 2469 4993 recipiunt
2492 4936 2710 4975 munera
2739 4928 2793 4974 et
2815 4918 3120 4984 incumbunt
3140 4918 3347 4977 usuris,

1820 5026 1872 5071 et
1892 5017 2006 5085 plus
2038 5016 2255 5084 diligunt
2278 5026 2458 5094 comas
2482 5010 2732 5063 laicorum
2758 5022 2910 5075 quam
2936 5006 3157 5058 coronas
3185 5002 3335 5057 cleri-

1820 5122 2021 5168 corum,
2043 5114 2097 5158 et
2122 5093 2416 5157 immiscent
2449 5117 2505 5155 se
2552 5098 2977 5159 mercationibus,
3007 5105 3058 5148 et
3095 5093 3335 5161 frequen-

1823 5202 1932 5247 tant
1953 5192 2211 5247 domicilia
2233 5191 2504 5244 mulierum
2524 5188 2817 5249 viduarum,
2844 5194 2896 5239 et
2918 5185 3111 5237 habent
3129 5196 3336 5250 quoque

1821 5283 1954 5350 apud
1983 5296 2039 5334 se
2061 5267 2306 5334 mulieres
2325 5294 2353 5330 a
2378 5275 2664 5331 eanonibus
2684 5273 3006 5333 interdictas,
3027 5278 3082 5323 et
3096 5268 3337 5337 frequen-

1823 5380 1933 5423 tant
1961 5371 2224 5432 tabernas,
2272 5376 2324 5421 et
2367 5366 2516 5419 ludos
2553 5362 2852 5417 taxillorum
2898 5366 2951 5411 et
2995 5358 3241 5417 alearnm,
3283 5362 3337 5407 et

1821 5462 2004 5514 nolunt
2055 5460 2230 5512 divina
2278 5456 2445 5510 ofﬁcia
2486 5452 2833 5521 frequentare,
2861 5457 2917 5505 et.
2937 5448 3153 5516 diligunt
3176 5458 3339 5498 vena-

1823 5553 1991 5603 tiones
2018 5549 2277 5603 silvaticas
2302 5554 2354 5599 et
2381 5546 2656 5603 saltuosas,
2689 5549 2742 5595 et
2778 5540 2904 5594 dant
2945 5535 3155 5590 liberius
3173 5548 3337 5589 vena-

1823 5639 2041 5699 toribus,
2071 5636 2451 5720 meretricibus,
2476 5634 2555 5687 vel
2577 5628 2951 5698 joculatoribns
2976 5640 3129 5694 quam
3151 5634 3340 5693 paupe-
