3926 6216
643 400 774 452 mn
857 371 862 398 ⁷

1693 394 1781 446 AD
1816 389 2344 446 PGJNITENTIALE
2383 386 2718 441 TIIEODCRI

3633 388 3740 446 I108

640 511 784 564 ribus
810 509 874 562 de
891 507 1205 576 patrimonio
1240 504 1486 558 Cruciﬁxi
1513 504 1563 554 in
1595 502 1827 569 periculo
1859 501 2152 553 animarum
2181 506 2226 560 Α
2253 496 2473 560 Christi,-
2497 508 2549 548 et
2575 496 2858 549 secundum
2890 494 3120 563 regulam
3147 495 3324 548 Jacobi
3353 493 3572 561 apostoli
3597 495 3743 547 dicen-

494 639 500 646 .
575 623 579 626 ~
635 611 873 656 suarum,
918 602 971 646 et
1002 595 1057 644 in
1103 590 1344 644 seandalo
1373 589 1734 657 plurimorum,
1765 595 1948 642 contra
1985 585 2152 639 eccle-

637 685 876 738 siasticas
903 681 1216 735 sanctiones.

702 773 914 839 Quinto,
940 771 1059 838 quia
1086 769 1279 836 praelati
1322 769 1549 820 invident
1578 767 1823 829 subditis,
1869 775 1924 818 et
1960 765 2151 818 subditi

635 858 883 925 praelato,
952 871 1070 908 cum
1130 855 1432 907 debuissent
1487 869 1543 907 se
1608 855 1828 907 invicem
1901 853 2200 921 diligere,‘

635 955 692 999 ut
719 949 853 1000 inter
893 945 1134 1014 prtelatos
1189 953 1240 996 et
1276 943 1512 996 sub-litos
1563 944 1712 996 fieret
1754 943 2152 1010 comprehensio

633 1035 929 1088 cbaritatis.

700 1123 881 1190 sexto,
909 1123 1031 1190 quia
1061 1122 1218 1173 multa
1247 1121 1369 1171 vitia
1394 1120 1608 1186 palliant
1631 1119 1727 1172 sub
1769 1120 1943 1187 specie
1989 1119 2152 1170 virtu-
2219 1176 2222 1180 η

631 1211 716 1265 tis.
755 1211 885 1262 Nam
927 1225 1044 1263 cum
1072 1210 1177 1262 sint
1218 1209 1377 1267 avari,
1425 1207 1604 1261 volunt
1631 1208 1796 1260 videri
1842 1207 2148 1275 temperati;

627 1308 680 1352 et
714 1314 830 1353 cum
861 1299 964 1351 sint
989 1297 1242 1357 crudeles,
1271 1297 1449 1348 volunt
1472 1296 1635 1347 videri
1658 1295 2056 1362 compatientes.

694 1386 945 1456 Septimo,
967 1387 1086 1453 quia
1111 1386 1205 1452 ipsi
1243 1378 1688 1437 subditi'invicem
1714 1397 1770 1434 se
1794 1388 2108 1434 consumunt
2135 1399 2146 1431 :

625 1483 680 1526 et
700 1474 814 1526 ideo
841 1473 1115 1525 homicida:
1147 1479 1287 1534 sunt,
1317 1479 1368 1522 et
1393 1471 1678 1522 deteriores
1701 1469 2009 1521 latronibus.

696 1559 915 1624 Octavo,
940 1559 1062 1625 quia
1089 1558 1238 1611 Valde
1258 1567 1379 1610 sunt
1406 1558 1784 1620 inconstantes,
1826 1555 2150 1625 profcrentes

628 1647 782 1699 verba
808 1647 1081 1699 inhonesta
1114 1654 1167 1697 et
1193 1645 1415 1697 inutilia.

691 1733 856 1794 Nono,
908 1733 1031 1800 quia
1078 1742 1298 1800 peccant
1346 1733 1396 1783 in
1427 1733 1731 1794 sacrificiis,
1761 1747 1879 1784 cum
1925 1731 2150 1784 oﬂ‘crunt

2249 584 2356 638 tis:
2386 582 2706 649 Con/itemini
2748 581 3047 634 alterutrum
3083 592 3290 649 peccata
3334 590 3518 640 vestra,
3560 589 3602 630 et
3629 596 3743 635 orate

2247 687 2338 739 pro
2368 670 2596 730 invicem,
2624 674 2678 721 'ut
2702 667 2980 722 saloemini.

2252 779 2430 832 Utrum
2444 783 2597 848 possit
2613 779 2870 847 presbyter
2885 781 3100 848 recipere
3113 778 3397 848 pecuniam,
3415 775 3489 848 uel
3505 776 3742 848 aliutlouu,

2357 844 2452 916 pro
2477 844 2642 900 missis
2671 844 2958 908 can—tortilis,
2983 844 3028 898 et
3056 844 3148 913 pro
3174 846 3290 898 aliis
3327 844 3653 896 orationibus.

2827 935 2926 1002 (Ex
2953 948 3065 1000 cap.
3095 931 3206 1000 2'2.)

2318 1023 2534 1077 Videtur
2579 1023 2716 1090 quod
2747 1022 2995 1074 sacerdos
3025 1036 3127 1073 non
3157 1019 3322 1087 possit
3354 1019 3584 1085 recipere
3617 1032 3744 1084 pecu-

2249 1113 2387 1164 niam
2406 1126 2502 1178 pro
2522 1111 2694 1163 missis
2721 1110 3010 1166 cantandis,
3056 1123 3184 1174 quas
3213 1107 3485 1174 ptenitcnti
3510 1107 3742 1171 imposuit.

2248 1199 2336 1252 Ille
2363 1201 2500 1251 enim
2524 1200 2656 1252 bene
2685 1198 2885 1251 sciebat
2919 1198 3056 1266 quod
3088 1197 3250 1250 laicus
3294 1213 3396 1249 non
3430 1204 3627 1263 poterat
3645 1211 3746 1249 can-

2248 1293 2360 1337 tare
2389 1285 2602 1336 missam
2637 1302 2648 1336 :
2689 1292 2741 1337 et
2764 1284 2879 1335 ideo
2917 1270 3323 1349 praesumeretur
3360 1284 3496 1349 quod
3533 1285 3746 1336 sacerdos

2250 1373 2301 1424 in
2327 1372 2508 1424 fraude
2545 1371 2763 1424 canorus
2801 1371 2904 1422 tale
2953 1386 3086 1423 onus
3115 1371 3467 1438 imposuisset,
3507 1379 3561 1421 ut
3594 1381 3743 1436 postea

2248 1469 2457 1527 recepta
2491 1457 2710 1527 pecunia
2741 1475 2859 1512 eum
2907 1459 2974 1510 ab
3009 1459 3095 1511 illo
3142 1474 3304 1512 onere
3347 1459 3608 1511 relevaret.
3658 1459 3746 1512 lloc

2245 1561 2368 1622 ergo
2403 1564 2519 1602 eum
2546 1550 2613 1601 sit
2638 1548 2838 1614 species
2859 1548 2997 1610 nulli,
3030 1532 3145 1600 ideo
3170 1547 3452 1599 secundum
3473 1545 3744 1612 Apostoluai

2246 1634 2511 1686 vitandum
2537 1643 2635 1706 est.
2679 1634 2840 1689 Debet
2862 1648 2985 1702 ergo
3013 1634 3261 1687 sacerdos
3283 1635 3332 1686 ei
3365 1634 3516 1702 aliam
3549 1635 3746 1687 indicere

2247 1723 2630 1791 paenitentiam,
2662 1731 2761 1776 etc.

623 1822 848 1880 bestiam
868 1820 1084 1875 fractam
1110 1819 1187 1872 vel
1208 1821 1386 1872 vinum
1409 1822 1522 1873 sine
1546 1835 1698 1888 aqua,
1722 1820 1802 1872 vel
1825 1835 2011 1887 aquam
2034 1821 2147 1909 sipe
2180 1831 2222 1888 Β
2254 1811 2434 1865 Utrum
2457 1814 2715 1909 episcopus
2741 1814 2814 1866 vel
2841 1813 2984 1892 alius.
3007 1812 3251 1892 pra'lultts
3275 1815 3431 1892 possit
3451 1815 3635 1909 cxigfrf
3656 1827 3745 1909 Ima

626 1911 764 1972 vino,
800 1908 1128 1964 celebrantes
1148 1908 1230 1961 bis
1253 1908 1424 1971 indie,
1451 1909 1530 1962 vel
1560 1925 1660 1962 non
1688 1910 1989 1961 custodiunt
2008 1909 2150 1962 ebri-

621 2015 735 2054 sma
757 1998 839 2052 vel
863 1998 1234 2052 eucharistiam
1257 1999 1393 2051 sicut
1413 1998 1633 2060 debent,
1653 1998 1734 2050 vel
1767 2013 1869 2050 non
1898 1998 2151 2053 mundant

625 2100 748 2138 vasa
797 2093 851 2139 et
886 2084 1072 2137 altaria
1123 2094 1178 2138 et
1217 2085 1524 2153 vestimenta
1570 2083 1818 2138 decenter
1861 2087 2148 2140 secundum

578 2172 582 2175 ’
627 2187 872 2227 canones.

697 2261 930 2323 Decimo,
959 2261 1082 2328 quia
1132 2262 1262 2316 alios
1310 2262 1618 2316 subvertant
1653 2273 1706 2316 et
1737 2264 1789 2316 in
1817 2265 1957 2317 omni
2011 2265 2145 2326 loco,

627 2360 685 2402 ut
713 2358 935 2404 testatur
962 2350 1327 2420 Hieronymus,
1363 2361 1616 2418 ponentes
1665 2352 1987 2416 scandalum,
2035 2368 2149 2405 ver-

625 2449 807 2490 tantur
833 2438 883 2490 in
908 2437 1149 2505 laqueum
1174 2445 1487 2491 tortuosum.

694 2526 814 2580 Haec
843 2540 966 2594 ergo
991 2535 1045 2578 et
1067 2526 1376 2591 consimilia,
1413 2537 1471 2582 ut
1493 2529 1557 2582 de
1587 2529 1704 2582 aliis
1730 2538 2015 2592 taceamus,
2059 2533 2150 2584 de-

543 2634 547 2638 ~
626 2615 751 2667 bent
783 2613 958 2667 clerici
985 2615 1246 2679 confiteri,
1269 2625 1323 2668 et
1358 2628 1387 2668 a
1416 2617 1604 2671 talibus
1629 2619 1692 2672 de
1728 2628 1920 2673 caetero
1940 2635 2145 2682 cavere,

623 2704 724 2759 nisi
746 2704 1008 2757 voluerint
1052 2705 1102 2758 in
1138 2714 1442 2774 perpetuum
1475 2723 1595 2761 eum
1647 2709 1856 2762 diabolo
1903 2712 2144 2763 cruciari.

625 2795 928 2865 Explicitde
966 2795 1307 2864 presbyteris.

1069 2899 1266 2954 Salutio
1291 2899 1358 2955 ad
1387 2906 1702 2974 objectiones.

1191 3014 1286 3084 (Ex
1318 3030 1432 3083 cap.
1466 3016 1575 3085 2i.)

692 3098 890 3153 Forsan
919 3100 1114 3162 diceret
1139 3101 1328 3170 aliquis
1354 3121 1365 3154 :
1398 3102 1530 3168 Quid
1561 3105 1682 3156 velit
1708 3106 1805 3158 hoc
1829 3108 1967 3173 quod
1991 3109 2150 3176 magi—

625 3195 734 3238 ster
773 3184 999 3241 Joannes
1025 3188 1090 3241 de
1135 3189 1240 3242 Deo
1266 3191 1586 3256 computavit
1616 3193 1738 3244 vitia
1768 3194 2005 3260 quasdam
2031 3212 2147 3263 quae

542 3273 548 3280 '
627 3275 958 3328 committunt
985 3286 1088 3329 tam
1131 3277 1322 3333 subditi
1352 3293 1508 3344 quam
1533 3281 1751 3348 praelati.
1792 3281 1869 3333 Ad
1912 3284 2012 3336 hoc
2052 3300 2148 3352 ego

623 3359 850 3417 Joannes
893 3364 956 3416 de
997 3366 1103 3419 Deo
1148 3367 1459 3438 respondeo,
1497 3370 1633 3436 quod
1682 3378 1734 3421 tu
1771 3373 2017 3426 sacerdos
2058 3374 2148 3440 qui

621 3447 773 3502 audis
805 3448 1158 3509 confessiones
1183 3452 1298 3506 loco
1322 3454 1412 3507 Dei
1437 3454 1655 3510 deberes
1688 3457 1910 3511 diversis
1946 3462 2151 3528 experi-

625 3541 812 3595 mentis
832 3543 906 3596 uti
928 3543 993 3595 ad
1016 3543 1218 3610 peccati
1248 3545 1486 3598 morbum
1515 3547 1898 3613 expellendum,
1922 3558 1973 3602 et
1998 3551 2153 3604 delic—

631 3644 718 3681 res
760 3629 810 3680 in
857 3645 1046 3698 genere
1092 3646 1325 3698 quaerere
1370 3633 1433 3686 dc
1472 3637 1812 3702 quocunque,
1844 3653 1872 3689 a
1922 3640 2154 3706 quolibet

628 3718 930 3784 pmnitente,
952 3719 1235 3773 secundum
1263 3723 1490 3784 modum,
1523 3731 1577 3778 et
1597 3726 1852 3790 ordinem,
1880 3738 1932 3781 et
1956 3738 2150 3783 statmn

626 3807 865 3878 superius
887 3817 1256 3876 pricnotatutn.

694 3896 819 3947 Itetn
847 3900 891 3949 si
936 3898 1126 3965 quaeris
1168 3907 1340 3950 utrum
1375 3900 1444 3952 illi
1487 3902 1754 3956 solventur
1778 3906 1865 3972 qui
1899 3907 2152 3960 hactenus

629 4001 729 4038 non
759 3994 1032 4039 servarunt
1065 3988 1190 4040 istas
1219 3989 1361 4055 regal
1386 3990 1497 4041 sin
1527 3991 1936 4047 confessionibus
1959 3994 2150 4048 facien-

624 4077 725 4139 dis,
780 4080 1068 4145 respondeo
1121 4083 1407 4134 secundum
1459 4083 1689 4149 regulam
1744 4088 2081 4153 apostolicam
2131 4109 2141 4141 :

627 4165 771 4217 Alter
795 4163 1002 4216 alterius
1026 4183 1179 4219 onera
1207 4179 1425 4236 portate,
1448 4179 1494 4219 et
1524 4171 1596 4220 sic
1621 4172 1958 4240 adimplebilis
1985 4175 2140 4244 legem

2317 1883 2593 1949 expendere
2613 1881 2783 1948 ptenth
2806 1883 3126 1948 pecuniarias
3148 1883 3483 1948 peccantium,
3507 1881 3576 1934 vel
3595 1882 3744 1933 debeat

2317 1950 2621 2017 pauperibus
2659 1949 2887 2018 elargiri.

2825 2038 2922 2108 (Ex
2951 2054 3065 2106 cap.
3099 2037 3211 2108 at.)

2321 2125 2424 2180 Sed
2462 2143 2621 2195 super
2646 2128 2745 2181 hoc
2780 2127 2855 2180 sic
2888 2127 3187 2180 firmissime
3228 2136 3366 2189 tene,
3399 2135 3452 2177 et
3489 2125 3746 2177 nullatenus

2249 2217 2476 2279 dubites,
2505 2219 2642 2284 quod
2668 2217 2792 2270 licet
2829 2217 2948 2269 talis
2976 2218 3195 2283 pecunia
3234 2216 3298 2269 de
3328 2226 3490 2269 morte
3512 2232 3539 2266 a
3566 2217 3746 2283 quibus-

2251 2304 2370 2354 dam
2417 2304 2675 2370 episcopis
2699 2312 2750 2355 et
2780 2303 3010 2370 praelatis
3041 2302 3157 2356 aliis
3199 2304 3455 2373 exigatur,
3485 2313 3642 2356 tanun
3667 2303 3746 2369 ipsi

2248 2390 2447 2458 praelati
2481 2406 2582 2443 non
2613 2387 2726 2444 illas
2766 2393 3014 2458 pecunias
3058 2393 3119 2466 in.
3155 2393 3397 2460 proprios
3427 2408 3544 2445 usus
3586 2408 3745 2444 consu-

2249 2493 2392 2532 mcre
2435 2481 2644 2543 debent,
2697 2482 2789 2535 sed
2834 2482 3150 2550 pauperibus
3194 2497 3455 2548 erogare;
3500 2497 3611 2534 nam
3640 2480 3746 2533 tales

2242 2567 2447 2635 judices
2478 2583 2580 2620 non
2619 2579 2971 2637 provoeantur
2998 2585 3177 2622 amore
3207 2568 3444 2634 justitizc,
3489 2568 3571 2620 sed
3597 2583 3744 2620 anum:

2245 2657 2497 2724 pecuniae,
2529 2664 2587 2708 ut
2606 2657 2857 2723 probatur
2885 2657 2969 2719 ll,
2997 2671 3048 2722 q.
3077 2658 3130 2720 5,
3163 2672 3212 2709 e.
3267 2654 3368 2718 Qui
3410 2665 3530 2705 recte
3548 2654 3742 2721 judicat.

2249 2745 2312 2804 Et
2358 2743 2471 2796 ideo
2520 2743 2651 2796 ﬁunt
2685 2744 2791 2812 lupi
2846 2744 3110 2805 custodes,
3160 2754 3218 2796 ut
3254 2745 3307 2810 ι,
3340 2760 3392 2812 q.
3441 2744 3485 2805 5,
3509 2760 3552 2797 e.
3585 2740 3746 2795 Contra

2249 2833 2418 2888 ritum.
2471 2831 2637 2888 Unum
2669 2849 2766 2902 ego
2806 2831 3035 2886 Joann.-s
3065 2833 3127 2887 de
3172 2835 3278 2886 Deo
3306 2843 3469 2886 testor
3500 2832 3618 2885 tales
3637 2847 3744 2898 pra--

2250 2923 2383 2976 latos
2433 2925 2529 2976 sub
2582 2923 2816 2991 periculo
2861 2923 3154 2975 animarum
3208 2937 3418 2975 suarum
3461 2930 3509 2974 et
3553 2931 3744 2972 tremore

2253 3011 2504 3066 tremendi
2543 3010 2749 3078 judicii,
2793 3011 2930 3078 quod
2968 3010 3096 3063 tales
3122 3011 3372 3078 pecunias
3400 3025 3497 3063 non
3526 3010 3742 3077 exigant;

2252 3108 2304 3150 et
2342 3101 2385 3152 si
2426 3099 2662 3169 exigunt,
2695 3116 2801 3172 non
2845 3109 3172 3159 consumant,
3220 3101 3315 3153 sed
3349 3099 3556 3167 leprusis
3579 3107 3625 3151 et
3649 3097 3744 3149 aliis

2250 3173 2564 3253 pauperibus
2599 3187 2928 3256 largiantur:
2957 3205 3074 3244 cum
3106 3189 3182 3241 eis
3208 3205 3236 3238 a
3258 3187 3380 3253 jure
3405 3204 3501 3241 non
3525 3189 3619 3239 sint
3644 3203 3743 3240 cou-

2249 3289 2428 3337 cessm,
2461 3277 2549 3328 sed
2584 3277 2791 3343 penitus
2817 3293 2846 3328 a
2870 3276 3158 3330 eanonibus
3186 3275 3495 3336 interdicta,
3517 3275 3742 3343 utprubat

2249 3365 2546 3422 Alexander
2580 3381 2714 3435 papa
2739 3383 2824 3421 ex.
2852 3369 2913 3420 de
2942 3365 3112 3420 Poenis
3139 3382 3187 3421 c.

2319 3453 2384 3506 Et
2413 3463 2523 3523 post
2569 3455 2728 3509 multa
2758 3456 2862 3510 alia
2887 3459 2940 3510 in
2963 3457 3065 3524 [inc
3103 3457 3196 3508 hoc
3223 3455 3427 3525 legitur.

2252 3563 2472 3633 Ea‘plicit
2515 3566 2641 3619 liber
2668 3555 3084 3621 Pamitentiurius'
3107 3587 3136 3620 (ι
3163 3571 3405 3635 magistro
3447 3569 3627 3622 Joanne
3665 3564 3742 3615 lli-

2319 3651 2476 3700 Spano
2505 3636 2708 3686 doctore
2723 3637 3048 3688 Dccretorum
3071 3639 3316 3688 canonico
3338 3637 3475 3688 urbs
3501 3635 3743 3686 Βοηωιὶιίλ-

2320 3705 2389 3752 sis
2443 3703 2750 3771 compositus
2795 3704 2862 3754 nd
2908 3706 3145 3755 honorent
3183 3721 3394 3755 summie
3425 3703 3679 3771 'Iﬁ'rinitatis,
3705 3711 3740 3751 et

2322 3771 2596 3824 indiriduw
2619 3773 2830 3824 unitatis
2854 3771 3046 3834 Putris,
3090 3782 3134 3824 et
3168 3771 3312 3836 Filii,
3337 3783 3398 3823 et.
3428 3770 3627 3839 Spiritus
3645 3786 3741 3820 sim-

2323 3841 2408 3901 rti,
2435 3849 2482 3890 et
2522 3841 2687 3892 sancti
2735 3840 2980 3893 I'incenlii
3009 3842 3264 3910 martyris,
3307 3851 3352 3892 et
3381 3841 3446 3910 ad
3469 3841 3681 3910 honorent
3704 3848 3740 3886 et

2323 3923 2499 3978 nomen
2546 3911 2840 3962 rcncmbilis
2868 3912 3082 3978 episcopi
3119 3905 3416 3978 etcupituli
3454 3909 3577 3978 urbis
3601 3905 3740 3956 Itono-

2323 3976 2507 4027 niensis
2537 3987 2582 4027 et
2626 3976 2921 4030 universalis
2970 3975 3125 4030 studii
3167 3975 3390 4036 Bonam,
3420 3986 3464 4028 ct
3501 3975 3740 4038 ubicunque

2321 4041 2548 4113 Ecclesia
2583 4062 2635 4095 se
2681 4045 2920 4102 extendit.
2962 4047 3011 4096 in
3036 4061 3137 4113 qua
3171 4046 3446 4097 succumbit
3492 4042 3739 4113 [uisitaret

2320 4112 2500 4162 reritus
2528 4113 2782 4174 cluceseit,
2811 4114 2902 4164 sub
2927 4107 3060 4165 anno
3092 4113 3294 4164 Domini
3325 4128 3379 4164 II.
3403 4107 3652 4169 CCXILVII.
3677 4107 3739 4159 ίη⁶

2328 4179 2449 4232 dict.
2488 4197 2518 4231 ν
2544 4179 2797 4244 Octobris,
2825 4191 2870 4233 et
2899 4197 2925 4231 v
2965 4180 3225 4234 Kalendas
3260 4179 3566 4234 Novembris.

1325 4308 3720 4333 ____.______.____________________________________

1041 4403 1240 4527 AD
1336 4408 2494 4541 PCENITENTIALE
2544 4425 3378 4550 'THEODORI

1487 4631 2296 4716 OBSERVATIONES
2359 4644 2486 4719 ΕΤ
2536 4649 2827 4725 NOTAE
2871 4652 2925 4724 ³.

1855 4791 2557 4815 ._________

1120 4863 1337 4918 CAPUT
1372 4865 1648 4923 PRIMUM.

799 4948 1106 5004 De'ecclesia
1131 4951 1208 5004 vel
1232 4952 1293 5005 de
1325 4954 1385 5006 iis
1414 4972 1528 5022 qum
1556 4957 1692 5011 intus
1718 4972 1979 5027 geruntur.

701 5036 766 5093 In
803 5035 1074 5090 ecclesia...
1116 5040 1406 5106 sacri/icore
1451 5059 1550 5096 non
1578 5043 1711 5096 licet.
1756 5046 1829 5100 Ne
1859 5049 2156 5105 infidelibus

631 5139 718 5180 aut
749 5127 968 5194 passivis
996 5133 1298 5197 corporibus
1332 5135 1496 5187 honos
1543 5148 1826 5206 martyrum
1869 5143 2151 5197 deferatur.

632 5218 777 5280 Quod
808 5227 982 5270 vetant
1009 5217 1189 5276 Patres
1231 5223 1436 5277 concilii
1472 5224 1899 5294 Cartliaginensis
1944 5234 2154 5286 nomine
2194 5215 2200 5228 ’

632 5303 786 5368 primi
822 5306 918 5357 sub
949 5304 1084 5360 Julio
1115 5309 1431 5364 celebratio.
1467 5313 1520 5376 2,
1558 5314 1641 5368 his
1666 5318 1876 5370 verbis:
1911 5337 1927 5367 α
1962 5319 2152 5390 Marty-

635 5406 747 5444 rum
793 5392 1094 5460 dignitatem
1143 5411 1291 5451 nemo
1319 5400 1568 5468 profanus
1598 5402 1831 5470 infamet,
1877 5423 2044 5476 neque
2087 5411 2150 5463 ad

633 5482 836 5547 passiva
873 5499 1109 5554 corpora,
1140 5503 1254 5554 qua:
1279 5491 1554 5558 sepultura:
1593 5503 1790 5549 tantum
1816 5507 2026 5566 propter
2052 5501 2151 5553 mi—

704 5654 732 5675 -
767 5634 894 5688 Vide
923 5632 1130 5706 hujusce
1167 5641 1440 5694 \‘ofuminis
1465 5643 1559 5694 ml.
1593 5639 1709 5696 927.

2181 4882 2230 4938 υ
2257 4883 2594 4936 sericordiam
2620 4884 3050 4949 ecclesiasticam,
3083 4886 3436 4940 commendari
3479 4886 3736 4940 Inundalum

2257 4979 2356 5030 cst,
2386 4973 2602 5039 redigat,
2643 4980 2699 5024 ut
2735 4983 2825 5025 aut
2862 4974 3059 5029 insania
3098 4976 3466 5044 praecipitatos,
3493 4975 3738 5042 autaliquo

2256 5062 2344 5113 tali
2382 5073 2553 5129 pacto,
2598 5072 2688 5115 aut
2723 5064 2769 5116 al
2793 5075 2826 5116 a‘
2862 5065 3063 5119 ratione
3103 5049 3300 5132 peccati
3339 5065 3625 5132 disiunctas,
3654 5078 3737 5117 non

2255 5150 2457 5204 ratione
2485 5151 2565 5203 vel
2607 5160 2839 5219 tempore
2865 5157 3197 5221 competenti,
3243 5169 3348 5220 quo
3371 5155 3608 5223 martyria
3631 5151 3738 5206 cele-

2251 5239 2485 5302 brentur,
2516 5250 2802 5310 martyrum
2827 5243 3034 5296 nomine
3070 5244 3310 5312 appellet,
3335 5253 3436 5298 etc.
3464 5266 3480 5296 l
3512 5241 3735 5299 llocidctn

2252 5328 2525 5393 prohibent
2577 5329 2758 5383 Patres
2811 5332 3015 5384 concilii
3070 5332 3442 5388 Bracbarensis
3479 5349 3536 5396 tl,
3570 5348 3613 5387 c.
3652 5330 3736 5387 l8;

2251 5415 2458 5470 Martini
2483 5418 2858 5474 Bracbarensis
2895 5422 3139 5490 capitula,
3170 5438 3285 5490 cap.
3311 5425 3411 5487 68;
3452 5421 3738 5493 synodusin-

2253 5507 2380 5559 certi
2413 5507 2532 5570 loci,
2579 5525 2732 5577 quam
2761 5525 2810 5562 γ.
2839 5509 2905 5563 cl.
2935 5509 2980 5562 J.
3028 5510 3334 5580 Sirtnondus
3378 5493 3602 5567 concilii;
3625 5504 3736 5563 Pari-
