3926 6216
258 322 393 375 1109

1359 306 1910 380 οΒεεῑιγΑτιόΝΕδ
1946 327 2030 379 er
2067 327 2293 382 norm.

3274 324 3402 376 me

251 431 417 485 siensi
438 431 721 498 subjectam
746 434 971 501 reperit;
993 448 1108 497 can.
1131 432 1393 487 Sconcilii‘
1412 431 1774 495 Nannetensis,
1808 441 1847 493 Λ
1878 434 2070 489 Deinde
2096 425 2336 505 exempla
2363 434 2574 486 Patrum
2619 432 2875 500 proponit.
2905 449 2923 481 ι
2959 430 3251 483 Praesertim
3285 444 3402 482 cum

252 533 310 571 c.
344 520 413 582 6;
444 522 674 588 synodus
717 524 882 576 sancti
920 522 1149 585 Patricii,
1178 538 1224 576 c.
1252 523 1319 577 Q3
1350 540 1362 588 ;
1403 533 1615 577 sanctus
1655 523 1785 577 Gre-

254 607 440 671 gorius
465 607 519 659 in
549 608 767 674 epistola
796 610 859 663 de
884 611 1207 677 expositione
1232 610 1556 663 diversarum
1584 612 1648 662 ad
1682 610 1787 662 Au-

251 696 525 761 gustinum
556 697 609 748 in
638 699 972 775 responsione
997 698 1060 749 ad
1109 699 1564 767 interrogationem
1588 699 1655 760 9;
1684 698 1787 749 Ex-

251 785 555 850 cerptiones
580 786 786 852 Egberti
816 786 1159 839 Eboracensis
1177 785 1551 853 arcliiepisc0pi
1571 799 1617 837 ρ.
1644 783 1784 845 9-52,

252 888 415 939 quem
444 873 573 925 citat
600 888 662 925 ex
700 887 901 926 canone
924 873 1215 940 Epaonensi
1252 872 1336 924 56.
1382 871 1503 924 Vide
1530 870 1619 922 lib.
1649 886 1662 921 ι
1690 868 1785 921 Ca-

253 962 434 1030 pitul.,
461 977 509 1015 c.
544 962 680 1023 159;
725 961 818 1014 lib.
849 977 911 1023 ll,
942 977 991 1015 c.
1023 962 1127 1023 47;
1167 960 1355 1013 concil.
1388 957 1690 1011 Arelatense
1715 973 1786 1018 vt,

251 1065 310 1103 c.
333 1050 393 1101 Si
424 1065 437 1112 ;
482 1048 804 1115 Theodulphi
829 1048 1056 1116 episcopi
1084 1046 1474 1099 Aurelianensis
1503 1046 1658 1111 capit.
1694 1044 1747 1095 li
1772 1059 1783 1070 ·

254 1136 447 1189 concil.
498 1136 808 1204 Moguntiac.
841 1150 890 1188 c.
920 1134 1005 1194 52,
1053 1135 1103 1186 in
1150 1133 1337 1201 quibus
1379 1132 1501 1187 illud
1552 1132 1687 1185 idem
1722 1131 1789 1183 ob

250 1225 492 1277 eamdem
522 1224 778 1276 rationem
801 1223 1122 1290 prohibetur.

326 1313 457 1364 Inde
484 1312 675 1363 evulsa.
716 1311 887 1376 Quare
915 1310 1025 1363 btcc
1064 1310 1246 1362 altaria
1285 1310 1440 1378 vulgo
1483 1308 1789 1362 everteban-

252 1411 381 1461 tur;
415 1402 548 1454 sicut
578 1410 723 1468 patet
766 1416 829 1453 ex
872 1401 1095 1454 concilio
1136 1399 1533 1469 Carthaginiensi
1580 1398 1790 1451 nomine

246 1488 462 1553 quinto,
489 1501 537 1539 c.
566 1487 626 1539 Η
652 1505 664 1538 ;
694 1505 711 1536 ‹
744 1487 823 1540 Ab
853 1488 1113 1555 episcopis
1152 1488 1241 1555 qui
1267 1488 1464 1540 eisdem
1508 1488 1637 1539 locis
1660 1501 1789 1554 pne—

247 1584 398 1638 sunt,
425 1576 471 1629 si
504 1576 614 1630 ﬁeri
640 1584 853 1645 potest,-
873 1586 1210 1639 evertantur;
1242 1577 1285 1629 si
1320 1586 1492 1629 autem
1534 1578 1633 1629 hoc
1670 1592 1789 1643 pro-

247 1670 376 1728 pter
403 1663 655 1717 tumultus
682 1665 959 1731 populares
999 1680 1103 1717 non
1143 1664 1350 1725 sinitur,
1396 1665 1579 1731 plebes
1613 1672 1787 1718 tamen

1884 539 1983 576 non
2032 525 2326 592 ignorarem
2379 524 2529 577 istius
2568 522 2705 575 modi
2754 520 2989 588 exempla
3036 519 3173 587 apud
3220 518 3403 571 Patres

1883 624 2198 678 superesse:
2248 610 2412 665 beatae
2464 609 2720 675 siquidem
2773 607 3036 660 memorim
3086 606 3403 666 Alexander,

1882 712 2000 749 cum
2046 696 2147 748 alia
2194 696 2307 749 loca
2353 703 2571 764 angusta
2612 704 2807 757 essent,
2859 695 2907 746 in
2959 693 3179 747 ecclesia
3212 690 3407 757 majore

1883 780 2090 845 lbeone',
2126 797 2282 850 quam
2329 778 2637 844 mdificabat,
2681 793 2903 849 synaxes
2930 780 3179 833 celebrari
3224 774 3403 831 voluit.

1882 870 1935 923 ld
1961 871 2100 923 enim
2123 871 2347 923 habebat
2368 870 2635 924 hominum
2659 868 2963 937 frequentia,
2991 883 3085 920 nec
3105 869 3154 919 in
3176 866 3406 935 cogendo

1884 961 2071 1028 pop:.l0
2114 961 2363 1027 respexit,
2411 974 2525 1012 eam
2577 960 2806 1014 nondum
2852 958 3226 1011 exaediﬁcatam
3270 970 3403 1009 esse.

1885 1049 2126 1113 Quiuimo
2156 1046 2319 1101 frater
2366 1057 2486 1100 tuus
2526 1048 2693 1100 beata:
2723 1047 2986 1100 memoria:
3029 1046 3082 1098 in
3111 1041 3408 1121 huiusmodi

1886 1136 2096 1204 templo,
2126 1152 2243 1190 cum
2274 1135 2522 1204 Aquileia:
2561 1139 2772 1205 synaxis
2817 1136 3115 1196 haberetur,
3148 1134 3257 1201 ipse
3282 1146 3411 1199 quo-

1884 1239 1983 1291 quc
2008 1241 2070 1277 eo
2089 1240 2145 1278 se
2165 1226 2385 1278 contulit
2410 1242 2422 1277 :
2455 1225 2527 1277 ita
2554 1225 2796 1276 nimirum
2825 1231 2877 1275 et
2898 1238 2994 1291 ego
3016 1235 3220 1290 quoque
3243 1219 3360 1273 feci.
3388 1238 3405 1266 ι

1885 1313 2115 1378 Denique
2138 1313 2373 1379 ipsismct
2392 1311 2584 1381 Christi
2605 1311 2777 1363 verbis
2798 1312 2894 1363 hoc
2916 1325 2944 1362 a
2973 1325 3028 1363 se
3050 1316 3190 1363 recte
3219 1304 3413 1370 factum

1884 1399 1960 1451 sic
1987 1400 2189 1466 probat.
2242 1416 2261 1445 ι
2308 1397 2559 1466 Superest
2604 1398 2761 1466 igitur
2794 1405 2848 1449 ut
2890 1396 3165 1467 anticipem
3197 1394 3246 1445 in
3276 1394 3413 1459 quod

1886 1485 1970 1537 ille
1994 1486 2196 1537 dentem
2223 1485 2383 1555 ﬁgere
2429 1494 2625 1552 posset.
2654 1483 2846 1552 Objicit
2874 1485 2923 1535 in
2967 1484 3077 1536 suis
3118 1480 3414 1540 caltunniis,

1884 1591 2013 1641 opus
2034 1576 2261 1627 nondum
2284 1575 2579 1628 dedicatum
2608 1574 2797 1637 fuisse,
2816 1589 2876 1628 ac
2905 1575 3120 1643 proinde
3146 1573 3415 1643 illegitime

1887 1663 1955 1714 ibi
1987 1678 2169 1731 preces
2197 1671 2493 1731 conceptas.
2530 1663 2779 1715 Dominus
2808 1670 2980 1715 tamen
3011 1663 3062 1714 in
3097 1662 3417 1715 contrarium

248 1748 656 1812 admoneamur,
688 1765 751 1804 ne
781 1751 868 1803 illa
906 1750 1017 1805 loca
1061 1749 1424 1818 frequentem;
1457 1758 1512 1802 ut
1536 1751 1623 1816 qui
1651 1758 1792 1802 recte
1823 1737 1864 1793 Β
1894 1746 2145 1817 praecipit,
2183 1765 2301 1803 cum
2346 1734 2493 1803 dicit.
2546 1750 2622 1802 Tu
2652 1758 2827 1803 autem
2857 1764 2976 1803 cum
3012 1749 3204 1814 orabis,
3250 1750 3421 1818 ingrc-

247 1840 485 1906 sapiunt,
513 1840 651 1893 nulla
683 1840 750 1894 ibi
779 1841 1148 1908 superstitione
1175 1841 1399 1909 devincti
1445 1848 1737 1892 teneantur.
1768 1858 1785 1889 ι

249 1926 362 1979 Iste
388 1942 552 1981 canon
586 1927 811 1981 referttrr
837 1929 888 1979 in
921 1929 1125 1996 integro
1142 1928 1319 1980 codice
1339 1941 1596 1979 canonum
1617 1925 1794 1979 Eccle-

249 2016 352 2067 sia:
380 2014 656 2077 Africanae,
688 2029 736 2066 e.
765 2015 853 2077 85,
904 2022 1060 2081 atque
1106 2012 1157 2065 iu
1195 2011 1471 2079 capitulari
1505 2012 1793 2079 Aquisgra-

252 2100 521 2154 ucusil‘z.
567 2101 631 2153 Et
674 2102 803 2154 satis
841 2100 1004 2169 repeti
1039 2115 1142 2154 non
1187 2107 1376 2167 potest,
1427 2106 1484 2151 ut
1533 2099 1622 2167 qui
1656 2107 1795 2151 recte

250 2190 488 2258 sapiunt,
521 2189 665 2241 nullo
693 2188 1081 2256 superstitionis
1106 2201 1287 2240 errore
1322 2185 1547 2241 devincti
1586 2194 1795 2237 tenean-

254 2288 367 2330 tur.
419 2278 489 2330 De
516 2279 787 2331 eversione
823 2280 1010 2330 borum
1046 2277 1289 2329 altarium
1325 2277 1588 2345 egregium
1617 2264 1797 2327 Marti-

254 2368 315 2418 ni
344 2365 636 2433 exemplum
674 2365 823 2418 nobis
854 2365 1150 2432 suppeditat
1180 2364 1433 2431 Sulpitius
1478 2363 1704 2418 Severus
1744 2362 1796 2413 iu

170 2516 175 2521 δ
258 2456 397 2507 libro
440 2454 553 2520 ejus
594 2453 837 2506 Historiae
876 2468 990 2520 cap.
1017 2453 1096 2506 8:
1134 2469 1151 2502 ι
1196 2451 1365 2519 Atque
1412 2451 1483 2502 ita
1529 2450 1697 2516 inquit
1744 2450 1797 2501 in

262 2527 366 2598 ti'ne
410 2544 616 2613 capitis,
666 2542 914 2645 p0p\ulum
965 2541 1358 2610 superstitionis
1398 2540 1537 2592 illius
1575 2537 1797 2591 absolvit

255 2649 461 2687 errore.
493 2653 510 2684 ι

332 2739 435 2795 Sed
462 2742 505 2792 si
535 2750 655 2807 apta
684 2742 881 2793 videtur
904 2741 971 2793 ad
994 2740 1411 2802 consecrandum,
1440 2748 1565 2801 etc.,
1590 2738 1802 2803 retcdiﬁ-

262 2838 422 2880 catur.
476 2828 646 2881 Etiam
694 2829 886 2897 templa
934 2829 1168 2890 deorum,
1227 2840 1503 2895 postquam
1555 2826 1801 2881 demolita

264 2918 494 2980 fuerant,
532 2917 818 2971 Christiani
863 2918 913 2970 in
950 2917 1226 2972 ecclesiam
1268 2917 1356 2970 Dei
1386 2916 1797 2969 commutabant.

263 3006 415 3073 Quod
442 3016 664 3061 testatur
707 3006 1047 3069 Sozornenus,
1091 3006 1181 3059 lib.
1222 3022 1273 3058 vt
1319 3004 1538 3067 llistor.,
1566 3019 1679 3072 cap.
1709 3002 1796 3055 9.0.

264 3094 558 3162 Aliquando
580 3101 722 3146 tanta
746 3094 1105 3147 exsecratione
1126 3107 1284 3145 exosa
1305 3092 1588 3154 habebant,
1617 3102 1675 3143 ut
1697 3090 1803 3158 pol.

267 3183 518 3235 lutionetu
545 3197 725 3235 eorum
762 3181 1086 3250 purgabilem
1109 3196 1208 3235 non
1238 3188 1504 3247 putarent,
1527 3187 1579 3231 et
1608 3178 1802 3233 sanctis

269 3274 453 3326 usibus
475 3272 735 3341 applicare
759 3272 1107 3340 despicerent,
1138 3272 1275 3325 sicut
1316 3270 1596 3338 loquuntur
1620 3268 1803 3321 Patres

267 3363 477 3417 concilii
510 3360 852 3431 Epaonensis,
897 3376 1015 3415 can.
1045 3361 1145 3424 '55;
1193 3360 1503 3429 quandoque
1536 3372 1661 3410 vero
1699 3372 1805 3409 non

267 3451 566 3513 diruebant,
594 3448 688 3502 sed
726 3449 833 3502 Deo
857 3448 909 3500 in
952 3447 1202 3500 honorem
1247 3446 1513 3513 cujusdam
1558 3444 1808 3511 martyris

263 3540 668 3595 consecrabant.
700 3557 717 3588 α
742 3536 873 3591 Cum
900 3537 1229 3603 vero,iuquit
1256 3543 1470 3588 sanctus
1483 3532 1802 3601 Augustinus

262 3638 323 3692 in
353 3633 574 3704 epistola
601 3632 724 3697 154,
746 3632 799 3685 in
823 3646 950 3685 usus
977 3644 1302 3691 communes,
1334 3642 1435 3680 non
1476 3624 1716 3694 pr0prios
1742 3636 1805 3674 ac

262 3722 523 3793 privatos,
565 3722 645 3776 vel
673 3722 724 3774 in
751 3722 951 3775 honore
993 3720 1086 3773 Dei
1114 3718 1222 3771 veri
1270 3712 1662 3777 convertuntur,
1708 3712 1805 3764 hoc

264 3812 339 3865 de
369 3810 473 3864 illis
500 3809 556 3863 lit
601 3810 739 3877 quod
765 3809 831 3861 de
875 3808 1001 3875 ipsis
1027 3806 1346 3877 hominibus,
1390 3819 1509 3857 cum
1536 3818 1601 3855 ex
1639 3800 1803 3854 sacri-

269 3900 403 3967 legis
437 3907 491 3951 et
517 3898 769 3968 improbis
794 3897 847 3950 in
890 3902 1068 3950 veram
1112 3894 1415 3962 religionem
1463 3898 1747 3945 mutantur.
1784 3910 1800 3940 ι

267 3986 435 4054 Cujus
454 3987 529 4039 rei
557 3986 761 4055 insigne
787 3985 1082 4053 exemplum
1118 3992 1290 4039 exstat
1326 3982 1463 4051 apud
1507 3981 1805 4049 Evagrium,

268 4074 367 4129 lib.
397 4090 413 4127 ι
442 4074 599 4138 Hist.,
627 4089 674 4127 c.
705 4073 790 4135 16,
816 4073 904 4142 qui
945 4071 1105 4126 refert
1142 4072 1205 4126 de
1233 4071 1547 4133 Theodosio,
1578 4080 1634 4122 ut
1660 4069 1808 4139 lgna-

276 4162 410 4215 tium
448 4162 681 4215 divinum
726 4168 1011 4230 martyrem
1060 4160 1347 4227 majoribus
1387 4159 1616 4213 afﬁceret
1646 4160 1809 4212 hono-

278 4252 447 4314 ribus,
476 4250 726 4320 templum
749 4250 857 4318 jam
886 4250 1012 4303 olim
1044 4251 1366 4306 daemonibus
1392 4251 1643 4315 dicatum,
1671 4253 1810 4320 quod

1887 1835 2045 1889 dier’ts
2073 1837 2123 1889 in
2150 1837 2437 1904 penetralia
2460 1845 2572 1900 tua,
2602 1844 2655 1889 et
2676 1836 2920 1890 occludes
2946 1836 3085 1890 fores
3116 1845 3251 1890 tuas.
3282 1838 3419 1903 Quid

1890 1927 2014 1984 mihi
2052 1942 2176 1996 ergo
2197 1926 2429 1996 loquitur
2453 1925 2823 1990 calumniator,
2844 1926 2927 1979 vel
2952 1922 3075 1994 quid
3101 1928 3272 1995 potius
3298 1943 3416 1995 pru-

1890 2015 2076 2069 denter
2101 2025 2155 2069 et
2186 2031 2310 2069 vere
2353 2016 2641 2070 Christiani
2686 2016 2863 2071 dicant
2908 2015 3277 2070 attendendum
3304 2029 3421 2084 e81;

1892 2105 1988 2157 bos
2016 2104 2107 2157 tibi
2154 2105 2524 2174 consulendos,
2567 2104 2966 2174 interrogandos
2996 2112 3144 2172 puta,
3189 2121 3291 2163 non
3331 2122 3423 2160 au—

1893 2199 1995 2244 tem
2021 2193 2436 2257 obtrectatores;
2476 2207 2594 2246 cum
2626 2194 2689 2246 de
2717 2192 2781 2245 iis
2819 2191 3070 2260 scriptum
3102 2194 3189 2257 sit,
3221 2192 3424 2248 Stultus

1896 2277 1989 2331 tibi
2025 2279 2185 2332 stulta
2210 2280 2450 2347 loquetur
2474 2296 2487 2343 ;
2518 2280 2582 2333 de
2610 2279 2725 2332 istis
2751 2288 2924 2332 autem
2967 2281 3317 2353 praecipiatur,
3344 2284 3426 2337 Ab

1893 2369 2033 2421 omni
2088 2369 2323 2436 sapiente
2365 2369 2543 2437 accipe
2589 2368 2885 2422 consilium.
2918 2389 2933 2418 ι
2983 2367 3200 2422 Sublata
3247 2379 3423 2425 tamen

1893 2459 2225 2522 necessitate,
2267 2459 2523 2512 rationem
2568 2458 2667 2512 loci
2713 2460 2766 2512 in
2809 2474 2914 2529 quo
2957 2461 3170 2529 synaxis
3201 2456 3426 2515 habetur

1895 2560 1999 2599 non
2027 2560 2143 2599 esse
2162 2544 2521 2614 negligentiam
2552 2545 2705 2599 docet
2722 2555 2938 2600 sanctus
2961 2544 3207 2612 Basilius,
3235 2547 3299 2601 de
3328 2548 3428 2601 Ba-

1895 2636 2107 2704 ptismo,
2135 2649 2250 2703 cap.
2274 2636 2306 2689 8
2333 2652 2345 2687 z
2374 2652 2391 2683 ι
2424 2634 2584 2688 Nobis
2604 2650 2808 2703 quoque
2834 2636 3123 2704 periculum
3145 2638 3279 2692 male
3298 2639 3428 2693 obiti

1896 2722 2145 2786 mandati,
2176 2722 2221 2775 si
2250 2722 2350 2776 loci
2381 2724 2635 2777 rationem
2665 2724 3052 2792 neglexerimus
3077 2742 3091 2790 ;
3132 2727 3358 2783 maxime
3385 2730 3435 2782 si

1896 2811 2173 2863 sacerdotii
2200 2812 2448 2881 mysteria
2476 2811 2527 2864 in
2549 2811 2676 2865 locis
2702 2814 2935 2879 profanis
2960 2814 3426 2870 celebraverimus:

1896 2907 2176 2966 propterea
2216 2900 2353 2967 quod
2380 2914 2441 2953 ea
2468 2914 2557 2953 res
2581 2899 2834 2967 judicium
2865 2904 3079 2958 haberet
3104 2912 3433 2974 contemptus

1900 2988 1953 3041 in
1994 2986 2315 3051 celebrante,
2357 2986 2727 3041 oﬁ'tmdiculum
2769 3005 2975 3058 quoque
3018 3001 3291 3060 generaret
3336 3010 3432 3061 pro

1900 3076 2154 3130 varietate
2182 3075 2536 3141 atfectionum,
2564 3084 2616 3130 et
2657 3085 2868 3146 propter
2911 3080 3109 3132 variam
3151 3080 3433 3135 multorum

1902 3167 1953 3218 in
1980 3169 2154 3221 rerum
2200 3166 2495 3218 divinarum
2543 3166 2759 3221 scientia
2805 3168 3185 3234 infirmitatem,
3236 3170 3318 3225 διὰ
3345 3178 3435 3231 τὴν

1901 3267 1998 3314 τῶν
2035 3260 2223 3313 πολλῶν
2265 3262 2313 3312 ἐν
2359 3267 2419 3333 τῇ
2447 3262 2629 3331 γνώσει
2654 3259 2880 3334 διάφορον
2922 3264 3187 3317 ἀσθένειαν.
3229 3262 3436 3322 Etenim

1900 3365 2021 3404 cum
2055 3359 2231 3403 essent
2267 3349 2551 3403 Christiani
2580 3350 2718 3419 pleni
2756 3351 2922 3420 gratia
2952 3360 3007 3404 ct
3031 3351 3353 3419 fortitudine,
3381 3364 3438 3407 ut

1902 3440 1976 3492 ait
2019 3438 2248 3492 Joannes
2288 3440 2694 3507 Chrysostomus
2736 3441 2788 3492 in
2835 3442 3049 3495 homilia
3089 3443 3155 3501 54
3206 3443 3257 3507 in
3300 3443 3434 3497 Mat-

1903 3530 2118 3593 thmum,
2144 3530 2333 3584 domus
2363 3531 2488 3598 ipsa:
2516 3532 2599 3584 his
2641 3531 2827 3600 priscis
2854 3535 3177 3602 temporibus
3204 3537 3443 3592 ecclesize

1902 3629 2070 3673 erant.
2101 3621 2203 3675 Sed
2245 3623 2558 3691 l'rigescente
2598 3622 2877 3687 cbaritate,
2918 3632 2979 3683 et.
3009 3635 3242 3694 spectata
3270 3628 3438 3696 pluri-

1905 3726 2107 3763 morum
2142 3710 2447 3763 infirmitate
2474 3727 2502 3763 a
2542 3712 2783 3767 Patribus
2808 3717 3065 3774 sancitum
3092 3726 3173 3772 est
3199 3719 3249 3775 in
3274 3720 3441 3774 eecle«

1904 3799 1980 3852 sia
2007 3814 2108 3851 non
2149 3797 2326 3852 offerri
2372 3808 2651 3868 antequam
2680 3814 3097 3863 consecraretur.
3126 3826 3145 3858 ι
3189 3808 3315 3863 Vide
3344 3809 3440 3879 Sy-

1905 3888 2097 3940 nodum
2128 3889 2293 3941 sancti
2340 3888 2573 3951 Patricii,
2601 3904 2649 3942 c.
2678 3891 2783 3953 25;
2815 3892 3189 3961 Excerptiones
3224 3896 3436 3966 Egberti

1906 3975 2271 4051 Eboracensis,
2312 3991 2361 4029 c.
2398 3976 2467 4040 9;
2517 3976 2813 4051 Capitul.l.
2861 3995 2934 4045 vi,
2963 3996 3010 4034 c.
3057 3982 3196 4048 507;
3245 3987 3433 4041 concil.

1908 4065 2263 4129 Triburiense,
2293 4082 2339 4119 c.
2370 4066 2422 4130 4,
2464 4066 2613 4133 cujus
2657 4068 2811 4122 verba
2851 4071 3107 4131 habentur
3129 4075 3182 4128 in
3217 4077 3441 4133 concilio

1908 4154 2212 4229 Moguntino
2236 4156 2331 4209 sub
2359 4156 2650 4224 Arnulpho,
2678 4173 2725 4210 c.
2752 4160 2803 4212 9.
2834 4154 2999 4217 Plura,
3028 4161 3138 4229 jam
3164 4165 3227 4217 de
3254 4180 3444 4222 conse-

1908 4248 2141 4300 cratione
2164 4248 2398 4301 ecclesiae
2425 4263 2579 4315 supra
2607 4249 2959 4307 retulimusex
2994 4255 3152 4308 variis
3172 4257 3440 4313 codicibus

280 4341 537 4411 indigena:
571 4340 821 4409 templum
849 4338 1094 4394 Fortunm
1141 4341 1530 4407 nuncupabant,
1566 4340 1618 4392 in
1648 4340 1809 4408 ipsius
1834 4352 1882 4410 ι)
1907 4352 2033 4390 mss.
2064 4336 2252 4405 quibus
2280 4336 2416 4392 istud
2442 4337 2669 4404 primum
2697 4348 2852 4406 caput
2881 4340 3260 4401 Pwnitentialis
3282 4363 3439 4416 expo-

281 4433 529 4486 honorem
552 4445 907 4485 consecrasse.
936 4430 1069 4485 Hinc
1089 4432 1336 4486 discimus
1356 4431 1572 4484 multum
1594 4432 1812 4499 tempori

282 4520 677 4583 consulendum,
737 4528 893 4589 atque
936 4520 1037 4575 hoc
1079 4538 1238 4575 unum
1286 4523 1623 4589 spectandum
1674 4523 1813 4589 quod

282 4625 441 4663 omne
482 4609 789 4664 scandalum
826 4621 1062 4667 removet
1105 4620 1157 4665 et
1202 4612 1531 4666 :edilicationi
1561 4613 1813 4681 plurimo-

285 4712 401 4750 rum
430 4696 669 4751 inservit.
810 4766 821 4775 α

354 4782 413 4836 Si
436 4785 543 4839 Im'c
567 4797 862 4841 consecrata
884 4789 1027 4856 prius
1053 4791 1169 4856 luit.
1215 4789 1504 4843 Athanasio
1538 4791 1688 4859 quasi
1729 4806 1815 4845 ca-

283 4871 445 4940 pitale
472 4874 670 4927 crimen
694 4873 1037 4941 objiciebatur
1061 4876 1198 4945 quod
1222 4877 1272 4929 in
1302 4876 1519 4931 ecclesia
1547 4893 1664 4945 quae
1689 4894 1816 4931 non-

284 4976 411 5024 num
432 4964 668 5018 dedicata
712 4964 900 5030 fuerat,
930 4967 1168 5037 synaxim
1197 4968 1486 5020 habuisset.
1516 4966 1618 5021 Sed
1641 4982 1817 5021 exem-

284 5053 385 5121 plis
410 5068 621 5107 suorum
647 5061 855 5122 patrum
884 5070 946 5107 ac
991 5056 1306 5108 testimoniis
1348 5055 1651 5124 Scriptum,
1693 5057 1815 5109 illud

283 5143 481 5195 crimen
512 5141 664 5196 facile
690 5143 841 5197 diluit
870 5144 920 5194 in
950 5158 1041 5195 sua
1077 5143 1141 5196 ad
1168 5144 1534 5211 imperatorem
1563 5142 1818 5198 Constan-

284 5233 416 5287 tium
458 5231 727 5302 Apologia.
760 5250 778 5282 ι
822 5231 1102 5297 Caeterum,
1142 5232 1328 5299 inquit,
1366 5233 1488 5301 quia
1517 5232 1582 5285 de
1629 5248 1815 5301 magna

283 5323 505 5377 ecclesia
532 5317 731 5376 crimen
753 5326 1087 5383 concinnant,
1124 5324 1261 5392 quod
1292 5324 1359 5376 ibi
1400 5324 1614 5393 synaxis
1641 5324 1815 5376 habita

283 5408 356 5460 sit
380 5408 687 5475 priusquam
713 5409 1068 5473 dedicaretur,
1111 5425 1232 5479 age,
1266 5410 1423 5463 etiam
1454 5425 1515 5465 ea
1544 5411 1608 5463 de
1634 5426 1690 5463 re
1718 5418 1818 5463 ture

284 5497 467 5564 pietati
499 5512 805 5565 responsum
849 5500 1031 5552 demus
1060 5519 1069 5551 :
1099 5516 1161 5552 co
1194 5500 1331 5552 enim
1378 5515 1472 5552 nos
1500 5500 1711 5551 trahunt
1744 5500 1815 5551 illi

284 5587 373 5652 qui
412 5586 463 5639 in
495 5601 586 5639 nos
613 5601 643 5639 ο
666 5587 729 5640 lia
778 5598 1080 5657 congerunt.
1129 5590 1343 5643 Factum
1389 5600 1484 5653 est,
1517 5605 1758 5659 agnosco.
1794 5608 1810 5638 ι

1911 4428 2070 4480 nitur.
2096 4425 2192 4480 Hic
2210 4440 2417 4494 quoque
2441 4440 2542 4478 non
2564 4428 2667 4480 erit
2684 4427 2911 4485 alienum
2924 4432 3113 4487 addere
3128 4436 3440 4502 quaastiones

1911 4531 2042 4584 quas
2069 4514 2255 4568 Petrus
2282 4512 2479 4571 Cantor
2508 4524 2681 4569 movet
2705 4516 2770 4570 de
2797 4519 2977 4572 eadem
3000 4523 3213 4575 materia
3236 4524 3438 4578 inlibro

1911 4604 1976 4659 de
1998 4600 2375 4656 Sacramentis.

1912 4712 2106 4768 Selecta
2127 4728 2190 4766 ea:
2225 4730 2336 4783 cap.
2367 4713 2434 4767 33
2481 4716 2691 4783 codicis,
2704 4732 2797 4768 ms.
2827 4718 2889 4770 de
2916 4717 3254 4776 Sucramentis
3300 4722 3438 4778 Petri

2393 4783 2628 4837 Cantoric
2656 4782 2987 4840 Parisiensis.

1980 4875 2240 4940 Quaeritur
2282 4874 2407 4942 quid
2436 4875 2505 4928 sit
2537 4876 2676 4943 quod
2709 4877 2835 4930 dicit
2860 4880 3156 4948 episcopus,
3192 4883 3339 4953 [lngo
3365 4892 3437 4947 te.

1913 4969 1977 5021 ad
2004 4967 2272 5021 basilicam
2298 4981 2363 5021 ex
2388 4967 2669 5022 insensatis
2697 4969 2952 5038 lapidibus
2978 4984 3347 5032 constructam.
3372 4981 3434 5034 It.

1914 5054 2062 5120 Quod
2100 5056 2185 5109 hic
2228 5064 2309 5109 est
2335 5071 2518 5110 sensus
2561 5059 2861 5123 verborum,
2898 5060 2999 5115 Per
3037 5071 3087 5116 te
3111 5064 3350 5134 signiﬁco
3379 5070 3439 5121 fi—

1915 5142 2105 5195 delium
2134 5141 2419 5196 Ecclesiam
2453 5151 2661 5198 unctam
2689 5145 2741 5198 in
2772 5158 3097 5203 sacramento
3140 5152 3280 5217 fidei,
3308 5164 3361 5210 et
3385 5158 3438 5211 iu

1916 5232 2092 5287 futuro
2114 5234 2318 5301 plenius
2364 5236 2819 5303 inungendum—
2837 5238 3099 5304 Quaeritur
3131 5244 3288 5297 etiam
3315 5248 3439 5315 quid

1916 5323 1983 5376 sit
2009 5325 2144 5390 quod
2176 5324 2382 5385 dicitur,
2431 5324 2511 5376 Sit
2550 5326 2661 5379 base
2685 5327 2869 5382 domus
2912 5328 3129 5385 ﬁrmiter
3163 5334 3436 5398 aedificata.

1917 5427 2033 5463 cum
2060 5411 2192 5465 forte
2218 5421 2478 5465 structura
2508 5410 2617 5481 ipsa
2640 5414 2852 5471 muralis
2880 5419 2947 5472 sit
2972 5420 3022 5473 in
3052 5422 3195 5493 ι)ῃὴ
3215 5424 3433 5479 ruitura.

1921 5500 1981 5552 lt.
2006 5499 2153 5564 Quod
2183 5500 2279 5553 hoc
2310 5500 2533 5553 refertur
2561 5503 2625 5555 ad
2666 5503 2804 5558 illam
2833 5508 3118 5574 spiritalem
3154 5511 3437 5569 Ecclesiam

1919 5605 2032 5656 qua-
2060 5602 2150 5655 per
2180 5588 2319 5645 illam
2366 5589 2767 5658 intelligunt;-
2792 5593 3050 5657 Quaeritur
3076 5601 3231 5653 etiam
3264 5612 3438 5659 utrum
