3926 6216
509 300 564 359 il
582 300 631 355 ll
1568 300 1657 354 AD
1695 298 2215 361 PﬂiNlTENTlALE
2254 301 2591 367 THEODORI
3308 328 3317 333 '
3522 310 3659 370 lii!
3846 268 3849 273 ‘

501 426 564 465 ex
602 410 847 467 unctione
874 410 1236 464 sztcramentali
1271 419 1322 463 et
1348 408 1619 478 multiplici
1646 410 2027 471 benedictione.
2056 413 2099 468 Δ
2130 411 2308 467 uanius
2332 412 2386 466 in
2412 413 2529 469 Vita
2562 417 2729 470 sancti
2764 417 3003 483 Antonii,
3031 417 3117 489 qui
3147 433 3336 491 prater
3363 426 3502 479 hanc
3527 441 3660 481 ωυο

502 514 619 580 quae
646 498 704 551 tlt
728 500 779 551 in
810 498 1118 562 dedicanda,
1155 498 1312 552 veluti
1336 514 1453 553 cum
1483 509 1684 563 oratur,
1719 509 1779 553 ut
1810 500 2030 567 quicun-
2130 500 2486 569 suetudiuem,
2513 511 2733 579 caeteras
2758 522 2860 561 non
2895 505 3102 579 probat.
3137 528 3155 562 ι
3184 509 3296 564 llos
3322 515 3541 573 ctenim.
3573 514 3657 566 ln-

500 600 601 653 que
627 584 796 641 locum
836 584 980 639 illum
1025 584 1221 654 aliquid
1263 586 1524 653 petiturus
1557 585 1867 654 ingreditur,
1901 600 2030 640 cun—
2126 590 2270 657 quit.
2297 588 2559 660 Egyptiis
2584 602 2695 656 est,
2728 580 2977 650 nobilium
3008 606 3061 651 et
3086 600 3348 667 praecipue
3374 604 3654 655 beatorum

496 684 581 728 eta
607 689 663 729 se
698 676 976 744 impetrare
1000 676 1237 739 izetetur;
1286 677 1430 729 locus
1467 676 1554 733 ille
1580 677 1807 745 aliquam
1834 677 2025 730 sortia-
2126 684 2414 744 martyrum
2444 693 2662 746 corpora
2693 680 2995 737 linteamine
3022 686 3229 752 quidem
3265 687 3567 750 obvolvem,
3597 695 3655 744 et

500 773 586 817 tur
611 763 916 826 efﬁcaciam.
946 771 999 817 et
1028 763 1255 831 aliquem
1279 765 1459 833 gratiae
1500 763 1789 827 cumulum,
1815 771 1874 816 ut
1906 778 2027 818 con-
2123 761 2349 819 studium
2388 764 2559 827 funeri
2587 767 2793 821 solitum
2822 785 2924 823 non
2952 787 3145 841 negare
3172 791 3185 825 :
3219 783 3359 828 terra
3387 789 3516 828 vero
3542 791 3649 828 non

496 852 631 908 {erat
656 852 851 922 aliquid
895 854 1166 908 orantibus
1209 853 1260 905 in
1305 868 1387 914 eo,
1420 852 1621 906 scilicet
1663 851 1744 905 vel
1773 849 2022 917 majorem
2122 848 2473 916 abscondere,
2511 854 2604 907 sed
2640 869 2801 924 super
2835 856 3058 915 lectulos
3091 861 3228 914 domi
3265 862 3435 930 posita
3475 876 3651 916 reser-

496 943 822 997 devotionem
852 950 903 996 et
946 944 1319 1011 promptiorem
1365 957 1576 1006 precum
1614 939 2019 997 exauditionem.

485 1028 675 1084 Nonne
695 1031 745 1082 in
776 1031 881 1083 alio
902 1032 1016 1086 loco
1053 1032 1243 1099 poterit
1269 1032 1386 1098 quis
1414 1046 1475 1083 ex
1511 1029 1624 1097 pari
1667 1029 1944 1091 charitate,
1969 1036 2023 1081 et

488 1118 762 1172 devotione
788 1120 974 1175 orare?
996 1119 1166 1184 Quare
1202 1134 1326 1189 ergo
1361 1134 1464 1172 non
1510 1119 1723 1182 habebit
1764 1118 2017 1185 requalem

486 1204 730 1260 aﬂectum
762 1204 875 1273 ejus
896 1207 1065 1261 oratio
1089 1219 1135 1260 α.
1815 1272 1819 1278 Α

484 1291 569 1347 Ea:
593 1310 705 1363 cap.
732 1294 815 1349 34.
849 1296 921 1349 De
937 1298 1105 1352 causis
1130 1297 1373 1349 iterandi:
1397 1294 1788 1349 consecrationis
1812 1293 2012 1347 altaris.

2123 950 2264 990 vare.
2308 936 2458 1001 ilunc
2502 940 2751 997 honorem
2791 947 3179 1012 quiescentibus
3212 950 3387 1013 reddi,
3440 954 3645 1007 invete-

2118 1032 2246 1076 rata:
2269 1029 2667 1085 consuetudinis
2683 1032 2887 1088 vanitas
2912 1035 3143 1091 tradidit.
3167 1036 3239 1088 De
3266 1037 3363 1089 hoc
3384 1037 3646 1092 Antonius

2116 1125 2253 1187 smpe
2276 1121 2330 1167 et
2352 1116 2624 1185 episcopos
2648 1120 2956 1189 deprecatus
2982 1131 3091 1185 est,
3146 1131 3203 1177 ut
3230 1124 3446 1191 populos
3471 1126 3645 1179 eccle-

2114 1202 2322 1258 siastica
2349 1207 2722 1261 consuetudine
2751 1210 3101 1275 corrigerent,
3133 1220 3186 1264 et
3214 1212 3376 1265 laicos
3410 1214 3554 1266 viros
3578 1227 3644 1267 ac

2115 1289 2364 1351 mulieres
2393 1291 2606 1370 rigidius
2634 1295 2743 1360 ipse
2765 1296 3024 1355 convenit,
3046 1297 3234 1351 dicens
3266 1314 3280 1348 :
3310 1312 3407 1351 nec
3436 1298 3640 1351 licitum

551 1380 733 1435 Solent
760 1391 934 1436 autem
962 1383 1180 1453 diversa:
1205 1398 1375 1437 causae
1395 1383 1679 1452 distingui;
1723 1398 1887 1449 quare
1919 1383 2012 1437 tlat
2112 1376 2213 1431 hoc
2237 1391 2375 1439 esse.
2402 1393 2499 1432 nec
2526 1380 2630 1433 Deo
2658 1381 2925 1450 placitum,
2953 1383 3143 1450 quippe
3170 1399 3287 1437 cum
3312 1384 3639 1452 patriarcha-

482 1468 691 1524 iteratio
737 1458 1149 1526 consecrationis
1196 1472 1247 1525 in
1278 1472 1453 1535 altari,
1489 1477 1545 1524 et
1587 1470 1722 1523 inter
1750 1470 1867 1523 illas
1907 1483 2011 1539 una
2110 1474 2227 1523 tum
2253 1472 2306 1519 et
2331 1466 2701 1535 prophetarum
2726 1468 2961 1541 sepulcra
2986 1484 3101 1537 qua:
3126 1470 3191 1523 ad
3218 1486 3315 1525 nos
3334 1485 3499 1537 usque
3518 1485 3638 1539 per-

477 1570 634 1616 .causa
658 1560 889 1627 ponitur,
937 1562 1098 1614 motio
1127 1576 1320 1619 mensa)
1344 1562 1542 1623 altaris.
1593 1560 1695 1615 Sed
1732 1568 2009 1628 antequam
2110 1552 2299 1611 durant
2319 1554 2430 1607 haec
2452 1555 2589 1608 facta
2614 1555 2999 1617 convincerent.
3026 1558 3279 1621 Dominici
3303 1558 3493 1626 quippe
3518 1572 3637 1611 cor-

476 1643 542 1697 de
573 1644 673 1699 hoo
696 1643 947 1705 dicamus.
986 1661 1282 1713 quzeramus
1325 1648 1366 1699 si
1414 1645 1548 1705 forte
1584 1654 1918 1700 consecretur
1941 1644 2011 1697 al-
2039 1715 2070 1721 *
2108 1639 2250 1711 poris
2289 1642 2583 1710 esemplum
2620 1642 2811 1696 intueri
2844 1645 3089 1721 iubebat,
3129 1645 3268 1713 quod
3306 1647 3359 1699 in
3394 1647 3637 1714 sepulcro

476 1740 612 1794 tare,
644 1732 792 1801 cujus
814 1734 1110 1793 vehiculum
1142 1734 1210 1787 sit
1236 1748 1421 1803 magna
1445 1742 1616 1787 strues
1641 1732 1885 1801 lapidum,
1903 1747 2005 1785 non
2038 1715 2077 1771 Β
2106 1726 2354 1793 pesitum,
2374 1728 2543 1799 lapide
2566 1744 2729 1798 usque
2750 1731 2814 1783 ad
2840 1718 3243 1791 resurrectionis
3261 1734 3395 1786 diem
3418 1736 3634 1794 tertium

475 1826 651 1873 nmen
680 1825 835 1871 terra:
866 1816 1045 1881 inﬁxa,
1074 1816 1165 1871 sed
1200 1826 1307 1871 tota
1338 1818 1566 1882 mobilis,
1593 1824 1646 1871 et
1676 1825 1781 1871 tota
1824 1816 1921 1877 sic.
1948 1824 2007 1869 ut

472 1906 694 1963 materia
719 1905 805 1961 illa
832 1906 956 1965 inde
980 1907 1045 1965 ad
1070 1907 1240 1971 locum
1272 1907 1495 1975 aliquem
1518 1906 1793 1975 profanum
1820 1904 2005 1958 ail‘era-

472 2001 579 2058 tur,
604 2009 669 2048 an
692 1994 857 2063 possit
880 1994 953 2057 ibi
982 1995 1033 2046 in
1058 2008 1122 2047 eo
1147 1993 1424 2048 celebrari.
1456 1994 1522 2046 Et
1546 2000 1717 2061 potest
1745 1993 1845 2045 dici
1872 1990 1999 2044 nihil

471 2080 743 2149 impedire,
791 2082 1074 2138 dummodo
1119 2082 1168 2135 in
1206 2080 1360 2141 altari
1396 2079 1533 2135 nulla
1582 2080 1670 2132 fiat
1700 2080 1865 2132 motio
1906 2093 2003 2147 per

469 2167 883 2230 translationem,
916 2168 1062 2222 Unde
1090 2177 1233 2237 patet
1258 2168 1424 2237 magis
1458 2169 1508 2220 in
1541 2167 1763 2221 ecclesia
1790 2181 1892 2225 non
1919 2168 2004 2219 de»

469 2254 640 2306 dicata
673 2269 825 2322 posse
857 2270 1015 2324 super
1034 2256 1185 2310 altari
1209 2255 1352 2315 illato
1378 2254 1649 2317 celebrari.
1682 2253 1751 2309 Ut
1770 2255 1836 2308 ad
1861 2254 1998 2311 aliud

467 2342 829 2411 procedamus,
870 2356 1126 2410 ponamus
1153 2343 1291 2411 quod
1329 2343 1382 2400 iu
1412 2356 1589 2396 mensa
1635 2340 1861 2408 quadam
1890 2340 2001 2392 sive

464 2428 687 2498 lapidea,
715 2430 824 2483 sive
841 2429 1010 2498 lignea
1036 2431 1167 2497 lapis
1194 2431 1385 2498 aliquis
1402 2429 1702 2489 collocetur,
1728 2428 1864 2483 sicut
1885 2427 1997 2481 ﬁeri

458 2517 599 2572 solet
627 2519 678 2570 in
712 2518 864 2571 altari
898 2519 1149 2587 portatili,
1196 2517 1282 2571 illa
1311 2527 1485 2570 autem
1529 2530 1707 2569 mensa
1754 2530 1942 2583 magno
1968 2530 1999 2569 e

465 2609 615 2657 strue
640 2602 869 2672 lapidum
908 2612 1161 2659 caemento
1204 2602 1531 2686 uniaftur.Si
1577 2618 1702 2672 ergo
1740 2602 1872 2670 lapis
1912 2602 1997 2655 ille

450 2704 657 2749 vutenszc
684 2693 948 2753 immissus
976 2695 1043 2746 sit
1061 2703 1415 2768 consecratus,
1443 2694 1695 2760 quaeritur
1721 2707 1788 2744 an
1814 2705 1993 2743 mensa

463 2792 603 2839 mota
631 2792 851 2845 astruo,
882 2784 953 2840 sit
988 2776 1153 2847 altare
1177 2785 1346 2838 denuo
1381 2781 1813 2844 consecrandum,
1843 2782 1991 2849 quasi

464 2881 604 2925 mota
652 2886 682 2924 a
718 2871 958 2931 vehiculo
1004 2887 1119 2935 suo,
1158 2886 1274 2929 cum
1324 2870 1409 2924 illa
1450 2881 1621 2926 strues
1670 2867 1992 2937 intelligatur

458 2960 577 3027 ejus
624 2974 741 3013 esse
785 2959 1097 3015 vehiculum.
1153 2959 1348 3015 Volunt
1388 2957 1601 3031 quidam
1647 2956 1985 3035 distinguere,

2100 1812 2333 1867 clausum
2377 1813 2549 1873 fuerit,
2593 1815 2765 1883 Atque
2808 1817 2890 1870 bis
2926 1818 3094 1873 modis
3129 1820 3313 1873 vitium
3357 1822 3495 1874 circa
3543 1822 3637 1875 de-

2098 1898 2303 1953 functos
2337 1899 2580 1970 Egypti,
2611 1904 2816 1964 etiamsi
2844 1917 3027 1960 sancta
3055 1892 3229 1967 eSsent
3264 1923 3514 1977 corpora,
3546 1926 3637 1964 co-

2098 1989 2348 2056 arguebat
2386 1989 2566 2045 dicens
2596 2006 2611 2043 :
2653 1991 2789 2057 Quid
2818 1993 3005 2060 majus,
3036 2004 3127 2055 aut
3153 1997 3387 2051 sanctius
3412 2012 3633 2067 corpore

2096 2084 2267 2145 potest
2310 2091 2427 2131 esse
2473 2079 2771 2143 Dominico,
2822 2082 2959 2149 quod
3006 2082 3153 2149 juxta
3194 2086 3629 2140 consuetudinem

2096 2164 2329 2233 gentium
2372 2175 2682 2227 catterarum
2726 2170 2887 2221 bumo
2930 2170 3193 2225 conditum
3237 2186 3355 2225 esse
3400 2173 3631 2226 scimus?

2098 2249 2217 2305 limo
2247 2250 2385 2317 justa
2424 2253 2693 2318 persuasio
2723 2253 3003 2309 multorum
3039 2257 3249 2313 insitum
3276 2258 3455 2312 evellit
3476 2272 3629 2312 erro-

2097 2353 2236 2399 rem,
2277 2350 2330 2391 et
2365 2341 2609 2408 repositis
2643 2342 2694 2393 in
2726 2350 2863 2396 terra
2892 2346 3234 2402 cadaveribus
3259 2348 3480 2403 Domino
3502 2364 3627 2417 gra-

2098 2426 2195 2479 tias
2222 2441 2319 2493 pro
2345 2428 2481 2483 bono
2510 2430 2814 2498 magisterio
2842 2434 3151 2492 retulerunt.
3189 2455 3207 2485 ι
3236 2436 3384 2500 Quod
3412 2446 3629 2491 sanctus

2093 2510 2351 2567 Antonius
2389 2522 2449 2569 ut
2485 2528 2721 2569 errorem
2754 2526 2809 2570 et
2835 2532 3021 2571 vanam
3056 2522 3478 2588 superstitionem
3502 2521 3629 2591 reji-

2093 2600 2296 2661 ciebat,
2343 2601 2688 2657 inveteratam
2736 2619 2854 2659 esse
2902 2608 3039 2673 apud
3089 2607 3403 2662 inﬁrmiores
3445 2610 3630 2667 ﬁdeles

2092 2688 2520 2743 consuetudinem
2576 2698 2799 2746 testatur
2853 2700 3039 2750 auctdr
3086 2680 3203 2749 libri
3253 2694 3319 2749 de
3369 2696 3627 2752 Resone-

2091 2776 2286 2839 ctione,
2308 2792 2462 2845 quem
2481 2793 2532 2831 v.
2556 2779 2621 2832 ci.
2645 2779 2694 2833 .l.
2721 2780 3035 2857 Sirmondus
3051 2783 3147 2836 sub
3179 2785 3388 2837 nomine
3409 2784 3625 2841 Eusebii

2089 2861 2426 2918 Caesariensis
2452 2865 2615 2935 edidit
2644 2883 2657 2919 :
2692 2884 2711 2915 ‹
2744 2866 2855 2920 Non
2885 2869 3045 2932 enim,
3073 2878 3130 2922 ut
3160 2871 3251 2933 ait,
3280 2870 3499 2943 proiecit
3521 2871 3625 2925 line

2088 2967 2242 3021 gnam
2262 2993 2274 3014 ,
2314 2968 2469 3020 quam
2500 2955 2682 3007 incidit
2710 2956 2964 3017 medicus,
2994 2957 3086 3010 sed
3124 2958 3390 3026 accipiens
3418 2974 3537 3013 eam
3563 2968 3623 3021 ut

460 3058 632 3104 utrum
656 3050 705 3103 in
733 3066 911 3108 mensa
936 3059 1300 3127 consecratum
1339 3049 1522 3111 altare,
1554 3054 1831 3115 antequam
1870 3046 1986 3099 uni-
2013 3040 2059 3101 Ο
2090 3040 2412 3093 medicamen
2453 3041 2518 3094 ad
2564 3042 2842 3096 sanitatem
2879 3043 3016 3097 illius
3059 3045 3228 3103 delicti
3273 3048 3409 3113 Quod
3448 3047 3622 3103 admi-~

460 3146 604 3189 retur
629 3140 758 3191 strui
802 3138 990 3207 lapidis
1013 3155 1107 3207 per
1134 3144 1460 3204 gementum,
1492 3149 1557 3188 an
1594 3141 1729 3209 post.
1761 3132 1816 3186 Si
1843 3140 1985 3199 ante,

457 3225 565 3279 sola
594 3240 770 3278 mensa
798 3227 1117 3294 intelligatur
1142 3224 1301 3278 fuisse
1328 3222 1617 3281 vehiculum
1644 3237 1658 3284 ;
1697 3220 1916 3288 ideoque
1943 3221 1987 3277 si

456 3322 635 3384 postea
660 3324 931 3383 separetur
949 3330 1129 3370 mensa
1162 3330 1189 3366 a
1221 3322 1384 3375 strue,
1409 3327 1510 3365 non
1539 3310 1847 3377 intelligitur
1873 3325 1986 3363 mo.

458 3412 567 3464 tum
598 3404 779 3472 altare,
808 3421 903 3460 nec
925 3415 1005 3461 est
1046 3408 1217 3460 denuo
1252 3403 1683 3459 consecrandum.
1717 3402 1773 3456 Si
1809 3409 1984 3457 autem

455 3492 588 3546 strui
631 3495 773 3550 unita
802 3508 982 3555 mensa
1011 3494 1168 3547 fuerit
1213 3492 1351 3547 facta
1397 3492 1742 3553 consecratio,
1780 3492 1987 3545 videtur

452 3582 613 3636 etiam
651 3582 763 3653 ipsa
789 3591 962 3637 strues
986 3598 1083 3651 pro
1120 3582 1362 3636 vehiculo
1393 3580 1591 3642 fuisse;
1621 3588 1677 3632 et
1693 3586 1817 3637 tunc
1845 3577 1985 3644 judi-

454 3678 607 3725 catur
634 3672 817 3733 altaris
842 3672 1004 3727 motio
1032 3670 1169 3725 facta
1212 3672 1263 3723 in
1293 3685 1486 3724 mensae
1512 3670 1857 3738 separatione.
1887 3666 1985 3721 Hic

454 3764 629 3811 tamen
649 3757 855 3813 credam
879 3758 1308 3828 investigandum,
1332 3757 1540 3812 etiamsi
1568 3756 1644 3811 sic
1667 3755 1835 3817 ﬁeret,
1857 3754 1985 3823 quid

453 3843 744 3904 intenderet
768 3844 1043 3918 episeOpus
1083 3860 1394 3907 consecrare
1438 3859 1693 3905 mensam,
1726 3858 1792 3907 an
1819 3844 1983 3902 altare

454 3948 648 3992 mentite
689 3933 923 3997 inﬁxum.
970 3933 1068 3990 Ubi
1110 3948 1234 3987 vero
1258 3947 1439 3990 mensa
1478 3930 1846 4000 superponitur
1868 3930 1983 3986 sine

451 4030 725 4085 semente,
752 4020 837 4076 vel
862 4036 1173 4087 quocunque
1196 4020 1395 4091 glutino
1421 4020 1750 4088 interposito,
1788 4019 1981 4080 nullam

451 4105 792 4173 mutationem
817 4114 1020 4175 reputo.

450 4215 535 4271 Ea:
562 4233 674 4297 cap.
703 4215 789 4278 35.
819 4213 995 4278 Utrum
1014 4216 1270 4273 destructa
1292 4204 1485 4283 fabrica
1504 4213 1726 4295 ecclesia!
1744 4217 1898 4284 possit
1925 4218 1979 4272 in

885 4300 1170 4341 communes
1196 4300 1317 4338 usus
1344 4299 1553 4347 assumt.

2088 3137 2231 3185 serat
2272 3130 2596 3197 abnegando,
2623 3131 2885 3199 accipiens
2916 3132 3053 3184 domi
3096 3135 3354 3197 recondit,
3394 3144 3453 3187 ut
3491 3148 3621 3189 con-

2086 3226 2302 3271 suerunt
2331 3218 2667 3284 inﬁrmiores,
2698 3220 2877 3274 ﬁdeles
2904 3229 3078 3273 tamen
3113 3222 3392 3286 honorare,
3420 3225 3465 3278 si
3488 3225 3618 3293 quid

2087 3320 2116 3357 a
2162 3307 2481 3374 martyribus
2522 3308 2891 3374 sumpserint.»
2930 3306 3117 3365 Utrum
3148 3322 3274 3361 vero
3310 3309 3466 3364 liceat
3490 3310 3621 3365 reli-

2084 3393 2236 3461 quias
2284 3401 2495 3447 sanctas
2536 3406 2799 3461 exponere
2846 3394 2911 3447 ad
2959 3394 3277 3463 colligendas
3319 3395 3619 3453 oblationes

2082 3496 2177 3550 pro
2204 3481 2402 3536 fabrica
2428 3482 2686 3545 ecclesiis,
2719 3483 2796 3537 sic
2829 3483 3043 3550 exponit
3074 3482 3321 3552 Magister
3351 3481 3618 3542 Robertns

2081 3572 2146 3623 de
2171 3570 2408 3635 Chorcon
2438 3571 2491 3623 in
2517 3585 2610 3623 sua
2637 3585 2859 3623 summa.

2081 3656 2277 3711 Selecta
2304 3673 2367 3710 es:
2391 3668 2571 3721 quirat.
2599 3657 2634 3711 2
2664 3674 2776 3721 rap.
2803 3658 2867 3711 12
2898 3658 3086 3710 radicis
3111 3672 3206 3713 ms.
3243 3656 3467 3711 Summa
3492 3674 3613 3714 ﬂ...

2148 3726 2293 3795 gistrt'
2314 3724 2517 3778 Roberti
2542 3726 2605 3778 de
2632 3725 2861 3789 Chorgon
2889 3724 3217 3779 illustrissimi
3242 3726 3539 3780 cardiacus.

2147 3834 2408 3906 Quaeritur
2432 3835 2475 3888 si
2503 3834 2750 3903 praelatus
2773 3834 2960 3893 debeat
2988 3833 3296 3907 permittere
3320 3832 3612 3901 pradican-

2082 3932 2157 3983 tes
2193 3932 2408 3993 propter
2444 3931 2700 3990 qumstum
2738 3931 2793 3975 et
2830 3929 2908 3982 tot
2933 3920 3349 3981 abominationes
3386 3921 3613 3976 interse-

2078 4020 2256 4073 rentcs
2283 3994 2487 4070 deferre
2520 4009 2759 4083 capsulas
2788 4017 2842 4063 et
2875 4007 3122 4074 reliquias
3155 4016 3455 4061 sanctorum
3484 4022 3609 4069 cum

2075 4100 2338 4169 pnedictis
2373 4098 2592 4162 cedulis,
2633 4098 2698 4150 ad
2726 4094 3041 4165 colligendas
3081 4094 3371 4148 oblationes
3406 4093 3607 4163 passim

2074 4204 2172 4256 pro
2208 4186 2404 4247 fabrica
2433 4186 2686 4243 ecclesiae.
2720 4184 2937 4237 Videtur
2970 4182 3108 4251 quod
3135 4181 3278 4235 nullo
3306 4182 3461 4237 modo
3502 4180 3610 4235 hoc

2075 4281 2184 4349 pati
2208 4281 2424 4343 debeat,
2462 4278 2584 4346 quia
2615 4277 2743 4332 nihil
2770 4276 2911 4328 aliud
2945 4284 3026 4327 est
3053 4273 3174 4326 talia
3202 4269 3444 4325 conferre
3469 4283 3606 4337 pra-

523 4371 786 4439 Quzeritur
811 4371 996 4432 deinde
1035 4372 1099 4428 de
1123 4371 1393 4443 lapidibus,
1428 4372 1536 4431 sive
1562 4371 1627 4426 de
1654 4371 1828 4440 lignis,
1860 4368 1975 4439 Qua:
1996 4353 2048 4412 ἶ)
2074 4369 2227 4433 dictis
2263 4384 2419 4436 quam
2457 4368 2784 4427 committere
2823 4364 3023 4434 gladios
3059 4362 3285 4415 furiosis.
3317 4359 3604 4428 Propterea

452 4461 663 4523 (uerunt
697 4459 749 4521 in
790 4466 1050 4521 structura
1097 4457 1308 4514 fabricae
1347 4459 1751 4523 ecclesiasticae:
1796 4469 1973 4514 utrum

450 4549 687 4621 disrupta
728 4547 948 4610 fabrica,
981 4547 1068 4611 illa
1098 4548 1265 4616 possit
1291 4548 1355 4601 ad
1399 4562 1525 4603 usus
1560 4562 1865 4602 communes
1893 4562 1977 4601 as-

449 4640 607 4704 sumi.
624 4639 875 4703 Videntur
892 4652 1046 4705 super
1067 4638 1167 4690 hoc
1181 4636 1298 4703 jura
1320 4637 1541 4705 prodere
1557 4636 1800 4698 Clemens
1818 4652 1973 4705 papa,

450 4739 503 4780 et
527 4726 805 4795 Eugenius,
840 4735 893 4777 et
920 4726 1067 4796 quasi
1099 4725 1529 4787 contrahendum,
1558 4723 1696 4789 quod
1722 4737 1824 4776 non
1850 4739 1972 4791 pos-

450 4815 538 4869 sit.
570 4815 672 4869 Sed
696 4815 960 4873 dubitatur
986 4823 1161 4867 utrum
1191 4814 1252 4866 ad
1274 4813 1507 4869 oilicinas
1531 4810 1778 4866 fratribus
1799 4827 1975 4866 neces-

450 4904 633 4969 sarias,
647 4910 770 4973 puta
791 4902 1093 4973 capitulum.
1116 4901 1494 4965 dormitorium,
1508 4902 1619 4957 sive
1638 4899 1969 4963 refectorium

450 4993 614 5061 possit
634 4991 848 5055 assumi.
878 4992 1021 5059 (fuod
1045 4992 1215 5068 primo
1244 5004 1348 5041 non
1390 4989 1593 5043 videtur
1621 5003 1821 5053 verum,
1848 4989 1967 5056 quia

454 5080 655 5149 lapides
678 5081 748 5143 iiii
774 5090 821 5133 at
840 5081 979 5147 ligna
1000 5094 1149 5133 sacra
1172 5086 1312 5139 sunt,
1339 5077 1453 5129 loca
1473 5090 1596 5137 vero
1618 5077 1741 5140 talia
1766 5077 1845 5130 vel
1866 5092 1965 5134 non

451 5169 687 5239 profana,
722 5169 800 5225 vel
827 5169 1037 5225 omnino
1064 5168 1134 5221 ita
1156 5179 1324 5221 sacra.

518 5256 723 5310 Gradus
762 5272 861 5313 non
887 5256 1121 5309 debemus
1154 5253 1317 5319 facere
1349 5262 1467 5312 ante
1504 5252 1687 5314 altare,
1727 5253 1814 5304 usi
1850 5253 1969 5305 reli-

450 5347 601 5410 quie.
638 5344 765 5397 Nam
795 5344 1027 5410 reliquiae
1058 5358 1159 5397 non
1190 5339 1243 5396 in
1283 5340 1445 5395 altum
1477 5339 1849 5400 evehebantur,
1878 5340 1969 5393 sed

456 5443 593 5485 terra
631 5432 1099 5488 abscondebantur.
1139 5429 1249 5489 Hoc
1289 5427 1521 5489 declarat
1554 5433 1767 5484 sanctus
1802 5424 1965 5478 Atha-

2074 4456 2173 4509 hoc
2214 4455 2514 4508 indecorum
2558 4461 2667 4515 est,
2705 4461 2760 4505 et
2794 4460 2973 4505 contra
3013 4449 3377 4504 auctoritatem
3413 4454 3470 4500 et
3501 4447 3604 4502 lto-

2073 4550 2328 4596 nestalem
2363 4548 2697 4613 sanctorum,
2735 4547 2797 4593 ut
2820 4540 3094 4618 episcopus
3119 4535 3277 4593 faciat
3301 4532 3418 4587 illos
3452 4547 3602 4587 men-

2072 4632 2248 4689 dicare
2285 4638 2541 4694 mortuos,
2578 4638 2633 4683 et
2663 4638 2781 4697 post
2806 4636 3025 4681 mortem
3052 4641 3113 4681 ea
3138 4638 3372 4694 quarere
3397 4636 3514 4691 qua
3543 4622 3601 4678 in

2070 4721 2175 4773 vita
2207 4735 2299 4773 sua
2329 4727 2575 4785 tanquam
2603 4726 2837 4770 stercora
2866 4724 3253 4783 contempsere,
3289 4711 3424 4766 sicut
3456 4717 3605 4780 patet

2073 4824 2169 4877 per
2196 4816 2430 4871 sanctum
2456 4804 2604 4873 cujus
2630 4820 2820 4873 corpus
2846 4804 3153 4859 collocatum
3180 4800 3395 4854 Parisiis
3431 4798 3486 4853 in
3509 4812 3599 4853 ar-

2072 4906 2257 4967 gentea
2294 4895 2527 4964 capsula,
2567 4908 2683 4949 eam
2718 4892 2895 4949 statim
2935 4890 3096 4958 rupit,
3137 4883 3378 4942 similiter
3413 4892 3470 4941 et
3501 4899 3603 4940 nn-

2071 4999 2235 5047 ream.
2277 4981 2507 5037 Tandem
2550 4980 2602 5034 in
2641 4979 2811 5047 lignea
2847 4977 3124 5044 requievit,
3167 4983 3226 5030 ut
3265 4974 3344 5029 sic
3385 4973 3608 5043 doceret

2071 5080 2307 5123 mortuus
2345 5075 2615 5135 argentum
2654 5064 3121 5126 contemnendum,
3151 5062 3290 5129 quod
3324 5061 3437 5130 ipse
3468 5074 3603 5117 cou-

2073 5157 2283 5226 tempsit
2312 5157 2478 5209 vivus.
2523 5152 2631 5206 Hoc
2657 5154 2813 5206 etiam
2840 5160 3062 5206 testatus
3085 5159 3167 5203 est
3189 5150 3373 5203 beatus
3399 5146 3603 5203 Firmi-

2070 5259 2169 5297 nus
2195 5240 2578 5304 Ambianeusis,
2617 5241 2739 5309 quia
2771 5253 2888 5291 cum
2926 5244 3215 5305 quaestores
3247 5233 3445 5289 vellent
3479 5230 3607 5302 dus

2070 5348 2258 5411 corpus
2286 5348 2314 5386 a
2340 5333 2454 5389 loco
2480 5330 2715 5399 martyrii
2739 5328 2803 5381 ad
2843 5327 2921 5380 sic
2941 5323 3343 5383 mendicantium
3362 5318 3606 5411 deterso.

2071 5408 2173 5476 non
2216 5422 2385 5491 potuit
2421 5420 2487 5479 ab
2531 5418 2790 5496 aliquibus
2826 5431 2853 5471 a
2896 5417 3011 5469 loco
3054 5413 3142 5468 illo
3182 5410 3464 5496 asportari.

456 5564 461 5568 ’
520 5573 549 5604 ιι
580 5560 778 5627 Szrpius
814 5562 1123 5614 hicauctor
1161 5574 1281 5612 suas
1325 5554 1702 5624 propositiones
1744 5568 1845 5609 non
1879 5551 2076 5609 deﬁnit.
