3926 6216
220 326 362 395 tit;

1343 324 1894 383 OBSERVATIONES
1930 328 2016 383 ΕΤ
2054 326 2277 383 ΝΟΤΑΕ.

3242 339 3370 393 HN

211 453 347 507 ergo
371 447 511 507 patet
533 436 669 505 quod
704 438 935 506 reliquus
956 445 1148 491 sancta
1167 452 1269 491 non
1293 447 1413 492 sunt
1438 438 1755 507 exponenda
1780 438 1828 493 Α
1855 434 2008 489 ﬁdem
2035 452 2180 489 suam
2201 437 2395 491 habere
2417 438 2726 502 mercedem,
2748 449 2797 492 et
2829 442 2879 493 in
2909 456 3065 495 sensu
3089 459 3184 497 suo
3210 447 3373 500 abun-
3422 446 3427 449 ’

214 528 286 582 ad
320 526 735 581 mendicandum.
1314 540 1331 593 η

289 616 518 669 Candela
555 616 732 670 ardeat
768 616 855 669 ibi.
901 615 1089 669 Primis
1114 614 1360 668 Ecclesia:
1387 615 1589 669 saculis
1622 630 1749 668 non~

214 701 347 756 dum
383 702 508 755 illud
538 703 590 757 in
616 718 711 756 usu
746 702 905 755 fuisse
930 702 1153 769 probant
1180 702 1487 757 testimonia
1510 701 1745 756 Patrum.

213 787 573 851 Tertullianus
598 792 648 843 in
676 788 1009 858 Apologetico
1038 806 1049 839 :
1088 806 1104 837 ι
1136 787 1241 841 Cur
1262 789 1346 841 die
1374 789 1490 842 laeto
1515 803 1614 841 non
1641 790 1751 842 lau-

216 877 332 940 reis
369 886 543 945 postes
573 877 978 931 obumbramus?
1014 891 1109 930 nec
1138 876 1364 930 lucernis
1391 878 1525 929 diem
1567 877 1751 929 infrin—

214 966 433 1034 gimus.’
456 974 558 1019 etc.
591 964 719 1029 Quis
747 965 887 1017 enim
921 965 1286 1032 pbi|050phum
1314 965 1630 1028 sacriﬁcare,
1663 973 1751 1021 aut

215 1050 464 1107 lucernas
502 1052 720 1105 meridie
755 1066 916 1104 vanas
952 1046 1266 1118 prostituere
1299 1053 1593 1120 compellit?
1627 1071 1643 1101 ι
1688 1053 1751 1106 Et

214 1137 313 1194 lib.
354 1140 417 1191 tle
446 1138 738 1191 ldololatria
774 1157 785 1191 :
826 1158 843 1188 ε
879 1140 1183 1193 Accendunt
1215 1140 1376 1207 igitur
1412 1140 1642 1206 quotidie
1674 1140 1752 1191 lu-

213 1241 428 1291 cernas,
455 1226 644 1295 quibus
667 1226 753 1283 lux
786 1228 921 1279 nulla
956 1237 1051 1281 cst.
1087 1248 1103 1278 ι
1140 1228 1463 1292 Lactantius,
1497 1229 1584 1281 lib.
1617 1245 1662 1281 \‘t
1689 1230 1751 1281 de

214 1329 348 1368 vero
390 1314 531 1367 cultu
570 1332 582 1366 :
620 1332 639 1364 ί
678 1312 982 1368 AccenJunt
1020 1310 1216 1367 lumina
1245 1316 1384 1367 velut
1428 1316 1478 1367 in
1502 1317 1750 1369 tenebris

216 1403 413 1471 agenti.
448 1410 549 1455 etc.
582 1402 675 1455 Vel
707 1403 749 1455 si
780 1401 995 1455 caeleste
1022 1402 1218 1465 lumen,
1250 1404 1388 1473 quod
1420 1404 1641 1460 dicimus
1667 1417 1752 1456 so-

215 1490 343 1550 lem,
369 1490 712 1557 contemplari
738 1492 928 1553 velint,
963 1491 1070 1563 jam
1100 1493 1329 1544 sentiant
1358 1492 1493 1558 quod
1535 1507 1635 1543 non
1672 1494 1751 1544 in-

214 1579 394 1646 digeat
417 1579 643 1631 lucernis
669 1594 850 1632 eorum
880 1580 1035 1639 Deus,
1065 1580 1152 1645 qui
1186 1581 1294 1646 ipse
1323 1581 1373 1630 in
1403 1595 1551 1632 usum
1584 1581 1750 1631 homi-

215 1665 301 1719 nis
323 1674 427 1717 tam
444 1664 662 1733 claram,
688 1672 795 1717 tam
814 1666 1087 1723 candidam
1111 1666 1278 1719 lucem
1303 1666 1464 1728 dedit,
1488 1674 1589 1718 etc.
1615 1666 1748 1719 Num

217 1751 384 1819 igitur
411 1753 602 1805 mentis
635 1767 742 1805 sua:
776 1767 990 1819 compos
1016 1754 1276 1821 putandus
1314 1763 1395 1807 est
1420 1755 1507 1822 qui
1546 1756 1749 1810 auctori

214 1849 271 1896 et
298 1841 469 1894 datori
509 1840 741 1905 luminis,
783 1841 1117 1895 candelarum
1160 1857 1221 1896 ac
1262 1858 1533 1897 cereorum
1579 1843 1751 1898 lumen

216 1926 375 1980 nﬁ‘ert
400 1942 495 1995 pro
523 1929 772 1980 munere?
804 1948 821 1979 ι
850 1928 1001 1991 Circa
1032 1930 1130 1982 hoc
1160 1927 1362 1997 tempus
1392 1932 1530 1983 inter
1552 1930 1754 1985 Tertul—

158 2009 163 2025 '
216 2016 415 2069 lianum
443 2024 496 2070 et
528 2015 859 2075 Lactantium
887 2017 1071 2070 Patres
1098 2019 1305 2071 concilii
1333 2019 1635 2073 Eliberitani
1667 2035 1755 2074 ee—

220 2120 431 2159 reorum
470 2120 565 2173 per
603 2106 739 2158 diem
774 2121 952 2166 Ausum,
999 2114 1090 2160 aut
1127 2108 1301 2173 potius
1341 2106 1558 2159 abusum
1592 2108 1753 2161 inter-

216 2198 462 2249 dixerunt
486 2211 603 2255 can.
634 2196 701 2248 5i
734 2215 743 2249 :
782 2214 798 2245 ι
831 2195 1027 2252 Cereus
1054 2211 1148 2266 per
1181 2198 1316 2251 diem
1344 2197 1538 2265 placuit
1566 2198 1617 2249 in
1648 2212 1752 2250 cce-

217 2286 440 2337 mcierio
474 2300 575 2339 non
612 2286 845 2347 incendi,
887 2294 1022 2350 etc.;
1071 2306 1088 2339 ι
1129 2295 1182 2340 et
1219 2303 1335 2341 can.
1376 2288 1442 2342 '57
1473 2306 1484 2340 :
1519 2306 1535 2337 ι
1568 2288 1751 2341 Prohi-

218 2372 441 2425 beudum
457 2373 615 2425 etiam
638 2388 702 2425 ne
723 2374 965 2427 lucernas
983 2375 1034 2427 hi
1058 2375 1261 2443 publice
1277 2377 1581 2439 accendant,
1608 2396 1624 2426 ι
1646 2384 1748 2431 etc.

215 2459 405 2523 Postea
437 2469 607 2513 tamen
634 2476 759 2513 usus
782 2461 942 2527 cmpit
968 2475 1117 2523 esse;
1169 2476 1324 2529 quem
1354 2477 1471 2513 cum
1496 2464 1751 2517 acerrime

214 2550 367 2617 quasi
393 2549 741 2605 idololatriam
777 2547 1049 2601 damnaret
1085 2549 1413 2617 Vigilantius,
1453 2550 1529 2602 sic
1564 2547 1751 2605 refelli-

140 2690 153 2696 ,
218 2648 305 2691 tur
330 2640 396 2701 ab
423 2638 761 2707 Hieronymo,
800 2638 853 2689 in
890 2637 1108 2706 epistola
1146 2653 1303 2706 quam
1342 2639 1591 2692 adversus
1630 2652 1751 2691 eum

216 2728 464 2796 scripsit:
494 2744 512 2775 ε
542 2726 735 2781 Cereos
753 2736 929 2780 autem
954 2743 1055 2780 non
1084 2728 1223 2780 clara
1254 2727 1369 2785 luce
1395 2727 1748 2790 accendimus,

214 2818 352 2871 sicut
374 2816 568 2871 frustra
589 2817 960 2881 calumniaris;
989 2818 1080 2877 sed
1106 2826 1163 2871 ut
1187 2820 1357 2873 noctis
1386 2821 1629 2873 tenebras
1652 2821 1752 2874 hoc

214 2905 403 2959 solatio
436 2913 805 2973 temperemus,
837 2914 892 2959 et
916 2906 1192 2973 vigilemus
1218 2908 1282 2959 ad
1312 2908 1508 2971 lumen,
1540 2924 1606 2962 ne
1627 2911 1750 2963 αηεί

216 3003 386 3050 tecum
417 2993 739 3048 dormiamus
762 2995 812 3047 in
838 2994 1083 3048 tenebris.
1110 2994 1256 3061 Quod
1285 2994 1328 3049 si
1352 2995 1511 3063 aliqui
1536 3005 1749 3065 propter

217 3081 528 3150 imperitiam
545 3092 600 3137 et
612 3078 1005 3151 simplicitatem
1017 3087 1345 3140 sazcularium
1362 3078 1651 3151 hominum,
1667 3092 1749 3145 vel

215 3181 354 3226 certe
377 3172 735 3242 religiosarum
765 3173 1097 3237 feminarum,
1123 3177 1185 3229 de
1212 3170 1400 3243 quibus
1420 3193 1543 3231 vere
1566 3195 1749 3247 possu-

214 3278 332 3315 trus
359 3264 572 3317 dicere:
601 3262 885 3326 Conﬁteor,
917 3265 1087 3317 zelum
1124 3266 1213 3319 Dei
1256 3266 1471 3327 habent,
1511 3268 1603 3320 sed
1645 3284 1747 3321 non

213 3354 494 3406 secundum
536 3353 832 3416 scientiam,
861 3355 961 3407 hoc
997 3370 1092 3422 pro
1128 3356 1327 3409 honore
1354 3364 1642 3424 martyrum
1672 3355 1749 3409 fa-

212 3443 373 3501 ciunt,
419 3442 542 3508 quid
587 3442 707 3495 inde
753 3442 959 3510 perdis?
994 3443 1361 3498 Causabantur
1404 3448 1664 3514 quondam
1694 3455 1750 3500 et

215 3529 452 3595 apostoli.
486 3530 624 3597 quod
653 3531 851 3598 periret
877 3542 1199 3601 unguentum
1218 3574 1231 3595 ,
1264 3535 1355 3586 sed
1384 3535 1587 3587 Domini
1621 3549 1748 3588 voce

212 3618 436 3686 correpti
476 3626 614 3671 sunt.
668 3618 849 3688 Neque
894 3620 1031 3674 enim
1080 3620 1320 3674 Christus
1355 3621 1618 3691 indigebat
1652 3638 1742 3675 un-

212 3713 421 3772 guento,
462 3720 559 3760 nec
592 3716 855 3776 martyres
894 3707 1090 3761 lumine
1120 3724 1393 3763 cereorum
1436 3730 1447 3762 :
1489 3719 1542 3764 et
1572 3722 1746 3765 tamen

212 3793 295 3847 illa
332 3794 520 3847 mulier
560 3796 611 3848 in
653 3795 853 3851 honore
876 3795 1071 3849 Christi
1115 3796 1213 3849 hoc
1251 3796 1394 3858 fecit,
1433 3798 1747 3867 devotioquc

210 3881 401 3935 mentis
438 3879 552 3947 ejus
587 3882 852 3950 recipitur.
892 3881 957 3937 Et
997 3883 1292 3952 quicunque
1332 3887 1620 3939 accendunt
1661 3902 1747 3941 ce—

213 3984 351 4033 reus,
384 3969 667 4023 secundum
709 3968 863 4024 ﬁdem
904 3986 1053 4023 suam
1090 3972 1283 4026 habent
1322 3976 1637 4036 mercedem,
1670 3976 1747 4029 di.-

208 4065 362 4110 ccnte
392 4057 641 4125 Apostolo
676 4076 689 4111 :
728 4054 1081 4127 Unusquisque
1110 4062 1163 4113 in
1199 4078 1297 4114 suo
1319 4078 1470 4117 sensu
1500 4063 1742 4116 abundet.

210 4143 513 4206 ldololatras
551 4146 781 4215 appellas
820 4146 1116 4214 huiusmodi
1154 4150 1425 4205 homines?
1466 4152 1576 4205 Non
1613 4152 1745 4207 dilli-

210 4244 343 4297 teor,
373 4249 557 4299 omnes
577 4250 673 4289 nos
699 4237 787 4305 qui
827 4237 877 4289 in
905 4236 1116 4292 Christo
1140 4242 1402 4294 credimus
1434 4240 1498 4294 de
1528 4240 1743 4293 idolola-

1847 522 2003 584 dare;
2046 524 2096 576 id
2132 532 2239 586 est,
2270 533 2357 584 ut,
2396 526 2591 593 optime
2618 527 2834 593 exponit
2858 528 3177 597 Augustinus
3207 532 3254 583 in
3284 548 3366 601 ep.

1849 610 1970 672 120,
1996 626 2043 663 c.
2075 612 2159 673 l8,
2189 626 2341 664 unam
2376 613 2427 664 in
2463 613 2542 665 bis
2566 628 2591 665 s
2611 612 2961 667 =luberrimam
2989 617 3219 685 regulam
3251 620 3375 671 reti~

1848 700 2067 751 nendam
2104 712 2237 760 esse,
2264 707 2320 750 ut
2353 715 2467 768 qua:
2505 716 2605 752 non
2644 710 2767 753 sunt
2793 713 2973 761 contra
3006 704 3180 769 ﬁdem,
3206 720 3375 771 neque

1848 796 2029 841 contra
2066 788 2231 841 bonos
2267 802 2458 848 mores.
2495 798 2547 839 et
2581 789 2769 843 habent
2804 791 2997 858 aliquid
3033 792 3097 843 ad
3130 794 3374 845 exhorta-

1848 878 2044 930 tionem
2085 877 2202 929 vita:
2244 877 2496 939 melioris,
2547 878 2839 946 ubicunque
2878 880 3075 932 institui
3114 881 3372 944 videmus,

1838 954 1928 1017 vel
1959 965 2194 1018 instituta
2224 964 2604 1031 cognoscimus,
2638 981 2738 1016 nou
2780 964 2945 1017 solum
2983 980 3083 1017 non
3116 965 3374 1031 improbe-

1847 1070 1983 1117 mus,
2021 1055 2111 1108 sed
2147 1056 2305 1108 etiam
2350 1054 2606 1106 laudando
2646 1061 2699 1106 et
2733 1050 2983 1106 imitando
3017 1061 3298 1117 sectemur,
3329 1052 3375 1109 sl

1848 1142 2137 1207 aliquorum
2186 1141 2461 1194 inﬂru'itas
2505 1154 2605 1191 non
2658 1141 2725 1192 ita
2756 1141 3009 1207 impedit,
3051 1148 3107 1191 ut
3153 1140 3377 1207 amplius

1848 1230 2213 1283 detrimentum
2242 1229 2329 1281 sit.
2368 1230 2441 1280 lta
2469 1228 2626 1296 igitur
2650 1230 2974 1281 sentiendum
3006 1239 3083 1281 est
3114 1231 3177 1282 de
3203 1229 3375 1283 lucer-

1848 1318 1929 1370 nis
1966 1332 2081 1384 qum
2118 1318 2469 1369 accenduntur
2508 1315 2616 1368 sole
2654 1317 2918 1379 rutilante,
2950 1332 3051 1368 non
3093 1318 3269 1384 utique
3311 1316 3375 1369 ad

1850 1405 2103 1473 fugandas
2139 1406 2401 1466 terebras,
2443 1406 2533 1457 sed
2577 1405 2640 1456 ad
2687 1406 2889 1473 signum
2935 1406 3125 1458 notitia:
3165 1409 3377 1460 demon—

1848 1492 2134 1544 strandum.
2204 1492 2392 1543 Verum
2449 1491 2639 1559 quibus
2701 1493 3031 1558 potissimum
3095 1494 3377 1549 luminibus

1847 1580 2211 1647 splendescere
2261 1582 2444 1633 debeat
2491 1582 2747 1643 ecclesia,
2801 1582 3075 1635 admodum
3128 1584 3378 1651 pnrclam

1849 1668 2115 1723 declarant
2149 1679 2359 1722 sanctus
2384 1670 2667 1737 Gregorius
2704 1670 3061 1724 Nazianzenus
3086 1682 3137 1725 et
3166 1683 3379 1728 sanctus

1781 1730 1822 1788 Β
1851 1757 1898 1811 .l.
1928 1757 2348 1827 Chrysostomus,
2378 1773 2595 1826 quorum
2625 1762 2767 1827 prior
2790 1761 2863 1813 sic
2892 1762 2942 1812 in
2970 1764 3205 1817 oratione
3230 1762 3260 1813 4
3289 1764 3379 1815 ad-

1852 1860 2034 1899 versus
2062 1844 2341 1899 lulianum.
2377 1864 2394 1891 ι
2432 1846 2537 1899 Nec
2565 1848 2753 1901 visibili
2794 1848 2985 1902 lumine
3021 1849 3380 1917 splendescant

1852 1936 2053 1995 domus,
2081 1949 2176 1987 nec
2202 1935 2470 1987 tibicinum
2497 1941 2650 1987 cantu
2676 1936 3044 2004 plausibusque
3070 1944 3375 2003 personent;

1852 2021 1951 2074 hoc
1993 2021 2133 2074 enim
2185 2036 2330 2073 more
2372 2021 2593 2091 gentiles
2634 2037 2780 2075 novae
2826 2022 2962 2075 luna:
3008 2020 3197 2075 festum
3240 2022 3381 2079 celo-

1849 2108 2022 2169 brant.
2066 2108 2131 2161 At
2161 2125 2254 2163 nos
2282 2124 2346 2161 ne
2374 2111 2762 2164 committamus
2801 2106 2857 2163 ut
2896 2111 2960 2162 ad
2998 2112 3132 2165 hunc
3171 2112 3381 2167 modum

1851 2196 2014 2249 Deum
2042 2198 2379 2260 honoremus,
2412 2213 2473 2251 ac
2502 2214 2731 2265 prtesens
2760 2208 2961 2267 tempus
2993 2200 3056 2253 iis
3083 2201 3238 2253 rebus
3267 2216 3383 2269 qua

1852 2286 2065 2344 minime
2102 2285 2306 2346 decent,
2350 2287 2695 2350 extollamus;
2746 2288 2835 2340 sed
2878 2286 3036 2341 animi
3077 2290 3301 2355 puritate
3331 2297 3383 2341 et

1850 2372 2039 2425 mentis
2067 2371 2351 2435 hilaritate,
2380 2382 2434 2427 et
2468 2373 2692 2427 lucernis
2724 2383 2885 2427 totum
2922 2376 3166 2429 Ecclesia:
3192 2392 3381 2444 corpus

1850 2461 2252 2521 illustrantibus,
2284 2462 2383 2515 hoc
2422 2470 2522 2523 est,
2564 2462 2755 2515 divinis
2781 2462 3307 2530 eontemplationibus
3330 2473 3384 2517 et

1848 2549 2099 2615 cogitatio
2123 2550 2273 2608 .ibus,
2304 2563 2420 2614 qua
2439 2564 2596 2618 super
2624 2560 2862 2603 sanctum
2891 2552 3256 2605 candelabrum
3284 2567 3378 2606 ex-

1849 2636 2095 2698 citantur,
2117 2645 2275 2704 atque
2300 2637 2599 2690 universum
2632 2646 2891 2691 terrarum
2921 2639 3098 2692 orbem
3127 2640 3241 2693 luce
3265 2655 3382 2707 per-

1851 2722 2089 2777 fundunt.
2130 2744 2146 2774 ι
2179 2724 2306 2777 Vide
2339 2722 2489 2777 Joan.
2515 2724 2943 2793 Chrysostomum
2970 2727 3022 2779 in
3051 2727 3263 2780 homllia
3289 2728 3380 2793 20,

1812 2802 1815 2803 ⁷
1849 2811 1911 2861 ad
1942 2811 2187 2880 populum
2216 2813 2615 2867 Antiochenam.

1920 2899 2131 2953 Incensa
2159 2904 2441 2969 aspergitur
2477 2890 2705 2956 ecclesia.
2748 2903 3089 2959 Judicandum
3128 2906 3191 2959 de
3229 2906 3383 2960 thure

1805 3042 1820 3064 ο
1851 2995 1901 3037 et
1939 2988 2150 3040 incenso
2188 2988 2404 3056 perinde
2446 3003 2507 3041 ac
2546 2990 2611 3042 de
2652 2990 2899 3043 lucernis.
2941 2992 3122 3045 Patres
3160 2992 3381 3061 antiqui,

1852 3077 2142 3144 prmsertim
2180 3077 2373 3140 Batini,
2414 3080 2548 3131 ritus
2572 3080 2761 3146 quibus
2797 3082 2981 3150 pagani
3024 3083 3305 3143 utebantur
3330 3083 3381 3135 in

1851 3165 2142 3225 sacriﬁciis,
2176 3167 2304 3218 adeo
2348 3166 2688 3235 refugiebant,
2720 3177 2775 3221 ut
2797 3171 3004 3237 quidam
3043 3172 3107 3223 ab
3138 3171 3200 3223 iis
3229 3172 3383 3224 rebus

1848 3251 2199 3304 abstinuerint
2235 3267 2367 3318 quas
2393 3256 2654 3320 posterius
2693 3257 2825 3309 bona
2854 3256 3262 3311 Christianorum
3304 3257 3382 3309 in-

1850 3341 2012 3393 tentio
2039 3342 2252 3394 invexit.
2278 3341 2634 3398 Tertullianus
2658 3345 2707 3396 in
2736 3344 3090 3413 Apologetico,
3120 3362 3232 3415 cap.
3264 3345 3332 3399 50
3362 3360 3377 3406 :

1855 3447 1873 3479 ι
1906 3429 2005 3494 Qui
2032 3432 2079 3483 ei
2109 3430 2272 3484 offero
2295 3434 2523 3500 opimam
2558 3442 2611 3488 et
2644 3436 2891 3502 majorem
2928 3439 3179 3497 hostiam,
3220 3451 3376 3503 quam

1846 3519 1960 3587 ipse
1982 3520 2265 3583 mandavit,
2292 3524 2580 3576 orationem
2608 3524 2672 3578 de
2698 3540 2858 3578 carne
2884 3526 3086 3593 pudiea,
3118 3527 3178 3579 de
3206 3529 3379 3580 anima

1848 3608 2130 3670 innocenti,
2174 3610 2239 3663 de
2281 3612 2465 3679 spiritu
2506 3621 2689 3666 sancto
2726 3613 3009 3681 profectam
3040 3630 3053 3667 :
3085 3631 3186 3667 non
3216 3631 3379 3685 grana

1852 3699 2018 3753 thuris
2044 3701 2199 3754 unius
2228 3702 2361 3754 assis
2390 3719 2401 3753 :
2432 3718 2534 3754 non
2561 3701 2799 3756 Arabica!
2828 3704 3031 3756 arboris
3051 3704 3329 3771 lacrymas.
3356 3726 3374 3756 ι

1846 3796 1947 3842 etc.
1978 3789 2044 3841 Et
2062 3804 2176 3855 cap.
2202 3790 2259 3841 41
2285 3807 2296 3841 :
2326 3808 2343 3839 ι
2377 3790 2551 3842 Thura
2577 3790 2729 3857 plane
2757 3806 2857 3843 non
2884 3792 3120 3844 emimus.
3156 3812 3171 3842 ι
3204 3793 3378 3847 Arno-

1846 3877 1964 3930 bius
1989 3876 2079 3930 lib.
2109 3893 2177 3930 vn
2207 3876 2454 3930 adversus
2480 3876 2675 3931 Gentes
2704 3898 2716 3930 :
2751 3862 2783 3927 ι’
2804 3878 2894 3932 Sin
2924 3889 3094 3931 autem
3125 3881 3377 3949 tempori-

1846 3964 1941 4017 bus
1968 3965 2177 4033 priscis,
2204 3980 2371 4031 neque
2419 3966 2675 4028 homines,
2719 3980 2885 4034 neque
2906 3953 2984 4018 dii
3029 3966 3181 4032 hujus
3212 3967 3380 4022 thuris

1845 4055 2141 4121 expetivere
2166 4053 2460 4117 materiam,
2501 4044 2873 4123 Comprobatur
2910 4064 2959 4109 et
3002 4055 3153 4108 hodie
3184 4054 3377 4109 frustra

1843 4144 1969 4197 illud
2014 4144 2342 4211 inaniterque
2388 4144 2654 4211 prmstari;
2702 4144 2839 4210 quod
2884 4158 3052 4211 neque
3092 4145 3379 4210 antiquitas

1843 4234 2195 4286 necessarium
2220 4232 2461 4295 credidit,
2489 4240 2544 4285 et
2566 4232 2679 4285 sine
2702 4231 2820 4285 ullis
2849 4233 3053 4284 novitas
3086 4232 3376 4285 rationibus

209 4324 306 4377 tria
348 4324 573 4378 venisse.
621 4323 733 4378 Non
773 4327 911 4381 enim
958 4328 1241 4389 nascimur,
1283 4328 1373 4381 sed
1418 4330 1742 4381 renaseimur
1771 4355 1816 4415 υ
1844 4325 2112 4392 appetivit,
2156 4332 2255 4377 etc.
2296 4322 2640 4381 Honoramus,
2686 4322 2883 4389 inquiet
2912 4322 3103 4389 aliquis
3130 4321 3372 4385 fortasse,

207 4410 513 4483 Christiani.
543 4414 610 4467 Et
635 4415 755 4482 quia
784 4416 1047 4482 quondam
1086 4417 1387 4471 colebamus
1414 4418 1572 4479 idola,
1604 4433 1741 4471 nunc

209 4498 370 4554 Deum
398 4501 572 4555 colere
609 4517 713 4556 non
743 4502 1014 4567 debemus,
1046 4519 1110 4557 ne
1137 4504 1291 4558 simili
1320 4521 1439 4559 eum
1469 4507 1742 4559 videamur

207 4603 324 4643 cum
366 4590 521 4645 idolis
554 4592 753 4647 honore
795 4594 1073 4647 venerari?
1116 4593 1224 4648 Hoc
1266 4594 1425 4648 ﬁebat
1475 4596 1646 4652 idolis.
1688 4605 1741 4649 et

208 4677 401 4733 idcirco
428 4679 789 4740 detestandum
816 4692 926 4746 est;
962 4683 1061 4735 hoc
1106 4682 1167 4735 ﬁt
1205 4684 1625 4753 martyribus,\et
1664 4686 1739 4738 id-

128 4806 133 4811 -
208 4772 349 4827 circo
379 4772 732 4839 recipiendum
760 4781 858 4827 est.

274 4877 294 4909 ς
344 4857 476 4912 Nam
518 4867 572 4911 et
614 4860 811 4928 absque
855 4872 1143 4929 martyrum
1190 4862 1425 4929 reliquiis
1466 4876 1563 4930 per
1600 4870 1737 4916 totas

208 4946 434 5001 Orientis
453 4947 723 5009 ecclesias,
746 4950 953 5014 quando
978 4948 1249 5015 legendum
1272 4958 1352 5003 est
1373 4950 1732 5018 Evangelium,

207 5032 563 5087 accenduntur
591 5034 863 5088 luminaria
894 5034 1004 5099 jam
1045 5036 1150 5089 sole
1178 5037 1421 5089 rutilante
1456 5054 1468 5091 :
1506 5055 1607 5091 non
1637 5041 1735 5093 uti-

207 5133 305 5184 que
329 5121 395 5173 ad
423 5120 676 5189 fugandas
698 5121 960 5183 tenebras,
988 5123 1077 5175 sed
1111 5124 1170 5174 azl
1199 5125 1400 5190 signum
1430 5126 1622 5179 latitia:
1644 5126 1735 5179 de-

208 5210 622 5262 monstrandum.
652 5208 797 5263 Unde
820 5218 873 5263 et
892 5212 1123 5281 virgines
1143 5212 1241 5265 illa:
1262 5215 1573 5283 evangelica
1596 5230 1732 5269 sem-

208 5310 296 5363 per
318 5296 512 5352 habent
541 5311 789 5351 accensas
817 5298 1081 5365 lampades
1110 5314 1248 5353 suas.
1290 5302 1352 5355 Et
1380 5303 1442 5355 ad
1470 5304 1732 5371 apostolos

208 5383 431 5439 dicitur:
465 5383 581 5440 Sint
614 5384 770 5437 lumbi
802 5388 954 5439 vestri
980 5390 1265 5453 prmcincti,
1315 5399 1361 5441 et
1399 5390 1618 5446 lucerna:
1646 5410 1731 5446 ar-

205 5472 374 5535 dentes
401 5474 455 5525 in
490 5472 721 5525 manibus
750 5472 946 5531 vestris,
990 5484 1091 5527 etc.
1130 5497 1145 5525 ι
1180 5476 1403 5530 Omnino
1441 5480 1727 5533 notandum

209 5570 284 5617 κ
308 5562 447 5634 quod
475 5560 819 5630 Hieronymus
840 5561 969 5615 dicit
993 5579 1415 5637 unumquemque
1442 5569 1724 5622 secundum

1845 4414 1925 4465 his
1952 4412 2099 4475 deos,
2128 4423 2230 4465 etc.
2263 4412 2325 4463 Et
2350 4412 2549 4477 pietas!
2578 4420 2805 4478 quantus
2828 4411 2921 4464 iste
2942 4420 3021 4463 est
3046 4412 3231 4471 honor,
3260 4419 3372 4473 aut,

1838 4502 2026 4570 qualis,
2052 4502 2139 4568 qui
2161 4517 2224 4554 ex
2252 4500 2387 4569 ignis
2410 4500 2571 4553 odore
2590 4499 2865 4551 conﬁcitur
2889 4509 2939 4552 et
2969 4500 3140 4551 resina
3169 4497 3375 4553 arboris

1838 4603 2191 4660 comparatur.
2224 4588 2351 4642 Nam
2382 4603 2447 4641 ne
2476 4589 2610 4641 forte
2655 4588 2903 4656 ignoretis
2940 4588 3063 4655 quid
3104 4597 3193 4639 aut
3233 4588 3370 4643 unde

1837 4680 1906 4731 sit
1933 4680 2054 4731 thus
2081 4678 2216 4731 istud
2244 4696 2253 4729 :
2284 4677 2480 4730 viscum
2505 4685 2584 4728 est
2606 4676 2885 4729 corticibus
2909 4675 3191 4743 profluens,
3221 4695 3238 4727 ι
3263 4684 3367 4730 etc.

1834 4771 2117 4839 Antiquom
2163 4778 2332 4823 tamen
2373 4770 2506 4836 apud
2534 4768 2743 4821 Graecos
2782 4767 2953 4820 thuris
2992 4767 3188 4821 incensi
3214 4781 3367 4821 usum

1835 4860 2078 4928 colligere
2126 4859 2245 4913 licet
2292 4875 2352 4911 ex
2404 4858 2691 4911 canonibus
2741 4858 2961 4911 vetustis
3007 4858 3103 4910 sub
3156 4858 3368 4911 nomine

1835 4952 2205 5019 apostolorum.
2238 4950 2345 5003 [loc
2370 4958 2543 5003 autem
2574 4948 2730 5001 habet
2757 4962 2923 5002 canon
2949 4947 2981 4999 5
3008 4965 3019 4995 :
3058 4963 3075 4995 ς
3110 4945 3184 4999 Ne
3211 4944 3366 4999 liceat

1834 5040 2029 5107 aliquid
2056 5040 2193 5092 aliud
2226 5040 2288 5091 ad
2314 5037 2479 5090 altare
2503 5035 2711 5095 oﬁ'erre,
2743 5048 2899 5103 quam
2924 5032 3092 5086 oleum
3122 5033 3186 5086 ad
3212 5032 3362 5085 lumi-

1832 5122 1981 5191 nare,
2026 5136 2079 5182 et
2122 5129 2390 5181 incensum
2434 5136 2669 5194 tempore
2714 5131 2906 5178 sancta:
2947 5122 3243 5186 oblationis,
3284 5126 3364 5177 καὶ

1830 5219 2050 5285 θυμίαμα
2070 5213 2140 5287 τῷ
2176 5220 2332 5286 καιρῷ
2358 5223 2445 5274 τῆς
2468 5215 2613 5286 ἁγίας
2639 5218 2943 5286 προσφορᾶς.
2992 5210 3056 5265 Et
3091 5226 3215 5265 sane
3251 5211 3361 5263 lau-

1831 5304 2017 5358 dabilis
2045 5319 2188 5366 usus,
2235 5304 2324 5371 qui
2370 5296 2630 5371 signiﬁcat
2672 5303 2961 5356 orationem
3000 5308 3234 5353 nostram
3268 5298 3358 5351 de-

1830 5395 1954 5447 bere
1981 5409 2096 5447 esse
2121 5394 2387 5446 incensum
2412 5392 2462 5444 in
2491 5398 2772 5461 conspectu
2804 5389 2915 5443 Dei.
2964 5387 3110 5455 Quod
3131 5386 3359 5441 Joannes

1828 5482 2232 5550 Chrysostemus
2255 5488 2308 5533 et
2336 5479 2422 5532 alii
2457 5478 2638 5533 Patres
2665 5478 2831 5534 Graeci
2871 5479 3056 5548 smpius
3092 5484 3355 5545 repetunt.

1828 5567 2175 5633 Quamobrem
2226 5567 2269 5621 si
2324 5566 2519 5635 majora
2570 5568 2854 5621 studiorum
2906 5566 3049 5619 lucra
3098 5564 3353 5633 speranda
3440 5570 3451 5579 ‘
