3926 6216
515 371 646 425 1213
1578 381 1664 433 AD
1703 378 2023 433 POENITEX

2101 378 2137 428 Α
2150 377 2229 429 LE
2268 377 2605 431 Tlll‘iOllOlll
3553 376 3687 427 1226

503 491 646 551 sint,
690 504 843 555 quam
887 491 1322 543 calumniatorum
1375 494 1683 546 detrimenta
1735 492 2040 555 metuenda,
2075 496 2115 549 A
2146 492 2265 543 dum
2322 492 2548 545 debitam
2598 493 2807 545 Christo
2860 480 3157 546 reddiderat
3191 497 3465 547 animam:
3518 496 3686 545 etiam

508 591 623 630 sme
651 577 976 643 dubitatione
1005 578 1300 632 faciendum
1331 591 1438 644 est,
1480 584 1614 635 sicut
1650 583 1880 649 loquitur
1917 599 2038 635 san-
2140 580 2274 629 fama
2313 578 2511 642 volanS,
2569 580 2697 631 tanti
2745 580 3036 646 prmnuutia
3077 581 3268 641 luctus,
3325 580 3488 633 totius
3534 580 3690 632 urbis

508 670 624 715 ctus
659 664 979 729 Augustinus
1022 666 1075 716 in
1114 666 1334 732 epistola
1363 667 1425 717 ad
1461 666 1784 720 Ianuarium.
1828 668 1927 720 Sed
1959 669 2039 719 ni-
2138 664 2383 730 populum
2423 666 2486 717 ad
2531 666 2809 731 exsequias
2834 668 3201 735 congregabat.
3234 666 3509 719 Sonabant
3539 666 3689 734 psal—

510 754 663 805 miam
697 754 847 806 istius
875 756 1012 806 modi
1052 755 1241 807 rituum
1273 757 1474 822 ecpiam
1510 757 1661 823 paulo
1689 766 1805 823 post
1831 768 2041 809 sanctus
2140 754 2243 814 mi,
2272 761 2326 804 et
2354 761 2536 805 aurata
2568 755 2878 821 templorum
2924 756 3150 808 reboans
3193 756 3247 807 in
3280 756 3505 809 sublime
3548 770 3690 823 qua-

506 841 827 909 Angustinus
853 827 1113 908 vituperat
1149 858 1263 910 cap.
1298 844 1362 894 19
1397 843 1626 908 ejusdem
1665 844 1927 909 epistolie,
1962 846 2041 897 his
2142 844 2302 897 tiebat
2336 845 2580 897 Alleluia.

506 929 721 981 verbis:
763 947 779 977 ‹
817 928 922 982 Sed
959 932 1057 982 hoc
1094 931 1249 982 nimis
1287 932 1435 983 doleo
1475 932 1596 998 quia
1638 932 1796 985 multa
1836 950 1949 1000 qua:
1990 935 2037 984 in
2210 922 2489 998 thuanilo
2512 934 2625 1001 quis
2650 943 2908 985 consecrat
2932 934 3681 1001 aquammrimumorationem

506 1017 699 1069 divinis
734 1016 880 1069 libris
919 1018 1263 1071 saluberrime
1290 1030 1547 1086 przecepta
1575 1028 1736 1079 sunt;
1754 1021 1923 1073 minus
1953 1038 2040 1073 cu—
2138 1019 2315 1085 faciat.
2360 1019 2570 1086 Absque
2620 1021 2760 1072 enim
2790 1021 3048 1083 oratione,
3082 1019 3233 1086 juxta
3263 1020 3683 1079 Tertullianum,

508 1114 712 1168 rantur,
742 1114 843 1158 etc.
874 1106 1121 1171 Quamvis
1148 1107 1287 1158 enim
1319 1122 1486 1175 neque
1521 1109 1622 1160 hoc
1655 1108 1886 1161 invenire
1923 1124 2040 1174 pos-
2140 1108 2304 1159 viduae
2327 1119 2448 1159 sunt
2485 1124 2653 1174 aquae,
2683 1108 2881 1160 scilicet
2914 1107 3112 1176 Spiritu
3157 1116 3339 1161 sancto
3376 1108 3489 1174 qui,
3523 1108 3678 1158 invo-

505 1195 595 1256 sit,
626 1194 887 1261 quomodo
922 1201 1104 1247 contra
1136 1195 1289 1246 fidem
1326 1196 1458 1258 sint;
1506 1196 1668 1261 ipsam
1709 1202 1879 1247 tamen
1922 1195 2040 1246 reii-
2138 1203 2287 1247 catus
2312 1210 2466 1262 super
2495 1211 2678 1262 aquas,
2705 1211 2794 1248 eas
2828 1195 3026 1249 cmlesti
3053 1194 3197 1249 fonte
3237 1197 3473 1257 maritat,
3515 1204 3577 1246 ut
3606 1195 3685 1243 ait

503 1286 730 1352 gionem,
778 1300 933 1352 quam
978 1286 1306 1353 paucissimis
1344 1289 1398 1338 et
1444 1284 1881 1337 manifestissimis
1908 1284 2038 1335 ecle-
2139 1292 2352 1337 sanctus
2391 1284 2638 1336 Paulinus
2675 1286 2726 1337 in
2754 1286 2906 1352 epist.
2949 1284 3033 1345 1%,
3070 1286 3135 1337 ad
3166 1283 3454 1338 Severum:

504 1374 798 1426 brationum
829 1370 1171 1427 sacramentis
1195 1376 1551 1429 misericordia
1573 1376 1663 1427 Dei
1687 1390 1801 1428 esse
1822 1375 2036 1427 liberam
2260 1393 2459 1440 Saucius
2483 1396 2526 1439 ί..
2553 1394 2676 1441 hunc
2699 1392 3088 1454 cmloidt'scendit
3107 1394 3313 1451 Spiritus
3329 1392 3542 1454 amnem,

502 1463 683 1526 voluit,
726 1464 1003 1531 servilibus
1030 1465 1279 1517 oneribus
1318 1474 1580 1531 premunt,
1622 1474 1679 1516 ut
1718 1465 2027 1517 tolerabilior

2319 1454 2607 1513 Cwleanue
2632 1466 2791 1500 sacras
2814 1453 2943 1500 fonte
2968 1454 3151 1501 maritat
3174 1465 3334 1513 aquas.

499 1551 568 1603 sit
593 1552 822 1605 conditio
846 1551 1166 1616 .ludacorum,
1194 1554 1281 1621 qui
1313 1544 1520 1606 etiamsi
1549 1562 1753 1619 tempus
1775 1550 2037 1605 libertatis
2742 1571 2964 1625 CAPUT
3004 1572 3065 1624 ιι,

497 1657 599 1693 non
641 1643 981 1710 agnoverint,
1019 1642 1271 1709 legalibus
1302 1650 1476 1693 tamen
1513 1641 1753 1703 sarcinis,
1793 1655 1894 1692 non
1936 1641 2033 1691 liu-
2278 1661 2351 1713 De
2387 1663 2548 1715 m-bus
2594 1663 2835 1730 gradibus
2874 1662 3116 1717 Ecclesia,
3145 1664 3533 1732 ρνεηεξραηδη.

498 1728 667 1780 inanis
694 1728 1187 1795 prazsumptiouibus
1212 1726 1574 1791 subjiciuntur.
1615 1746 1631 1775 ι
1667 1726 1796 1779 Vide
1825 1741 2033 1793 quoque

496 1812 769 1879 epistolam
805 1813 1039 1867 Leonisl
1072 1813 1136 1866 ad
1161 1814 1432 1866 universos
1470 1813 1743 1881 episcopos
1772 1827 1866 1880 per
1896 1813 2030 1864 Sici-

495 1903 617 1956 liam
648 1905 984 1967 constitutos,
1011 1919 1125 1972 cap.
1158 1904 1208 1956 2.

562 1988 743 2043 Laicus
800 2006 899 2042 non
951 1990 1093 2043 debet
1137 1992 1191 2042 in
1227 1989 1449 2042 ecclesiis
1495 1988 1758 2040 lectionem
1794 1988 2025 2039 recitare.

2136 1988 2186 1999 ν-
2219 1988 2382 1999 vva-cun
2396 1988 2645 1998 nuuuv-v-uv-

2205 2054 2257 2068 Π.
2315 2054 2345 2068 Ι·
2647 2053 2659 2068 Ι
2822 2055 2833 2068 Ω
2889 2065 2897 2068 -
2987 2057 2997 2068 ι
3197 2056 3227 2068 ιο
3417 2064 3426 2068 Α
3495 2057 3504 2068 ι
3528 2056 3539 2068 l
3608 2059 3617 2067 σ

495 2077 647 2133 Ilunc
705 2081 943 2133 ordinem
984 2082 1093 2148 jam
1147 2095 1242 2132 suo
1294 2088 1527 2145 tempore
1579 2076 1867 2130 stabilitum
1913 2089 2029 2127 esse

2200 2054 2257 2107 Si
2293 2054 2538 2106 diaconus
2585 2053 2659 2106 vel
2701 2055 2958 2123 presbyter
2980 2057 3085 2121 ipse
3128 2056 3334 2107 calicem
3380 2064 3426 2108 et
3457 2056 3676 2107 oblatio-

492 2178 671 2233 apertc
696 2168 928 2221 declarat
965 2142 1361 2236 antiquissimus
1401 2142 1541 2235 apud
1590 2167 1803 2219 Latinos
1846 2166 2029 2219 Patres
2128 2158 2239 2245 {mn
2270 2144 2771 2245 ἠαηίίηλδηξξηνῆτίλ
2804 2142 2951 2244 Ουίξδ
2984 2144 3129 2245 idem
3158 2146 3463 2245 Ρῖπδίξξίῗδθ
3495 2146 3561 2197 de
3590 2162 3677 2198 ⁵³⁸⁵

491 2256 861 2317 Tcrtullianus,
907 2256 995 2323 qui
1038 2258 1358 2309 contrarium
1390 2272 1539 2308 usum
1584 2256 1795 2307 damnat
1839 2255 1891 2307 in
1926 2254 2029 2306 Ec-

2127 2235 2240 2299 ipso
2268 2241 2487 2285 testatur
2508 2233 2871 2285 Theodoretus
2899 2233 2951 2285 in
2984 2232 3214 2285 Historia
3254 2234 3520 2302 religiosa,
3548 2251 3670 2301 cap.

490 2344 647 2397 clesia
698 2344 1063 2397 luereticorum
1101 2359 1217 2412 cap.
1248 2342 1354 2396 λιιι
1409 2362 1427 2393 t
1472 2344 1652 2410 Itaque
1697 2343 1830 2394 alius
1875 2342 2029 2394 hodie

2127 2324 2212 2377 20.
2268 2344 2285 2374 ι
2337 2326 2445 2395 Ego
2480 2342 2630 2389 vero,
2680 2327 2870 2393 inquit,
2920 2325 3144 2379 libenter
3173 2328 3569 2412 _obtemperavi,
3619 2342 3677 2382 ct

488 2433 787 2503 episcopus,
820 2449 941 2487 cras
974 2433 1143 2484 alius:
1177 2432 1334 2485 hodie
1372 2430 1643 2492 diaconus,
1684 2430 1772 2497 qui
1801 2443 1920 2481 cras
1958 2427 2028 2479 le—
2127 2429 2277 2503 330m
2317 2429 2439 2467 "353
2471 2414 2644 2467 εποιτί
2676 2414 2806 2481 Ῑυεεί
2838 2416 2956 2483 (“ec
2988 2416 3129 2468 enim
3156 2418 3338 2485 Ρτοουί
3375 2419 3665 2471 πεπληθ-

487 2535 633 2589 ctor;
665 2525 819 2577 hodie
844 2525 1138 2592 presbyter,
1165 2523 1251 2589 qui
1280 2536 1399 2576 cras
1426 2521 1608 2575 laicus.
1642 2521 1771 2572 Nam
1807 2526 1860 2571 et
1883 2518 2030 2570 laieis

2127 2502 2238 2571 cus)
2285 2503 2731 2571 diaeonorumquc
2774 2503 3014 2557 manibus
3042 2511 3195 2558 utens
3222 2520 3317 2572 pro
3352 2506 3528 2568 altari,
3559 2521 3681 2575 my—

487 2613 831 2669 S'Icerdotalia
878 2627 1091 2664 munera
1136 2612 1429 2681 injungnnt.
1481 2630 1497 2660 ι
1557 2609 1837 2677 Antiquior
1885 2608 2027 2676 apud

2127 2593 2315 2645 sticum
2348 2599 2399 2645 et
2426 2593 2660 2644 divinum
2695 2607 2757 2645 ac
2784 2592 3013 2645 salutare
3055 2594 3370 2646 sacrificium
3418 2595 3607 2647 obtuli.
3646 2614 3670 2647 ι

2065 1792 2106 1848 Β
2206 1770 2454 1838 Episcnpo
2481 1771 2594 1822 licet
2623 1772 2946 1837 conﬁrmare,
2978 1781 3103 1834 etc.,
3135 1774 3367 1823 similiter
3393 1784 3440 1824 et
3470 1773 3684 1841 presby-

2134 1870 2258 1910 tero.
2290 1858 2416 1911 Vide
2440 1857 2573 1911 infra
2599 1866 2754 1925 caput
2777 1859 2808 1910 4
2838 1858 3218 1912 Ptenitentialis
3245 1860 3308 1911 de
3350 1859 3682 1925 Baptismate

2133 1954 2186 1999 et
2213 1946 2645 1999 Conﬁrmatione.

487 2701 701 2754 (irzecos
729 2698 963 2753 Justinus
995 2701 1131 2753 lnmc
1160 2714 1367 2767 quoque
1392 2700 1631 2751 ordinem
1662 2698 1787 2749 mihi
1820 2696 2029 2749 vidciur
2198 2700 2473 2769 Episcopus
2500 2719 2597 2753 non
2645 2702 2786 2753 debet
2813 2703 3043 2754 abbatem
3090 2720 3263 2771 cogere
3299 2705 3367 2757 ad
3411 2707 3671 2773 synodum

489 2790 721 2842 indicare
746 2790 797 2842 in
848 2789 1087 2857 apologia
1139 2789 1308 2855 prima
1343 2786 1491 2851 juxta
1552 2784 1851 2847 Eusebium,
1912 2799 2027 2851 qua:
2126 2790 2218 2839 ire.
2255 2787 2387 2852 Nisi,
2430 2798 2487 2841 ut
2532 2789 2705 2851 addit,
2737 2790 2897 2843 etiam
2934 2790 3107 2858 aliqua
3153 2792 3478 2846 rationabilis
3507 2810 3672 2847 causa

488 2879 706 2947 proinde
734 2877 869 2929 male
906 2876 1211 2928 inscribitur
1252 2884 1308 2926 ut
1335 2873 1563 2925 secunda
1593 2873 1644 2924 in
1671 2872 1857 2934 editis;
1904 2886 2023 2924 cum
2125 2877 2213 2929 sit,
2249 2877 2374 2942 Qum
2400 2893 2559 2931 causa
2594 2878 2821 2931 maxime
2852 2878 3177 2932 rationabilis
3204 2889 3307 2942 est,
3338 2894 3457 2932 cum
3480 2896 3671 2933 mea".

488 2969 653 3022 dicit:
702 2985 719 3016 ‹
776 2966 973 3020 Deinde
1020 2966 1214 3019 lectore
1240 2967 1541 3034 quiescente
1587 2964 1937 3032 priesidens...
1973 2972 2026 3015 et
2126 2972 2213 3016 tur
2236 2966 2303 3018 ab
2330 2965 2596 3033 episcopo,
2619 2980 2681 3017 ex
2710 2980 2773 3019 eo
2795 2966 2934 3033 quod
2970 2974 3120 3018 extra
3150 2966 3383 3035 regulam
3420 2966 3669 3021 fecerint.

488 3057 710 3133 populus
767 3056 937 3109 fauste
985 3055 1305 3109 acclamat...
1356 3053 1659 3106 absentibus
1704 3062 1878 3105 autem
1933 3066 2025 3117 per
2052 3101 2098 3161 ϐ
2125 3052 2685 3106 Conc.Aurelianense
2720 3069 2764 3113 ι,
2807 3069 2854 3106 c.
2889 3054 2988 3106 l9:
3024 3072 3041 3102 ‹
3074 3054 3306 3109 Abbates
3336 3071 3431 3122 pro
3455 3057 3674 3109 humili-

508 3148 538 3161 .-
1120 3152 1162 3161 ..
1315 3144 1395 3161 τυ.
1452 3142 1661 3161 μευ---
1714 3141 2023 3161 tantum”-
2130 3149 2234 3161 ._._
2270 3140 2533 3161 ﬂues»-.-
2581 3143 2625 3161 ,Α
2677 3144 2907 3161 ,μμ-μμ-
3004 3160 3021 3161 η
3074 3160 3091 3161 η
3141 3153 3177 3161 .,
3224 3154 3235 3161 -
3278 3154 3289 3161 .
3502 3149 3563 3161 ς-
3652 3158 3663 3161 -

489 3148 744 3201 diaconos
781 3146 1025 3207 mittitur,
1086 3152 1189 3197 etc.
1243 3163 1260 3193 ›
1315 3144 1403 3195 Sic
1451 3142 1661 3195 videtur
1707 3141 2026 3206 distinguere
2052 3140 2098 3161 ν
2130 3149 2238 3194 tate
2269 3140 2537 3209 religionis
2580 3143 2633 3196 in
2670 3144 3035 3211 episcoporum
3068 3153 3326 3212 potestate
3368 3149 3672 3200 consistant

489 3238 741 3291 lectorem
785 3250 814 3288 a
850 3235 1183 3302 prtesidente,
1214 3234 1471 3296 diaconis,
1518 3241 1571 3285 et
1622 3231 1830 3300 populo.
1893 3231 2024 3282 Nam
2126 3230 2241 3282 etsi
2283 3230 2406 3295 quid
2447 3239 2595 3282 extra
2628 3228 2871 3294 fecerint,
2911 3233 2976 3285 ab
3018 3233 3264 3299 episcopo
3307 3235 3672 3302 corrigantur,

488 3340 615 3379 vero
663 3332 803 3377 esset
857 3323 1047 3390 aliquis
1101 3322 1353 3376 diaconus
1398 3321 1487 3388 qui
1550 3321 1759 3373 lectoris
1812 3333 2025 3371 munere
2126 3318 2215 3383 qui
2249 3317 2405 3370 se’mel
2438 3318 2489 3370 in
2536 3333 2695 3381 anno,
2726 3318 2777 3371 in
2816 3319 2929 3372 loco
2968 3320 3055 3373 ubi
3101 3321 3377 3389 episcopus
3424 3322 3672 3391 elegerit,

492 3417 819 3482 fungeretur,
853 3413 952 3465 hoc
1001 3410 1195 3464 nollem
1236 3412 1442 3479 penitus
1485 3424 1695 3478 negare.
1740 3409 1870 3461 Nam
1906 3424 2024 3460 cum
2126 3414 2341 3471 accepta
2387 3407 2664 3460 vocatione
2710 3409 3045 3462 conveniant.
3080 3429 3098 3459 ι
3132 3410 3332 3464 Coneil.
3366 3411 3672 3466 Antisiodo-

490 3502 636 3569 prius
669 3500 915 3554 describit
945 3498 1207 3568 synaxim,
1252 3498 1481 3565 loquitur
1507 3504 1709 3549 tantum
1741 3497 1805 3550 de
1846 3497 2025 3563 praesi-
2127 3507 2279 3545 rense
2302 3494 2398 3546 sub
2426 3493 2636 3563 Pelagio
2668 3510 2734 3557 ιι,
2761 3512 2809 3549 c.
2838 3496 2867 3546 7
2895 3515 2906 3549 :
2954 3515 2971 3546 ι
3011 3497 3076 3551 Ut
3103 3498 3279 3558 medio
3312 3498 3446 3552 Maio
3481 3514 3673 3555 omnes

489 3592 665 3653 dente,
694 3589 947 3651 diaconis,
974 3596 1027 3640 et
1047 3587 1256 3654 populo.
1287 3586 1351 3637 Et
1387 3592 1599 3637 sanctus
1626 3584 1867 3637 Clemens
1905 3584 2025 3637 Ale—
2124 3580 2415 3647 presbyteri
2441 3580 2507 3633 ad
2541 3582 2797 3648 synodum
2821 3583 3051 3646 veniant,
3081 3592 3135 3637 et
3169 3584 3414 3639 Kalendis
3436 3586 3670 3640 Novem-

492 3678 781 3729 xandrinus
841 3675 1252 3728 ecclesiasticam
1320 3673 1669 3725 hierarcbiam
1731 3687 2026 3740 proponens
2126 3669 2232 3721 bris
2258 3684 2440 3722 omnes
2468 3670 2685 3723 abbates
2713 3671 2779 3723 ad
2817 3672 3101 3738 concilium
3136 3675 3469 3728 conveniant.
3502 3698 3518 3727 ι

492 3766 624 3819 libro
659 3781 708 3817 vr
758 3765 1080 3817 Stromatum
1131 3762 1369 3816 meminit
1406 3770 1606 3815 tantum
1633 3764 2021 3830 episcoporum,

2193 3776 2303 3831 Rex
2323 3795 2458 3841 vero,
2482 3780 2525 3831 si
2551 3780 2665 3848 plus
2693 3789 2785 3832 est.
2824 3779 2954 3845 Quia
2995 3795 3087 3834 rex
3130 3796 3160 3834 a
3199 3782 3305 3835 Deo
3346 3764 3669 3841 constitutus

492 3854 1312 3923 presbyterorum,diaconorum.
1345 3852 1605 3920 Quidquid
1624 3854 1708 3941 Asit
1737 3871 1748 3903 :
1777 3853 1904 3941 satis
1932 3869 2023 3905 su-
2123 3876 2205 3921 es:
2245 3868 2525 3936 episcopus
2550 3883 2728 3921 rerum
2758 3877 3096 3923 externarum
3129 3888 3141 3922 :
3189 3872 3393 3939 qualem
3444 3888 3502 3928 se
3540 3874 3669 3941 jure

490 3960 687 4013 perque
713 3952 938 4007 constat,
970 3943 1111 3995 hunc
1155 3941 1407 3994 lectorem
1460 3956 1563 3991 non
1615 3939 1774 3993 fuisse
1806 3939 2018 3994 laietun.
2123 3964 2279 4009 νοωι
2315 3957 2689 4011 Constantinus
2732 3960 3016 4026 imperator
3053 3960 3323 4029 alloquens
3364 3939 3660 4045 episcopos.

490 4034 641 4102 Quod
670 4033 856 4087 sufﬁcit
897 4033 962 4085 ad
987 4032 1310 4101 probandum
1338 4032 1495 4083 etiam
1526 4030 1686 4084 laicos
1710 4033 1895 4100 priscis
1936 4049 2023 4088 cc-
2127 4062 2146 4095 ι
2179 4044 2284 4098 Vos
2321 4045 2554 4111 quidem,
2584 4045 2772 4113 inquit,
2814 4046 2866 4099 in
2917 4047 2981 4101 iis
3026 4062 3143 4115 quae
3192 4049 3329 4102 intra
3373 4030 3664 4106 Ecclesium

490 4125 664 4180 clasis:
693 4124 896 4177 saeculis
923 4125 975 4175 in
1001 4123 1183 4191 synaxi
1212 4121 1459 4174 lectiones
1484 4138 1586 4175 non
1617 4124 1883 4178 recitasse.
2123 4142 2267 4196 sum,
2300 4134 2530 4202 episcopi
2565 4135 2694 4187 estis
2723 4150 2737 4188 :
2772 4148 2869 4204 ego
2900 4151 3025 4190 vero
3054 4138 3107 4189 in
3144 4137 3209 4191 iis
3253 4152 3371 4205 quae
3396 4149 3547 4193 extra
3571 4157 3664 4209 ge-

564 4213 672 4268 Nec
701 4212 909 4266 alleluia
940 4214 1123 4268 dicere.
1181 4216 1407 4270 Sanctus
1447 4217 1769 4285 Augustinus
1819 4219 1873 4273 in
1914 4221 2023 4287 cpi-
2122 4230 2328 4285 runtur,
2364 4224 2641 4293 episcopus
2685 4239 2713 4276 a
2761 4226 2869 4278 Deo
2917 4240 3033 4279 sum
3089 4228 3422 4283 constitutus.
3456 4249 3476 4280 υ
3533 4229 3661 4286 Haec

490 4305 623 4359 stola
649 4304 713 4356 ad
740 4302 1045 4356 Ianuarium
1085 4323 1096 4357 :
1125 4324 1143 4354 ε
1180 4304 1357 4368 Varie,
1387 4306 1573 4373 inquit,
1605 4314 1845 4360 cantatur
1877 4307 2018 4373 alibi,
2121 4313 2257 4379 apud
2291 4313 2596 4378 Eusebium,
2624 4313 2714 4366 lib.
2745 4329 2795 4366 iv
2822 4312 3041 4369 de‘Vita
3067 4315 3393 4385 Constantini
3415 4334 3533 4387 cap.
3567 4320 3656 4373 ει.

492 4404 649 4463 atque
674 4393 941 4485 alibiallic
970 4395 1193 4485 hymnus
1236 4395 1366 4448 tanti
1413 4396 1771 4449 aestimabatur
1818 4398 2017 4462 Romm,
2048 4422 2100 4485 ι)
2120 4400 2225 4454 Leo
2248 4400 2297 4463 ι,
2323 4401 2374 4452 in
2387 4402 2603 4468 cpistola
2626 4400 2688 4453 ad
2715 4402 3065 4457 Theodosium
3087 4403 3380 4474 Augustum
3406 4426 3419 4461 :
3442 4428 3461 4459 ‹
3482 4408 3661 4474 Quan-

493 4492 550 4535 ut
594 4482 870 4549 quotannis
908 4482 1069 4535 semel
1111 4493 1388 4537 caneretur
1421 4502 1433 4537 :
1465 4486 1510 4538 si
1543 4486 1818 4540 credamus
1862 4487 2022 4541 Sozo-
2048 4482 2069 4485 ⁷
2123 4500 2232 4542 ιυιιι
2259 4492 2486 4559 praesidii
2518 4491 2769 4545 Dominus
2808 4492 3057 4547 Ecclesia:
3091 4509 3199 4548 sua:
3240 4496 3293 4565 in
3332 4497 3435 4550 ﬁde
3466 4507 3660 4553 vestra:

492 4588 645 4626 meno
686 4570 776 4625 lib.
824 4587 904 4635 vr,
951 4586 1065 4639 cap.
1105 4573 1189 4626 19.
1242 4572 1501 4627 Pneterea
1534 4575 1712 4629 Romae
1741 4578 2021 4643 quotannis
2118 4583 2407 4635 clementia:
2433 4584 2762 4650 praepararit,
2792 4584 2873 4637 bis
2900 4584 3061 4636 etiam
3088 4583 3281 4638 litteris
3319 4602 3453 4655 quas
3474 4588 3540 4641 ad
3568 4604 3660 4643 me

490 4660 651 4715 semel
678 4662 885 4713 canitur
912 4661 1150 4727 Alleluia,
1179 4664 1349 4732 primo
1370 4664 1453 4717 die
1468 4666 1732 4732 paschalis
1754 4666 2019 4721 festivita-
2116 4671 2354 4732 misistis,
2385 4671 2701 4733 ostenditur,
2728 4679 2784 4722 ut
2808 4672 2954 4724 vobis
2983 4687 3085 4725 non
3110 4672 3277 4726 solum
3305 4674 3526 4744 regium,
3558 4678 3656 4731 sed

493 4750 596 4807 tis:
630 4750 758 4802 adeo
775 4758 852 4813 ut,
892 4751 1037 4803 multi
1068 4753 1425 4807 Romanorum
1454 4755 1554 4808 hoc
1571 4753 1917 4824 jurejurando
1942 4761 2017 4812 uti
2115 4760 2275 4811 etiam
2327 4757 2702 4811 sacerdotalem
2750 4759 2980 4813 animum
3030 4760 3203 4815 inesse
3250 4762 3590 4830 gaudeamus.
3628 4784 3648 4816 ι

492 4837 709 4901 soleant,
754 4846 813 4890 ut
857 4838 993 4893 hunc
1037 4841 1285 4918 hymnum
1329 4843 1510 4897 audire
1552 4852 1605 4896 et
1653 4859 1843 4899 canere
1894 4847 2019 4915 ipsis
2115 4846 2367 4913 Agapitus
2396 4847 2671 4914 episcopus
2697 4847 2867 4901 Rhodi
2892 4848 2957 4900 ad
2984 4848 3211 4902 Leonem
3244 4850 3650 4918 imperatorem:

490 4926 775 4994 cmitingat.
814 4947 832 4977 ι
868 4927 1004 4982 Idem
1049 4914 1271 4983 testatur
1308 4931 1650 4987 Cassiodorus
1694 4934 1746 4987 in
1790 4937 2017 4991 Historia
2120 4954 2136 4984 ι
2166 4935 2359 4989 Omnes
2385 4950 2600 4988 oramus
2624 4935 2910 4989 innumeris
2936 4952 3028 4990 vos
3055 4940 3358 4992 conservari
3394 4940 3650 5009 tempori-

492 5015 770 5082 tripartita,
797 5016 885 5082 qui
912 5018 997 5069 vix
1023 5026 1229 5085 poterat
1254 5020 1393 5073 hunc
1416 5036 1613 5075 morem
1641 5022 1901 5090 ignorare.
1932 5026 2019 5077 At-
2113 5024 2229 5077 bus.
2259 5025 2393 5078 Vere
2422 5038 2647 5092 namque
2673 5026 2918 5079 sacerdos
2940 5035 2993 5079 et
3015 5035 3201 5081 natura
3227 5028 3512 5096 imperator
3532 5030 3651 5087 exi-

494 5112 665 5156 tamen
714 5103 1061 5173 Hieronymus
1105 5108 1357 5161 adversus
1398 5109 1737 5177 Vigilantiam
1767 5112 1904 5166 inter
1936 5114 2013 5182 ip-
2114 5112 2227 5164 stis.
2254 5131 2271 5162 ι
2317 5111 2465 5165 Unde
2484 5111 2771 5179 Gregorius
2798 5113 2839 5167 ll
2868 5129 2971 5168 non
3001 5112 3255 5168 diffitetur
3278 5130 3462 5171 omnes
3481 5117 3652 5173 bonos

492 5191 601 5244 sius
657 5192 1052 5247 allucinationes
1109 5204 1368 5259 recenset,
1396 5213 1414 5244 ι
1453 5196 1855 5264 quod'putaret,
1886 5216 2017 5253 nun-
2114 5200 2459 5267 imperatores
2504 5215 2659 5268 posse
2703 5202 2878 5255 vocari
2922 5203 3238 5256 sacerdotes.
3271 5201 3362 5258 Sic
3386 5207 3529 5258 enim
3573 5221 3652 5259 re-

495 5292 645 5345 quam
672 5278 771 5329 nisi
814 5279 865 5331 in
906 5280 1106 5334 Pascha
1153 5281 1373 5336 Alleluia
1420 5284 1755 5337 cantandum.
1796 5305 1813 5336 ι
1864 5287 1928 5338 Et
1965 5288 2014 5339 in
2073 5333 2081 5339 .
2113 5293 2334 5359 spondet
2356 5290 2514 5343 Leoni
2551 5290 2728 5344 Isauro
2752 5292 3054 5359 imperatori
3092 5293 3143 5346 in
3166 5294 3386 5362 epistola
3418 5309 3650 5362 nquam

490 5366 757 5435 cpitapbio
791 5367 1015 5423 Fabiola:
1039 5370 1201 5426 refert
1228 5373 1279 5425 in
1313 5375 1452 5447 illius
1493 5377 1757 5442 exsequiis
1794 5376 2014 5430 Alleluia
2112 5381 2175 5433 ad
2206 5382 2374 5449 ipsum
2414 5380 2596 5433 scribit
2633 5399 2643 5432 :
2688 5398 2705 5427 ε
2742 5379 3008 5450 Scripsisti
3038 5398 3051 5433 :
3100 5382 3389 5450 imperator
3428 5396 3654 5449 sum,“

492 5453 652 5507 fuisse
676 5463 939 5510 cantatum
973 5460 1130 5513 etiam
1160 5460 1358 5515 Romae.
1390 5462 1676 5528 Quantum,
1705 5464 1890 5531 inquit,
1924 5467 2015 5518 ha-
2112 5470 2374 5523 sacerdos.
2399 5469 2678 5524 Enimvero
2696 5470 2783 5537 qui
2812 5480 2931 5524 ante
2957 5481 3007 5524 te
3050 5472 3258 5524 fuerunt
3298 5472 3657 5541 imperatores

492 5542 640 5596 heret
666 5544 887 5601 viventis
918 5548 1145 5605 Fabiola:
1168 5552 1332 5606 Roma
1370 5554 1697 5618 miraculum,
1732 5554 1782 5607 in
1808 5565 2012 5608 mortua
2114 5562 2210 5612 hoc
2240 5573 2397 5627 opere
2433 5574 2495 5612 ac
2525 5574 2765 5612 sermone
2796 5560 3240 5621 demonstrarunt,
3278 5562 3368 5628 qui
3402 5561 3661 5617 condide-

494 5633 883 5689 dcmonstravit.
922 5637 1151 5694 Necdum
1201 5642 1441 5709 spiritum
1491 5643 1844 5706 exhalavcrat,
1894 5661 2011 5697 ncc-
2115 5656 2253 5712 runt,
2280 5656 2333 5701 ct
2363 5662 2541 5701 curam
2574 5656 2845 5715 gesserunt
2872 5648 3206 5701 ecclesiarum
3231 5664 3329 5701 uua
3362 5663 3486 5702 cum
3514 5666 3657 5718 pou-
