3926 6216
268 407 407 459 Ill?

1387 388 1938 482 OBSEI’WATIONES
1980 387 2064 440 ET
2104 374 2327 440 ΝΟΤΕ.

3284 377 3414 426 HIS

265 515 508 566 tilieibus
529 509 816 578 cupiditate
845 505 1057 572 zeloque
1083 502 1304 563 incensi,
1337 508 1440 554 etc.
1482 519 1499 549 ι
1530 499 1595 550 Ει
1624 496 1758 548 infra
1786 513 1797 546 :
1829 505 1872 556 Α
1901 493 2362 547 consecrationem.
2400 510 2416 540 ι
2453 489 2598 543 Unde
2624 487 2746 540 olim
2771 485 2973 539 diaconi
3001 483 3249 536 ecclesias
3271 499 3422 550 quas-

272 626 294 656 ‹
339 607 401 659 Hi
429 613 550 658 sunt
575 601 875 656 sacerdotes
896 606 949 650 et
974 597 1317 664 imperatores
1340 592 1426 659 qui
1455 591 1505 642 id
1529 603 1686 656 opere
1717 588 1807 639 de—

270 701 665 746 monstrarunt.
707 707 725 739 ι

351 779 409 833 Si
435 779 651 847 pretium
688 773 961 827 redimendi
991 787 1092 824 non
1117 770 1282 822 habet.
1308 767 1438 820 Vide
1463 779 1612 818 conc.
1642 762 1808 814 Aure-

273 869 518 920 lianense
550 881 639 923 ιιι,
667 879 713 916 ε.
741 863 833 923 l5;
880 859 1249 912 Aurelianense
1279 870 1349 916 tv,
1377 869 1423 906 c.
1459 851 1558 914 23;
1594 849 1648 901 S.
1681 849 1810 920 Cre—

276 970 400 1023 gor.
428 954 519 1005 lib.
553 968 645 1013 ιιι,
670 950 822 1026 epist.
865 948 918 1000 9.

355 1061 607 1130 Episcopo
650 1058 761 1108 licet
808 1063 976 1108 votum
1003 1053 1213 1106 solvere.
1258 1049 1362 1101 Nec
1391 1049 1489 1099 hoc
1517 1046 1814 1111 vituperan-

279 1154 413 1203 dum
458 1163 573 1202 esse
617 1147 758 1200 clare
800 1143 1028 1197 ostendit
1067 1147 1278 1193 sanctus
1311 1134 1614 1188 Ambrosius
1638 1145 1815 1184 exem-

280 1241 389 1306 plis
427 1237 816 1304 Seripturarum
863 1230 1173 1284 auctoritate
1224 1225 1445 1282 ﬁrmatis
1471 1221 1559 1272 lib.
1605 1235 1661 1270 ιιι
1691 1217 1816 1270 0111-

280 1327 512 1386 ‹·ἱοι·υιιι,
550 1336 665 1388 cap.
705 1320 770 1371 12
799 1337 810 1370 :
843 1319 1075 1388 Denique
1108 1315 1158 1366 in
1181 1314 1324 1365 Isaac
1356 1310 1608 1362 habemus
1634 1320 1811 1358 exem-

282 1417 457 1481 plum,
488 1425 585 1479 pro
619 1424 722 1476 quo
757 1407 971 1459 arietem
1012 1405 1147 1456 Deus
1185 1400 1366 1452 statuit
1398 1394 1655 1448 immolari
1697 1392 1814 1444 sibi.

287 1503 405 1553 Non
437 1513 644 1565 semper
683 1496 842 1562 igitur
881 1491 1137 1560 promissa
1185 1486 1428 1540 solvenda
1455 1483 1628 1535 omnia
1675 1488 1815 1533 sunt.

288 1591 527 1655 Denique
562 1587 668 1653 ipse
705 1583 957 1635 Dominus
994 1579 1292 1643 frequenter
1324 1588 1469 1626 suam
1507 1577 1673 1622 mutat
1698 1584 1818 1620 scu-

289 1677 535 1736 tentiatn,
563 1673 699 1724 sicut
721 1669 992 1734 Scriptura
1024 1665 1238 1716 indicat.
1275 1660 1494 1724 Quando
1518 1657 1822 1709 Theodorus

283 1764 458 1824 addit,
487 1762 544 1814 Si
580 1759 705 1820 vult,
734 1757 967 1810 declarat
1007 1766 1123 1819 quae
1150 1750 1219 1803 sit
1251 1747 1538 1800 auctoritas
1559 1743 1815 1810 cpisc0pi,

286 1854 428 1906 adeo
455 1859 515 1902 ut
554 1847 642 1915 qui
697 1845 810 1899 sine
867 1842 1005 1895 illius
1046 1852 1302 1892 consensu
1351 1841 1502 1887 vovet
1549 1831 1728 1900 quasi_
1757 1844 1821 1881 ex

287 1942 469 1994 alieno
494 1945 676 1990 voveat
704 1946 755 1988 et
790 1933 938 2000 quasi
971 1931 1199 1983 alienum
1220 1933 1453 1992 usurpet.
1479 1923 1628 1982 Nam;
1668 1927 1724 1972 ut
1753 1920 1827 1970 ait

290 2038 512 2082 smctus
545 2025 836 2094 Cyprianus
870 2022 920 2072 in
946 2018 1164 2086 epistola
1203 2015 1269 2068 Υ]
1297 2033 1309 2066 :
1341 2032 1357 2063 ι
1408 2011 1656 2066 Ecclesia:
1694 2007 1826 2061 ratio

292 2119 532 2172 decurrit
555 2125 612 2168 ut
656 2112 884 2166 Ecclesia
932 2123 1090 2176 super
1137 2107 1406 2176 episcopos
1449 2102 1824 2162 constituatur;

292 2217 351 2258 ct
373 2206 544 2259 munis
567 2212 711 2256 actus
748 2198 992 2253 Ecclesiae
1026 2210 1120 2264 per
1151 2194 1360 2248 eosdem
1393 2189 1700 2258 praepositos
1733 2200 1828 2253 gn-

295 2303 565 2347 ternetur.
606 2311 623 2341 l
661 2289 804 2344 Unde
833 2285 970 2340 infra
998 2283 1300 2336 Theodorus
1325 2281 1377 2332 in
1415 2292 1531 2344 cap.
1567 2274 1831 2340 Quaestio-

299 2396 429 2435 num
457 2379 664 2447 conjug.
693 2395 706 2428 :
748 2394 766 2425 ι
798 2376 864 2428 Ει
885 2377 930 2426 si
950 2373 1069 2440 quis
1103 2372 1155 2423 in
1185 2362 1421 2422 smculari
1451 2365 1630 2418 habitu
1657 2369 1834 2415 votum

301 2471 508 2525 voverit
536 2470 649 2522 sine
675 2480 930 2521 consensu
961 2460 1214 2530 episcopi,
1247 2459 1356 2525 ipse
1379 2456 1655 2522 episcopus
1681 2450 1835 2502 habet

304 2565 619 2629 potestatem
658 2564 862 2608 mutare
902 2538 1232 2605 sententiam,
1262 2545 1303 2598 si
1334 2543 1460 2596 vult.
1495 2560 1512 2590 ι
1547 2539 1673 2592 illud
1703 2539 1836 2590 idem

305 2623 464 2699 docet
484 2645 732 2712 magister
756 2640 1016 2693 Robertus
1050 2636 1114 2687 de
1154 2631 1489 2684 Flamcsbure
1514 2627 1565 2678 in
1603 2639 1698 2678 suo
1724 2623 1839 2675 Pce—

311 2733 591 2786 nitentiali.
1499 2741 1502 2745 ·
1735 2729 1738 2734 ’

315 2840 515 2895 Selecta
542 2823 626 2891 ea:
667 2852 798 2903 cap.
819 2834 851 2885 4
881 2832 994 2903 libri
1022 2847 1057 2884 ιι
1092 2825 1458 2903 Pwnitentialis
1487 2840 1580 2903 nis.
1612 2819 1843 2903 magistri

386 2891 590 2986 [iobcrti
631 2891 1084 2985 .de.'_l"lutnesbure,
1127 2896 1359 2948 canonici
1405 2892 1460 2946 S.
1517 2891 1750 2949 Victoris,
1795 2894 1843 2937 et

385 2985 766 3045 paenitentiam.

389 3085 517 3136 Item
556 3081 654 3134 etsi
689 3081 753 3132 de
805 3077 1017 3130 licentia
1063 3073 1244 3127 uxoris
1290 3072 1490 3122 intrans
1541 3065 1844 3134 religionem

322 3172 595 3228 monachis
616 3180 669 3223 et
689 3168 960 3223 sacerdote
987 3165 1353 3233 pneseutibus,
1382 3161 1460 3212 vir
1495 3159 1548 3212 in
1583 3172 1766 3210 manus
1791 3170 1848 3206 se

321 3265 467 3318 dedit
500 3259 718 3320 abbatis,
761 3257 856 3310 sed
887 3256 1132 3324 episc0po
1154 3253 1452 3320 ignorante;
1480 3249 1524 3300 si
1553 3245 1736 3297 mulier
1757 3256 1852 3294 nec

322 3359 630 3420 perpetuam
660 3345 801 3398 vovit
839 3339 1234 3401 continentiam,
1275 3349 1371 3399 nec
1405 3348 1523 3386 cum
1570 3331 1681 3382 viro
1733 3328 1854 3380 reli—

324 3442 534 3508 gionem
563 3435 798 3496 intravit,
828 3439 1000 3500 potest
1031 3445 1150 3483 eum
1187 3437 1435 3479 revocare
1469 3423 1762 3491 episcopus,
1798 3426 1856 3470 ut

329 3531 384 3580 in
407 3522 652 3579 decretali
685 3520 983 3588 Propterea,
1028 3516 1080 3568 in
1109 3513 1258 3566 titulo
1293 3512 1355 3562 de
1391 3508 1710 3561 conversione
1739 3521 1857 3556 con-

329 3619 643 3684 iugatorum.
684 3609 831 3675 Quod
865 3609 940 3661 sic
966 3604 1235 3672 intelligo:
1285 3601 1422 3668 quod
1456 3598 1732 3665 episcopus
1769 3610 1861 3662 po-

331 3717 435 3759 test
459 3713 513 3757 et
539 3702 690 3756 debet
717 3701 885 3752 virum
913 3698 976 3750 ad
1002 3695 1236 3749 mulieris
1261 3690 1565 3760 petitionem
1588 3701 1858 3747 revocare,

331 3795 376 3847 si
410 3792 496 3846 illa
523 3792 572 3842 in
601 3790 892 3856 ingressum
915 3785 1011 3839 viri
1036 3789 1323 3850 protestata
1343 3785 1423 3830 est
1446 3791 1499 3828 se
1531 3775 1665 3828 nolle
1691 3773 1861 3827 conti-

334 3895 481 3934 nere.
511 3876 659 3942 Quod
699 3875 839 3927 enim
873 3871 1065 3925 dicitur
1095 3868 1232 3936 quod
1257 3874 1432 3917 votum
1470 3861 1863 3922 solexnnizatnr,

316 3969 546 4040 quando
576 3966 764 4032 aliquis
810 3976 866 4017 se
896 3963 946 4014 in
979 3975 1163 4013 manus
1200 3957 1288 4009 dat
1330 3953 1554 4026 abbatis,
1595 3949 1659 4001 de
1683 3947 1868 4001 solutis

337 4058 647 4125 intelligitur
674 4053 929 4123 personis,
963 4066 1063 4103 non
1115 4049 1177 4101 de
1217 4045 1456 4104 subditis,
1488 4043 1596 4093 sive
1627 4030 1870 4105 coniuga—

339 4152 408 4201 tis
432 4167 443 4200 :
470 4146 592 4215 quia
629 4159 725 4196 nec
756 4143 855 4202 vir,
884 4155 981 4192 nec
1008 4137 1192 4190 mulier
1232 4135 1344 4186 sine
1371 4129 1598 4199 episcopi
1643 4125 1871 4178 auctori-

340 4248 450 4292 tate
476 4235 780 4303 religionem
811 4232 1006 4283 intrare
1034 4236 1220 4295 potest.
1263 4223 1411 4276 Unde
1437 4222 1537 4273 iste
1563 4216 1871 4283 coniugatus

341 4329 432 4398 qui
466 4329 581 4381 sine
603 4323 912 4398 auctoritate
936 4318 1163 4388 episcopi
1191 4317 1241 4368 iu
1266 4327 1450 4368 manus
1470 4324 1526 4362 se
1548 4307 1688 4362 dedit
1716 4306 1872 4359 abba-

305 4471 313 4477 ,
345 4393 434 4477 tis,
479 4414 606 4468 nihil
636 4412 777 4466 fecit.
836 4393 845 4404 '

420 4505 714 4571 Presbytero
740 4499 835 4552 soli
861 4499 1008 4551 liccat
1055 4498 1233 4548 missas
1266 4494 1451 4560 facere.
1491 4489 1735 4543 Diaconis
1782 4486 1877 4555 igi-

349 4607 436 4647 tur
470 4607 572 4645 non
611 4590 752 4642 licet.
781 4585 1071 4640 Concilium
1105 4581 1409 4634 Arelatense
1438 4595 1484 4640 I,
1528 4593 1576 4630 c.
1609 4575 1708 4626 15:
1756 4593 1771 4622 ι
1808 4575 1878 4625 De

322 4680 661 4735 «liaconibns
709 4689 843 4743 quos
889 4671 1226 4742 cognovimus
1276 4667 1452 4720 multis
1495 4664 1623 4717 locis
1671 4662 1878 4722 oll'errc,

351 4769 548 4838 placuit
580 4765 792 4817 minime
836 4761 946 4813 ﬁeri
990 4758 1202 4812 debere.
1235 4777 1252 4806 ι
1306 4754 1468 4807 Cone.
1526 4752 1880 4820 Ancyranu'm,

352 4878 402 4913 e.
429 4858 465 4910 ‘2
491 4875 502 4908 :
550 4873 566 4904 ι
617 4854 876 4907 Diaconos
902 4848 1142 4902 similiter
1171 4845 1258 4911 qui
1290 4841 1675 4897 sacriﬁcarunt,
1700 4846 1882 4904 postea

354 4957 529 5002 autem
559 4941 796 4996 reluctati
824 4946 964 4999 sunt,
987 4936 1145 4988 alium
1161 4933 1368 5001 quidem
1394 4931 1645 4983 honorem
1669 4924 1883 4984 habere,

358 5037 503 5104 ipsos
524 5039 700 5086 autem
727 5029 791 5080 ab
819 5028 959 5079 omni
985 5021 1294 5077 sacerdotali
1329 5017 1639 5081 ministerio,
1668 5012 1884 5080 etjuxta

359 5103 592 5177 codicem
628 5117 875 5171 Ecclesia:
901 5113 1179 5171 univcrsze,
1208 5113 1272 5160 ab
1297 5108 1438 5160 omni
1478 5119 1629 5159 sacro
1654 5103 1889 5154 ministe-

365 5211 445 5264 rio
467 5221 700 5266 cessare,
729 5213 782 5258 et
810 5217 998 5270 pzine-n
1020 5185 1112 5251 'vcl
1140 5198 1356 5251 calicem
1383 5193 1632 5246 oﬂ'erendi
1659 5190 1892 5257 vel‘prze-

363 5293 592 5350 dicandi.
618 5313 635 5342 ι
663 5291 755 5343 His
779 5291 971 5343 etenim
995 5286 1273 5354 aliquando
1307 5283 1580 5336 commissa
1613 5289 1694 5331 est
1722 5277 1894 5329 Domi-

368 5382 473 5436 nici
496 5379 766 5448 sanguinis
793 5376 1140 5436 consecratio,
1177 5382 1233 5425 ut
1254 5380 1464 5425 sanctus
1483 5366 1789 5420 Ambrosius
1823 5374 1893 5416 tea

370 5479 541 5524 statur
579 5470 644 5522 de
676 5474 859 5520 sancto
900 5464 1182 5516 Laurentio
1222 5462 1464 5520 diacono,
1514 5458 1604 5508 lib.
1637 5471 1652 5506 ι
1692 5453 1901 5507 Ofﬁcio-

373 5575 511 5622 runt,
532 5573 646 5625 cap.
672 5557 729 5608 41
763 5575 774 5606 :
806 5573 822 5602 ι
859 5553 1110 5621 Echrire
1140 5557 1303 5610 certe,
1332 5556 1510 5598 utrum
1537 5545 1778 5597 idoneum
1802 5542 1899 5593 mi—

374 5651 594 5706 nistrum
622 5645 857 5714 elegeris,
899 5648 980 5696 ('ni
1009 5640 1315 5696 commisisti
1351 5635 1603 5690 "Olllinici
1631 5630 1898 5699 sanguinis

1857 1801 1896 1857 Β

1904 581 2023 633 dam
2070 587 2334 632 rexerunt.
2391 577 2548 629 Cone.
2599 574 2927 634 Eliberitan.,
2981 587 3098 624 can.
3133 571 3231 621 77:
3282 570 3304 620 ι’
3365 570 3420 622 Si

1903 671 2020 737 quis
2044 671 2294 723 diaconus
2318 682 2504 735 regens
2527 666 2747 733 plebem,
2777 674 2877 716 etc.
2912 683 2930 714 ι
2956 663 3237 728 Gregorius
3258 661 3424 714 Turc-

1907 764 2100 822 ncusis,
2152 762 2217 814 de
2264 761 2440 825 Gloria
2479 758 2856 820 confessorum,
2903 772 3018 824 cap.
3074 756 3184 809 30:
3234 773 3252 804 ι
3300 756 3426 808 Post

1909 854 2186 919 longinqua
2222 867 2347 903 vero
2394 865 2649 902 annorum
2693 849 2973 909 curricula,
3025 836 3295 909 Cantilius,
3335 828 3452 913 qui.

1908 942 2069 1008 ipsius
2090 941 2334 992 Arverna:
2359 939 2501 991 urbis
2526 939 2797 1005 cpiscopus
2826 937 2975 988 datus
3007 945 3108 998 est,
3150 937 3200 988 in
3251 937 3426 989 diaco-

1911 1039 2033 1081 natu
2070 1045 2161 1081 suo
2189 1016 2476 1081 Ecclesiam
2500 1027 2612 1080 vice
2648 1026 2785 1077 illius
2812 1025 2966 1077 rexit.
3002 1044 3019 1074 ι

1979 1138 2044 1189 Et
2090 1135 2327 1204 populum
2375 1135 2680 1186 benedicere.
2727 1133 2908 1186 Patres
2941 1133 3144 1186 concilii
3187 1133 3435 1200 Regcnsis

1911 1225 2227 1294 presbyteris
2267 1223 2572 1290 permittunt
2615 1231 2672 1274 ut
2707 1221 2949 1288 privatim
2975 1220 3306 1282 benedicant,
3333 1233 3435 1272 non

1914 1315 2116 1383 publice
2143 1313 2194 1364 in
2231 1311 2453 1363 ecclesia
2482 1329 2492 1362 :
2533 1327 2550 1359 ‹
2597 1310 2664 1361 Ει
2689 1311 2824 1361 inter
2849 1300 3074 1361 minutas
3116 1309 3211 1360 has
3241 1308 3438 1360 discus-

1916 1403 2088 1452 sioncs
2109 1407 2160 1450 et
2190 1396 2487 1450 indeﬁnitas
2515 1397 2682 1448 visum
2713 1403 2792 1448 est
2837 1395 2974 1447 omni
3015 1395 3320 1461 presbytero
3349 1409 3439 1459 per

1916 1487 2159 1546 familias,
2189 1499 2283 1550 per
2309 1498 2480 1551 agros,
2508 1498 2601 1548 per
2632 1483 2861 1549 privatas
2885 1482 3085 1542 domos,
3121 1496 3214 1546 pro
3236 1479 3344 1533 desi
3363 1480 3442 1531 ie-

1918 1575 1997 1627 rio
2021 1573 2270 1634 ﬁdelium,
2298 1561 2596 1624 facultatem
2635 1569 3010 1622 benedictionis
3046 1570 3271 1636 aperire,
3305 1568 3442 1634 quod

1920 1662 2194 1717 nonnullas
2230 1660 2337 1728 jam
2389 1659 2683 1727 provincias
2728 1657 2922 1710 habere
2960 1657 3237 1711 succurrit.
3269 1676 3286 1707 ι
3339 1655 3448 1710 Ne:

1921 1753 2164 1819 privatim
2189 1764 2335 1817 ergo,
2363 1757 2420 1800 ut
2446 1756 2587 1800 recte
2615 1745 2984 1798 animadvertit
3025 1759 3077 1796 v.
3125 1743 3191 1795 cl.
3237 1741 3285 1796 J.
3313 1743 3445 1798 ,Sir-

1924 1840 2146 1892 mondus
2175 1840 2224 1890 in
2254 1838 2363 1890 suis
2393 1837 2456 1888 ad
2504 1837 2643 1888 hunc
2686 1849 2937 1887 canonem
2983 1834 3138 1896 notis,
3184 1840 3303 1885 ante
3352 1833 3451 1885 hac

1922 1937 2127 1995 tempus
2156 1925 2441 1995 presbyteri
2483 1919 2896 1977 benedictionem
2922 1923 3114 1976 dabant
3141 1922 3191 1972 in
3229 1921 3308 1973 his
3333 1936 3454 1985 prc-

1921 2017 2110 2069 vinciis
2136 2015 2336 2068 Gallina.
2378 2013 2432 2064 lu
2469 2013 2667 2080 synodo
2709 2010 2992 2079 Agathensi
3035 2008 3294 2077 publicam
3341 2016 3452 2059 tan-
3514 1999 3519 2004 ’

1925 2115 2036 2158 tum
2064 2105 2188 2157 dare
2211 2103 2572 2172 prohibentur,
2600 2117 2702 2154 non
2745 2101 3020 2167 privatam.
3063 2098 3119 2151 G.
3163 2098 3228 2149 44
3256 2116 3268 2149 :
3297 2115 3316 2147 ι
3350 2097 3450 2150 Βεη

1926 2193 2218 2246 nedictione
2240 2209 2268 2242 n
2306 2206 2462 2257 super
2487 2190 2688 2256 plebem
2719 2189 2770 2240 in
2812 2188 3032 2241 ecclesia
3059 2185 3273 2239 fundere
3301 2199 3448 2253 pres-

1925 2284 2114 2350 bytero
2148 2280 2351 2347 penitus
2381 2293 2482 2329 non
2506 2277 2699 2337 licebit.
2736 2295 2754 2325 ι
2788 2275 2850 2327 Ει
2883 2275 3157 2342 nequidem
3196 2272 3438 2340 chorepi-

1930 2371 2102 2438 scopis
2130 2369 2252 2422 licet
2288 2383 2351 2420 ex
2381 2366 2554 2419 Caroli
2585 2364 2750 2431 Magni
2793 2363 3045 2431 Capitulis
3068 2361 3456 2424 ecclesiasticis,

1933 2461 2013 2512 tit.
2043 2474 2117 2521 ιν,
2141 2473 2255 2524 cap.
2282 2457 2348 2508 9.:
2397 2455 2620 2518 Placuit,
2662 2455 2797 2507 sicut
2846 2452 3032 2505 Leonis
3055 2466 3203 2519 papa:
3245 2460 3298 2504 et
3347 2465 3457 2504 om-
3542 2491 3546 2496 .

1935 2549 2078 2600 nium
2111 2549 2475 2613 episcoporum
2503 2552 2800 2596 nostrorum
2824 2551 2978 2609 atque
2998 2539 3311 2607 reliquorum
3340 2537 3465 2592 ﬁde-

1935 2635 2060 2687 lium
2095 2633 2321 2701 generali
2363 2639 2413 2682 et
2440 2617 2672 2699 synodali
2726 2629 2966 2682 consultu
3008 2628 3355 2688 decrevimus,
3403 2635 3461 2679 ut

1938 2723 2112 2778 nullus
2145 2721 2564 2788 chorepisc0pns,
2596 2726 2718 2780 etc.,
2750 2717 3160 2770 benedictionem
3192 2717 3242 2768 in
3261 2717 3467 2783 publica

1941 2811 2100 2865 missa
2137 2808 2340 2877 populis
2377 2808 2608 2858 tribuere
2640 2812 2938 2872 praesumat.
2973 2802 3098 2868 Quae
3123 2805 3298 2856 omnia
3327 2819 3467 2856 sum-

1943 2896 2042 2948 mis
2075 2895 2427 2962 pontificibus,
2475 2894 2547 2945 id"
2568 2903 2647 2946 est
2688 2892 3071 2945 cathedralibus
3095 2892 3350 2960 episcopis
3380 2892 3470 2945 de-

1943 2985 2152 3046 bentur,
2183 2992 2235 3035 et
2278 2997 2380 3034 non
2407 2981 2798 3053 chorepiscopis
2838 2980 2916 3032 vel
2963 2980 3295 3048 presbyteris,
3345 2994 3474 3046 quo-

1948 3088 2061 3124 rum
2116 3069 2337 3122 formam
2386 3067 2536 3134 juxta
2590 3078 2888 3121 sanctorum
2953 3083 3209 3121 cammum
3260 3069 3469 3121 decreta

1949 3157 2306 3225 eborepiscopi
2342 3164 2574 3225 gerunt:
2625 3155 2667 3210 si
2716 3165 2887 3209 autem
2943 3156 2978 3207 ii
3032 3155 3224 3222 aliquid
3278 3168 3342 3208 ex
3395 3157 3478 3208 his

1951 3259 2105 3313 agere
2140 3245 2478 3306 tentaverint,
2521 3243 2672 3295 irrita
2697 3251 2851 3296 erunt
2883 3257 2997 3310 qua:
3027 3243 3091 3294 ab
3114 3243 3178 3295 iis
3205 3249 3476 3310 geruntur,

1953 3343 2005 3387 et
2024 3334 2120 3401 ipsi
2157 3335 2299 3388 omni
2349 3331 2702 3386 ecclesiastico
2752 3333 2948 3385 honore
2995 3330 3226 3383 funditus
3272 3329 3479 3398 priven-

1959 3431 2059 3475 tur.
2099 3443 2115 3473 ι
2143 3423 2197 3475 lu
2236 3422 2450 3477 Oriente
2480 3436 2601 3474 vero
2622 3431 2894 3488 utramque
2919 3420 3240 3488 presbyteris
3261 3433 3480 3471 conceso

1957 3526 2069 3563 sam
2097 3525 2213 3563 esse
2241 3511 2450 3564 elicitur
2481 3525 2543 3562 ex
2572 3505 2742 3561 verbis
2767 3509 2933 3561 sancti
2967 3507 3138 3559 Basilii
3160 3507 3224 3559 ad
3266 3507 3484 3572 Amphi-

1959 3598 2185 3651 lochium
2226 3614 2274 3652 c.
2304 3598 2409 3650 27:
2461 3598 2533 3650 De
2574 3597 2878 3664 presbytero
2920 3593 3133 3646 nefariis
3172 3593 3366 3660 nuptiis
3395 3607 3487 3660 per

1961 3687 2308 3755 ignorantiam
2339 3684 2608 3752 implicito.
2631 3683 2649 3733 ἰ
2683 3683 2785 3736 Nec
2808 3682 3026 3749 publice,
3050 3681 3238 3747 inquit,
3259 3695 3353 3732 nec
3376 3679 3486 3748 pri-

1961 3778 2124 3829 vatim
2146 3777 2438 3828 bcnedicat.
2475 3795 2492 3824 ›
2519 3773 2656 3825 Idem
2679 3787 2741 3823 ex
2767 3771 2977 3823 homiha
3001 3769 3067 3822 54
3091 3768 3306 3821 Joannis
3330 3767 3490 3837 Chry-

1965 3865 2179 3918 sostomi
2223 3864 2273 3916 in
2310 3878 2424 3929 cap.
2468 3878 2519 3913 ix
2567 3859 2825 3921 Mattluei;
2876 3859 3013 3926 quod
3057 3868 3235 3924 aperte
3263 3858 3490 3911 declarat

1966 3962 2122 4022 atque
2152 3952 2424 4006 conﬁrmat
2458 3949 2590 4002 inira
2619 3947 2921 4001 Theodorus
2949 3947 2999 3999 in
3034 3946 3135 3998 ﬁne
3162 3960 3275 4013 cap.
3307 3945 3352 3997 5·
3373 3946 3491 4000 Pu:-

1967 4046 2150 4098 nitent.

3411 4099 3434 4116 Ρ

2038 4148 2303 4217 Presbyter
2329 4147 2547 4198 decimas
2581 4146 2702 4197 dare
2733 4161 2833 4196 non
2865 4139 3082 4211 cogitur.
3115 4141 3382 4209 Indignum
3411 4147 3494 4191 est

1971 4241 2128 4300 enim,
2157 4239 2322 4304 inquit
2365 4234 2663 4303 Gregorius,
2710 4241 2768 4284 ut
2803 4248 2830 4283 a
2857 4232 3060 4285 clericis
3087 4230 3380 4296 exigantur,
3407 4227 3495 4293 qui

1973 4329 2184 4401 prtipter
2223 4345 2361 4390 cum,
2404 4326 2551 4392 cujus
2579 4333 2698 4378 sunt
2721 4325 2952 4385 decimaz,
2985 4335 3237 4391 pauperes
3264 4316 3494 4371 ciliciuu-

1907 4423 1950 4480 ι)
1977 4432 2078 4475 ιιιι·.
2111 4421 2233 4471 Vide
2255 4416 2488 4485 Append.
2515 4428 2660 4466 conc.
2689 4412 2929 4464 Laterau.
2969 4425 3022 4462 Ill
3044 4448 3057 4471 ,
3101 4423 3215 4487 cap.
3245 4407 3295 4459 9.
3328 4408 3498 4469 Quare

1978 4510 2112 4562 infra
2137 4507 2346 4566 dicitur,
2374 4519 2489 4571 cap.
2523 4503 2585 4554 15
2615 4519 2626 4552 ;
2657 4519 2673 4550 ι
2710 4500 2946 4552 D.-cimas
2969 4512 3067 4549 non
3103 4504 3180 4548 est
3212 4494 3495 4561 legitimum

1979 4597 2120 4656 dare,
2168 4593 2264 4645 nisi
2311 4589 2627 4658 pauperibus
2664 4595 2718 4640 et
2762 4583 3065 4653 peregrinis.
3102 4601 3118 4630 ι
3155 4581 3281 4634 Vide
3313 4581 3500 4631 librum

1979 4683 2193 4736 Joannis
2241 4681 2486 4741 Launoii,
2535 4677 2765 4730 doctoris
2811 4672 3155 4733 celeberrimi,
3204 4672 3266 4722 de
3314 4671 3504 4722 Deliui-

1985 4771 2122 4823 tione
2149 4771 2402 4823 bonorum
2449 4765 2711 4825 Ecclesiae,
2748 4763 2798 4814 in
2832 4777 2936 4828 quo
2976 4759 3259 4812 innumeris
3291 4757 3503 4810 Patrum

1986 4861 2298 4913 testimoniis
2332 4857 2514 4926 probat
2538 4855 2672 4907 bona
2706 4837 2952 4905 Ecclesia:
2979 4865 3095 4926 esse
3134 4850 3267 4902 bona
3309 4861 3504 4916 paupe-

1987 4964 2102 5000 rum
2129 4965 2142 5010 ;
2171 4948 2359 5014 quibus
2391 4942 2665 5011 adjungam
2693 4941 2999 4994 scntcntiam
3027 4923 3260 5006 magistri
3296 4933 3508 4986 ltnberti

1988 5039 2050 5092 de
2073 5038 2310 5098 Chorcon
2343 5035 2393 5086 in
2435 5047 2529 5086 sua
2566 5031 2796 5091 Summa,
2831 5029 2912 5080 ubi
2939 5036 3122 5095 quzest.
3155 5026 3239 5086 l3,
3283 5023 3344 5075 de
3379 5022 3513 5074 deci-

1989 5129 2103 5189 mis,
2136 5140 2250 5190 cap.
2293 5123 2345 5186 3,
2398 5123 2531 5174 hanc
2567 5125 2756 5171 tractat
2799 5117 3153 5182 qnmsliuncm,
3190 5111 3371 5165 Utrum
3409 5111 3513 5165 cle-

1997 5213 2090 5266 rici
2124 5220 2369 5275 tenentur
2396 5208 2622 5263 decimas
2648 5203 2868 5257 solvere.

1998 5341 2196 5396 Selecta
2225 5355 2286 5391 ex
2317 5337 2525 5390 Summa
2556 5348 2647 5382 ms.
2691 5327 2919 5397 magistri
2946 5325 3151 5397 Roberti
3177 5325 3238 5376 de
3265 5320 3514 5384 Claarron,

2339 5413 2516 5472 qua'st.
2552 5400 2615 5452 15
2643 5399 2704 5450 de
2731 5393 2957 5456 decimis,
2993 5412 3104 5461 cap.
3124 5393 3173 5444 5.

2067 5515 2296 5568 Dicimus
2323 5510 2458 5579 quod
2489 5523 2637 5562 secus
2679 5512 2760 5558 est
2802 5506 2866 5557 de
2903 5503 3035 5557 laico
3081 5501 3168 5569 qui
3213 5497 3369 5553 habet
3405 5509 3521 5564 pro-

1998 5607 2185 5672 pt'iltm,
2212 5613 2260 5667 et
2295 5617 2445 5655 serus
2477 5608 2550 5651 cst
2595 5597 2653 5648 de
2680 5593 2872 5647 clerico
2907 5592 2994 5660 qui
3019 5606 3119 5660 non
3152 5599 3234 5642 est
3257 5597 3521 5656 possessor
