3926 6216
488 319 621 374 1119

1533 329 1620 382 ΔΙ)
1657 326 2177 385 PCENITENTIALE
2214 326 2547 383 TllEODORl

3480 341 3623 394 “20

480 450 664 488 eorum
709 449 821 501 qum
863 436 1037 499 habet.
1085 439 1175 492 sed
1224 448 1422 494 tantum
1466 442 1810 510 dispensator.
1850 441 2000 508 juxta
2026 445 2071 496 Α
2169 437 2491 501 Sacriﬁcium
2524 440 2625 492 nim
2647 449 2720 494 est
2748 433 3092 508 accipiendum
3119 445 3180 496 de
3204 462 3357 498 manu
3376 450 3627 501 sacerdo—

478 521 798 591 Apostolum,
820 524 907 589 qui
935 527 1007 576 ait
1031 542 1042 576 :
1075 524 1395 593 Dispensatio
1424 530 1571 582 nobis
1597 532 1784 583 credita
1812 539 1904 581 est.
1931 529 1996 580 Et

475 608 623 676 juxta
662 609 1054 677 Hieronymum,
1086 615 1175 679 qui
1207 614 1281 666 ait
1323 630 1426 677 xvi,
1466 625 1651 683 quiest.
1687 618 1737 680 1,
1773 631 1886 684 cap.
1914 617 1994 668 ul-

477 699 603 749 timo
637 716 649 749 :
693 717 708 745 (
740 699 995 767 Quidquid
1024 703 1211 755 habent
1249 704 1422 757 clerici
1443 744 1456 766 ,
1486 720 1773 773 pauperum
1807 717 1905 765 est,
1941 715 1994 758 et

474 785 590 837 ideo
632 786 814 842 domus
846 803 1025 863 eorum
1060 790 1249 843 debent
1284 805 1399 845 esse
1434 807 1754 844 communes.
1795 814 1811 843 ο
1850 792 1993 845 Unde

470 874 695 928 clericus
726 885 897 941 potest
944 878 1175 943 recipere
1220 880 1281 930 de
1319 880 1469 931 bonis
1506 879 1901 940 ecclesiasticis,
1938 888 1994 931 ut

471 966 797 1031 dispensator
831 975 883 1018 et
906 982 1107 1028 servus,
1136 983 1249 1035 quae.
1273 967 1533 1020 sufﬁciunt
1575 969 1619 1020 ei
1662 978 1714 1020 et
1753 976 1891 1019 arcte
1916 965 1993 1017 fa—

471 1052 646 1113 milize,
685 1061 736 1104 et
774 1055 987 1107 honeste
1011 1055 1075 1106 ad
1100 1054 1439 1118 esculentum,
1477 1062 1524 1107 et
1562 1054 1913 1121 poculentum,
1941 1063 1993 1104 et

470 1138 845 1192 indumentum.
897 1140 962 1192 Et
1015 1140 1112 1203 his,
1165 1149 1223 1194 ut
1267 1142 1391 1194 dicit
1436 1141 1732 1208 Apostolus,
1772 1140 1990 1191 contenti

466 1226 643 1289 simus,
676 1237 728 1276 et
774 1235 934 1278 totum
977 1227 1241 1280 residuum
1284 1227 1349 1279 de
1383 1226 1501 1293 jure
1530 1227 1766 1279 districto
1793 1238 1989 1292 paupe-

466 1330 578 1365 rum
602 1323 696 1367 est.
719 1314 861 1368 Unde
884 1316 1054 1367 clerici
1072 1316 1185 1367 loco
1200 1315 1539 1375 decimarum,
1557 1330 1685 1381 quas
1705 1316 1826 1365 dant
1848 1312 1985 1373 laici,

466 1406 725 1457 residuum
754 1422 778 1455 a
803 1406 1172 1460 sufﬁcientibus
1212 1407 1308 1459 sibi
1342 1414 1394 1459 et
1419 1422 1525 1458 sum
1552 1404 1759 1456 familia:
1800 1403 1851 1454 in
1878 1402 1988 1469 pias

462 1508 616 1545 curas
674 1508 954 1559 pauperum
1003 1502 1054 1545 et
1097 1494 1340 1547 Ecclesia:
1389 1501 1632 1545 tenentur
1675 1490 1927 1557 impartiri
1970 1505 1982 1538 :

462 1578 603 1645 quia,
634 1584 675 1631 si
708 1580 838 1632 ultra
866 1583 1158 1633 necessaria
1204 1584 1448 1643 retinent,
1490 1589 1623 1632 teste
1649 1578 1983 1646 Hieronymo,

460 1676 696 1735 raptores
716 1678 852 1721 sunt.
881 1670 1025 1723 Unde
1062 1672 1155 1733 ait,
1183 1689 1200 1719 ι
1233 1672 1411 1724 Aliena
1438 1687 1617 1740 rapere
1636 1671 1980 1730 convincitur,

460 1760 694 1824 quisquis
722 1759 853 1810 ultra
880 1762 1171 1814 necessaria
1197 1764 1419 1814 retinere
1450 1770 1684 1815 conatur.
1720 1780 1736 1810 ι
1765 1760 1828 1811 Et
1857 1759 1983 1811 dicit
2012 1744 2056 1800 Β

460 1847 741 1914 Gregorius
768 1867 778 1898 :
819 1867 835 1896 ι
866 1847 993 1901 Cum
1018 1851 1331 1917 pauperibus
1356 1852 1507 1917 bona
1551 1850 1845 1910 tribuimus,
1881 1840 1984 1898 non

461 1950 637 1986 uosrra
664 1936 761 1987 illis
792 1936 993 1997 damus,
1017 1938 1106 1989 scd
1132 1951 1224 1990 sua
1253 1938 1380 2004 ipsis
1405 1936 1683 1989 reddimus.
1711 1933 1856 1987 Unde
1882 1947 1984 1984 non

459 2021 650 2073 dicitur
686 2024 1036 2075 misericordia
1069 2032 1286 2085 tantum,
1314 2026 1560 2093 quoniam
1608 2025 1742 2077 bona
1790 2036 1985 2089 paupe-

461 2113 605 2164 ribus
640 2114 1013 2191 distribuimus,
1047 2115 1136 2165 sed
1159 2114 1378 2179 justitia.
1424 2134 1441 2165 ι
1481 2114 1626 2167 Unde
1652 2114 1701 2165 in
1738 2114 1935 2181 psalmo
1966 2132 1977 2165 :

461 2201 723 2269 Dispersit,
758 2202 893 2255 dedit
930 2204 1249 2270 pauperibus,
1274 2204 1479 2271 justitia
1513 2204 1644 2271 ejus,
1687 2214 1789 2256 etc.
1853 2203 1980 2271 Quia

456 2293 655 2363 dejure
684 2296 920 2347 districto
952 2305 1188 2347 tenemur
1230 2311 1324 2348 nos
1373 2295 1549 2349 clerici
1594 2294 1718 2346 dare
1748 2294 1983 2360 pauperi-

456 2383 553 2437 bus
601 2385 773 2436 omnia
818 2399 878 2437 ea
904 2400 1017 2451 quze
1057 2394 1333 2452 supersunt
1377 2385 1543 2445 nobis,
1582 2382 1729 2433 nobis
1762 2390 1813 2433 et
1841 2390 1982 2431 arcte

456 2469 665 2523 familiai
710 2473 1017 2524 necessariis
1068 2472 1305 2537 sumptis.
1360 2470 1505 2523 Unde
1555 2471 1605 2520 in
1660 2467 1977 2535 Evangelio:

456 2557 603 2620 Quod
647 2569 899 2625 superest,
942 2560 1058 2611 date
1103 2559 1498 2626 eleemosynam,
1552 2568 1598 2608 et
1654 2574 1764 2609 ecce
1812 2558 1982 2608 omnia

451 2650 642 2702 munda
686 2661 798 2702 sunt
840 2632 991 2703 vobis.
1029 2651 1093 2703 Et
1135 2650 1272 2703 idem
1316 2650 1506 2702 dicitur
1553 2664 1660 2711 xvr,
1710 2655 1892 2713 quaest.
1932 2647 1978 2696 1.

526 2726 819 2808 Presbytero
872 2758 971 2799 non
1017 2740 1130 2791 licet
1174 2749 1433 2807 peccatum
1483 2737 1707 2804 episcopi
1746 2735 1979 2803 prodere,

447 2828 571 2896 quia
599 2844 747 2893 super
772 2843 883 2878 eum
928 2836 1019 2878 est.
1061 2826 1253 2877 Eodem
1294 2825 1446 2877 modo
1483 2822 1754 2890 judicabat
1799 2823 1979 2875 Abun-

450 2918 570 2970 dius
612 2916 882 2982 episcopus
914 2916 964 2967 in
1009 2914 1229 2967 concilio
1276 2914 1509 2966 Romano
1552 2913 1647 2966 sub
1694 2912 1841 2964 Sixto
1874 2908 1976 2967 lll:

456 3022 475 3053 ι
516 3004 799 3069 Respondit
830 3011 881 3056 et
926 3003 1055 3056 dixit
1096 3017 1108 3053 :
1156 3002 1266 3056 Non
1301 3003 1422 3056 licet
1457 3016 1770 3069 quemquam
1825 3016 1976 3053 accu-

2088 526 2171 576 tis.
2209 523 2307 589 Qui
2350 526 2549 579 scilicet
2596 528 2881 587 oblationes
2917 530 2998 582 vel
3043 531 3289 586 lectiones
3326 538 3624 590 secundum

2090 611 2246 661 ritum
2270 612 2483 678 implere
2510 629 2611 666 non
2646 625 2831 683 potest.
2860 616 3057 671 Concil.
3089 618 3375 675 Romanum
3402 626 3497 676 sub
3524 625 3625 679 ﬂi-

2090 698 2223 750 lario
2244 713 2373 767 papa
2402 700 2738 763 celebratum,
2766 718 2882 759 can.
2908 703 2941 754 5
2975 721 2987 755 :
3020 722 3037 752 ι
3072 705 3222 763 Inscii
3250 723 3451 775 quoque
3474 710 3622 763 litte-

2090 805 2347 841 rarum...
2386 791 2449 842 ad
2479 807 2656 843 sacros
2693 794 2902 846 ordines
2945 795 3175 861 aspirare
3218 812 3318 849 non
3359 800 3612 853 audeant.

2089 876 2330 943 Quisquis
2360 879 2535 931 talium
2567 890 2899 932 consecrator
2920 883 3200 943 exstiterit,
3236 882 3423 936 factum
3456 900 3619 943 suum

2086 961 2346 1015 dissolvet.
2383 984 2399 1013 ι
2425 962 2582 1016 Cone.
2613 966 2877 1017 Aurelian.
2923 983 2982 1027 ιι,
3013 982 3128 1019 can.
3182 969 3242 1019 16
3273 986 3283 1018 ;
3318 987 3334 1016 ι
3386 970 3620 1037 Presby-

2089 1055 2168 1096 ter
2198 1047 2275 1097 vel
2304 1048 2550 1100 diaconus
2577 1050 2688 1101 siue
2723 1050 2923 1110 litteris,
2970 1050 3047 1101 vel
3074 1051 3118 1103 si
3148 1051 3434 1119 baptizandi
3462 1054 3619 1106 ordi-

2087 1147 2203 1183 nem
2251 1134 2465 1191 nesciat,
2510 1135 2801 1190 nullatenus
2834 1137 3117 1191 ordinetur.
3166 1158 3182 1187 ι
3219 1139 3344 1191 Vide
3386 1139 3623 1207 Regino-

2086 1235 2203 1273 nem
2232 1221 2320 1273 lib.
2351 1223 2413 1275 de
2439 1223 2624 1275 eccles.
2654 1223 2965 1290 Disciplinis,
3006 1225 3238 1294 inquisit.
3268 1226 3352 1290 85,
3378 1237 3429 1279 et
3457 1236 3620 1279 notas

2087 1307 2333 1375 Stephani
2358 1309 2551 1362 Baluzii
2597 1313 2694 1363 viri
2730 1312 3087 1375 eruditissimi,
3145 1316 3232 1381 qui
3261 1316 3322 1367 de
3345 1318 3525 1369 eadem
3552 1333 3621 1370 rc

2085 1400 2210 1451 citat
2252 1399 2494 1453 Carolum
2531 1400 2743 1454 Calvum
2788 1403 2837 1455 in
2878 1404 3096 1471 epistola
3130 1404 3193 1455 ad
3224 1404 3485 1457 Nicolaum
3520 1420 3622 1473 pa-

2083 1501 2218 1556 pam,
2244 1488 2518 1540 concilium
2550 1489 2895 1551 Valentinum,
2940 1501 2991 1544 et
3036 1491 3369 1544 llincmarum
3408 1494 3457 1546 in
3486 1509 3615 1562 cap.

2083 1573 2148 1627 56
2176 1577 2477 1642 posterioris
2504 1579 2677 1644 operis
2707 1579 2953 1632 adversus
2980 1580 3398 1634 Gothescalcum.

2154 1684 2442 1738 Sacerdotis
2460 1688 2547 1754 qui
2568 1687 2822 1740 lectiones.
2854 1689 2907 1740 ln
2937 1690 3242 1754 quibusdam
3267 1692 3499 1745 ecclesiis
3526 1708 3621 1745 sa—

2084 1772 2322 1824 cerdotes
2351 1758 2559 1825 sanctas
2598 1773 2895 1841 Scripturas
2925 1775 3181 1841 legebant.
3213 1778 3281 1829 De
3304 1793 3405 1844 quo
3439 1778 3616 1831 Sozo-

2082 1874 2285 1922 menus,
2325 1852 2415 1911 lib.
2464 1875 2536 1912 vu
2575 1860 2762 1914 eccles.
2807 1850 3023 1925 Ilistor.,
3067 1878 3180 1929 cap.
3214 1865 3291 1923 i9,
3330 1865 3489 1918 refert
3513 1882 3619 1931 va,

2083 1946 2212 1999 riam
2248 1946 2590 2013 disciplinam,
2631 1963 2815 2017 nempe
2860 1950 2991 2016 apud
3033 1951 3407 2006 Alexandrinos
3438 1955 3616 2006 solum

2081 2034 2501 2089 archidiaconum
2542 2052 2748 2090 sacrum
2793 2039 3023 2091 codicem
3068 2040 3263 2108 legere.
3317 2042 3436 2096 alibi
3483 2059 3619 2096 vero

2080 2122 2363 2176 diaconos:
2398 2125 2449 2176 in
2489 2124 2665 2177 multis
2705 2134 2876 2177 autem
2912 2127 3145 2180 ecclesiis
3184 2128 3319 2181 solos
3357 2130 3621 2182 duntaxat

2079 2212 2447 2278 presbyteros:
2481 2210 2667 2263 alicubi
2698 2212 2746 2262 in
2777 2213 3048 2279 przecipuis
3088 2212 3451 2267 festivitatibus
3488 2217 3614 2284 epi-

2079 2298 2472 2365 scoposlcgcre,
2504 2308 2559 2351 ut
2584 2299 3030 2368 Constantinopoli
3072 2302 3240 2369 primo
3265 2303 3345 2355 die
3385 2304 3622 2357 Pascha-

2081 2386 2146 2438 tis
2182 2386 2511 2454 Evangeliuni
2561 2390 2818 2455 praecipue
2864 2388 3120 2456 legebant.
3174 2392 3247 2444 De
3289 2393 3619 2461 presbyteris

2077 2480 2255 2539 postea
2282 2472 2506 2525 dicitur:
2547 2491 2563 2521 ι
2603 2472 2884 2543 Presbyter
2912 2477 2957 2527 si
2982 2480 3308 2543 responset-ia
3340 2488 3514 2531 cantat
3554 2480 3618 2532 in

2079 2561 2237 2613 missa
2265 2560 2347 2614 vel
2384 2577 2724 2630 qumcunque,
2769 2580 2983 2634 cappam
3010 2582 3158 2617 suam
3186 2583 3286 2619 non
3321 2569 3487 2632 tollat,
3514 2570 3620 2623 sed

2077 2649 2417 2716 Evangelium
2438 2650 2615 2719 legens
2650 2668 2807 2719 super
2834 2654 3077 2707 humeros
3101 2664 3275 2722 ponat.
3310 2675 3328 2707 ι

2145 2732 2368 2801 Cappum
2400 2753 2563 2789 suam.
2590 2736 2822 2791 Clericos
2843 2741 2915 2792 uti
2941 2755 3101 2808 cappa
3128 2742 3329 2795 diversa
3351 2758 3379 2794 a
3402 2744 3622 2796 caeteris

2078 2824 2453 2877 monachorum
2469 2826 2754 2879 etaliorum
2774 2827 3003 2881 declarat
3018 2838 3303 2883 conventus
3324 2830 3617 2898 Aquisgrc-

2076 2909 2270 2970 nensis,
2294 2924 2407 2977 cap.
2438 2911 2621 2973 lii-Gl;
2654 2914 2840 2965 concil.
2875 2916 3139 2968 Vaurense
3163 2932 3278 2968 can.
3308 2916 3391 2978 46,
3422 2918 3471 2969 in
3501 2933 3618 2984 quo

2073 2998 2380 3065 prohibetur
2403 3014 2467 3051 ne
2490 3014 2665 3067 cappa:
2684 3001 2917 3053 ecclesia:
2942 3018 3036 3071 per
3058 3003 3217 3057 laicos
3243 3006 3292 3055 in
3315 3004 3458 3057 festis
3482 3022 3620 3058 con-

459 3048 474 3053 -
834 3048 881 3056 ν-
1096 3048 1108 3053 -
1156 3048 1266 3056 -.-.-
1302 3048 1422 3056 ην--
1460 3048 1770 3069 Ἱππ-ηπ---
1828 3048 1950 3053 τη-
2076 3048 2121 3065 ,κ
2148 3048 2368 3051 --κ-η-
2496 3048 2661 3067 ρππ
2690 3048 2917 3053 --ρ---η
2944 3048 3024 3071 τη-
3058 3048 3217 3057 mw-
3244 3048 3458 3057 ....w-...
3485 3048 3587 3058 νυ.-

452 3106 565 3145 sum
595 3048 889 3159 pontiﬁcem
918 3108 1090 3151 suum,
1121 3092 1367 3159 quoniam
1393 3091 1550 3159 judex
1589 3104 1689 3145 non
1714 3088 1973 3155 judicabi-
2003 3048 2047 3107 ε
2076 3085 2798 3158 fraternitatumdeferantur.
2819 3090 3072 3160 Tempore
3091 3093 3435 3157 Thcodori,ct
3455 3096 3621 3164 longe

448 3190 551 3232 tur.
580 3180 685 3233 Nisi
717 3190 886 3232 tamen
913 3196 942 3232 a
969 3190 1109 3233 recta
1138 3180 1237 3233 ﬁde
1264 3180 1651 3233 exorbitaverit.
1689 3199 1705 3229 ι
1740 3178 1887 3231 Sicut
1911 3179 1976 3231 ad

449 3268 747 3321 universale
792 3268 1431 3336 concilium’Ephesinum
1476 3268 1661 3320 scribit
1708 3265 1977 3318 Charisius

452 3357 753 3425 presbyter,
818 3372 1116 3411 ceconomus
1173 3357 1571 3425 Philadelphia,
1626 3353 1707 3407 his
1758 3355 1971 3407 verbis:

458 3466 475 3495 ι
507 3446 684 3500 Oratio
707 3450 912 3515 quidem
935 3458 1017 3502 est
1040 3450 1273 3502 omnium
1294 3450 1383 3517 qui
1404 3450 1537 3503 bene
1560 3448 1787 3516 sapiunt,
1814 3447 1977 3502 bono—

452 3552 561 3589 reni
592 3553 797 3605 semper
834 3547 887 3591 et
926 3540 1194 3593 decentem
1224 3540 1569 3593 reverentiam
1622 3537 1976 3605 spiritualibus

450 3628 676 3680 maxime
699 3628 937 3682 Patribus
963 3638 1016 3682 et
1040 3630 1339 3683 doctoribus
1363 3629 1629 3682 exhibere.
1656 3628 1711 3680 Si
1738 3643 1861 3680 vero
1881 3628 1975 3679 ali-

445 3718 566 3768 cubi
603 3718 895 3785 contigerit,
926 3732 1016 3771 eos
1053 3718 1142 3786 qui
1176 3720 1363 3773 docere
1406 3717 1594 3771 debent
1638 3718 1760 3771 talia
1804 3718 1973 3786 subje-

444 3813 573 3865 ctos.
610 3808 669 3860 de
699 3808 797 3861 ﬁde
836 3811 1078 3863 insonare
1111 3824 1227 3877 quae
1265 3810 1497 3862 omnium
1541 3822 1697 3861 aures
1737 3817 1789 3861 et
1815 3807 1971 3860 corda

443 3894 653 3951 Ludunt.
682 3898 1029 3949 necessarium
1066 3906 1147 3949 est
1179 3896 1414 3950 ordinem
1443 3895 1774 3955 commutari,
1802 3903 1853 3946 et
1883 3908 1974 3946 eos

445 3984 530 4047 qui
556 3984 687 4035 anaie
716 3985 900 4036 docere
932 3992 1208 4045 conantur,
1256 3999 1285 4035 a
1331 3984 1618 4037 minoribus
1644 3982 1906 4050 redargui.
1950 4001 1966 4031 ι

443 4071 589 4133 Quod
637 4073 685 4121 in
721 4072 916 4135 synodo
969 4071 1200 4124 Romana
1248 4088 1279 4124 v
1331 4072 1677 4141 Symmachus
1719 4088 1748 4125 a
1795 4072 1971 4125 multis

439 4160 857 4211 antecessoribus
880 4161 986 4212 suis
1026 4160 1291 4213 decretum
1325 4170 1482 4237 atque
1514 4160 1775 4239 ﬁrmatum
1800 4160 1926 4213 dicit
1954 4177 1965 4211 :

443 4262 464 4296 ι
496 4246 604 4298 Non
635 4262 756 4313 ergo
784 4262 994 4300 necesse
1038 4256 1118 4301 est
1148 4264 1304 4316 super
1336 4251 1415 4302 his
1450 4264 1579 4301 nova
1624 4250 1966 4313 cuderc,.sed

2072 3173 2219 3241 prius
2237 3174 2526 3241 peculiares
2562 3185 2713 3229 erant
2734 3178 3039 3247 clericorum
3071 3191 3242 3236 vestes
3267 3184 3318 3235 in
3342 3184 3621 3253 plerisque

2072 3261 2326 3321 ecclesiis,
2346 3264 2479 3315 sicut
2505 3265 2729 3333 probant
2758 3268 3053 3320 testimonia
3075 3269 3309 3338 Gregorii
3334 3272 3618 3326 Turonen-

2074 3348 2168 3409 sis,
2190 3349 2279 3401 lib.
2304 3350 2484 3402 vHist.
2512 3365 2627 3419 cap.
2657 3354 2747 3415 l4;
2780 3370 2927 3408 conc.
2956 3370 3012 3409 ut
3044 3356 3614 3427 Carthaginens.,can.

2072 3437 2159 3499 41,
2186 3446 2276 3490 aut
2304 3438 2475 3505 potius
2496 3440 2581 3497 60.
2615 3441 2763 3509 juxta
2793 3444 3026 3497 ordinem
3049 3447 3244 3499 codicis
3268 3449 3616 3517 antiquorum

2072 3526 2318 3581 Ecclesia:
2340 3536 2687 3593 statutorum;
2712 3529 3013 3601 Hieronym.
3041 3534 3090 3587 in
3116 3534 3487 3591 Commentarii
3511 3540 3616 3594 lib.

2071 3631 2164 3668 xm
2195 3618 2244 3668 in
2274 3617 2514 3670 Ezechiel
2539 3633 2653 3687 cap.
2679 3634 2817 3681 χιιι,
2844 3629 2897 3673 et
2927 3636 3073 3675 conc.
3102 3623 3335 3689 Laodic.,
3360 3642 3479 3680 can.
3516 3632 3614 3681 12.

2073 3705 2175 3759 Sed
2196 3714 2317 3759 ante
2339 3706 2437 3759 hoc
2456 3715 2658 3777 tempus
2681 3710 2731 3761 id
2747 3709 2925 3763 nullibi
2942 3726 3194 3780 apparere
3208 3714 3403 3769 iudicat
3418 3716 3617 3772 Henri-

2070 3809 2163 3848 cus
2178 3794 2413 3848 Valesius
2428 3796 2508 3849 vir
2527 3798 2859 3851 doctissimus
2881 3801 2931 3851 in
2947 3801 3053 3853 suis
3065 3802 3201 3855 notis
3214 3803 3276 3855 ad
3289 3819 3404 3872 cap.
3424 3805 3488 3859 19
3513 3806 3611 3859 lib.

2069 3898 2119 3935 γι
2144 3882 2551 3941 Histoncccles.
2588 3886 2797 3938 Eusebii
2826 3907 2837 3937 :
2871 3905 2887 3935 ι
2921 3888 3169 3955 Apparet,
3195 3892 3379 3959 inquit,
3403 3892 3611 3947 nullum

2068 3971 2223 4023 etiam
2254 3978 2361 4024 tum
2404 3973 2719 4039 peculiarem
2746 3973 2908 4028 fuisse
2943 3976 3187 4028 vestitum
3215 3976 3546 4033 clericorum.
3589 3999 3612 4037 ι

2068 4058 2490 4128 Quandoquidem
2524 4062 2769 4117 llcraclas
2794 4064 3179 4129 Alexandrinae,
3205 4066 3450 4121 Ecclesia:
3480 4084 3614 4138 pre-

2066 4150 2275 4217 sbyter,
2305 4156 2357 4201 et
2384 4151 2471 4218 qui
2512 4160 2692 4219 postea
2737 4154 2969 4221 ejusdem
3019 4154 3116 4208 loci
3159 4157 3434 4226 cpiscopus
3480 4158 3611 4223 fuit,

2066 4251 2271 4305 semper
2291 4240 2521 4293 retinuit.
2547 4240 2769 4294 Sanctus
2790 4241 3029 4294 Clemens
3051 4242 3435 4299 Alexandrinus
3455 4261 3613 4301 eom-

442 4345 614 4387 vetera
648 4336 977 4387 reconciliare
1007 4347 1159 4404 atque
1190 4338 1418 4389 ﬁrmare.
1451 4337 1540 4389 Est
1567 4338 1705 4389 enim
1733 4353 1759 4388 a
1790 4338 1965 4389 multis
1994 4354 2039 4410 ο
2067 4324 2276 4378 mend‘“
2297 4333 2469 4378 νθδῑθε
2495 4328 2758 4390 candidas:
2788 4328 2879 4382 sed
2916 4329 3121 4397 (Ιηίδυεν
3158 4338 3215 4383 υί
3251 4342 3369 4399 P0te
3393 4332 3609 4403 ΨΜ)ιῦ

440 4424 857 4475 antecessoribus
906 4424 1097 4475 nostris
1140 4426 1457 4492 synodaliter
1506 4426 1772 4477 decretum
1811 4434 1967 4492 atque

440 4512 722 4573 ﬁrmatum,
751 4520 805 4563 ut
822 4526 945 4563 oves
968 4527 1081 4577 quae
1108 4514 1302 4578 pastori
1326 4527 1419 4564 suo
1440 4512 1729 4565 commissa:
1752 4512 1961 4572 fuerint,

2065 4411 2229 4472 cibus,
2251 4426 2432 4465 omnes
2451 4412 2776 4468 Christianos
2794 4432 2806 4478 ;
2826 4425 2879 4468 et
2899 4426 2953 4469 ut
2971 4418 3080 4485 ipse
3100 4418 3173 4471 ait
3195 4419 3285 4472 lib.
3314 4435 3348 4472 ιι
3367 4419 3610 4490 ρωάειεη

2063 4514 2177 4565 cap.
2213 4499 2293 4561 l0,
2322 4515 2411 4553 eos
2438 4501 2645 4567 quidem
2664 4540 2678 4566 ,
2704 4503 2792 4570 qui
2821 4514 2942 4555 sunt
2968 4505 3195 4567 candidi,
3227 4515 3281 4559 et
3324 4522 3425 4560 non
3455 4508 3612 4563 intus

399 4608 555 4663 '_eu.n
588 4616 679 4652 uec
710 4601 1101 4668 reprehendere,
1140 4602 1237 4653 nisi
1277 4618 1304 4651 a
1349 4610 1489 4653 recta
1521 4602 1619 4653 fide
1644 4600 1968 4653 exorbitave-

2074 4588 2360 4651 idulterini,
2403 4590 2640 4642 candidis
2682 4596 2735 4642 et
2774 4592 2987 4643 minime
3016 4592 3237 4645 curiosis
3263 4608 3327 4647 ac
3358 4598 3612 4664 operosis

406 4680 417 4689 ”
443 4687 528 4747 rit,
548 4698 877 4755 prxsumaut.
905 4711 920 4738 ι
942 4689 1083 4742 Licet
1104 4705 1306 4757 quoque
1323 4705 1415 4757 pro
1432 4706 1523 4742 sua
1540 4690 1817 4755 injustitia,
1834 4690 1966 4742 sicut

439 4780 667 4845 synodus
698 4779 1028 4844 prosequitur
1052 4779 1131 4831 his
1161 4779 1330 4831 verbis
1357 4792 1371 4830 :
1405 4797 1422 4829 ι
1459 4778 1564 4832 Nec
1595 4779 1848 4833 ullatenus
1872 4796 1963 4847 pro

441 4878 750 4929 quacunque
775 4879 831 4916 re
869 4865 988 4927 alia,
1012 4866 1111 4917 nisi
1138 4882 1233 4933 pro
1258 4882 1350 4919 sua
1399 4868 1671 4937 injustitia,
1716 4880 1963 4920 accusare

442 4954 682 5011 audeant,
716 4960 816 5005 etc.
858 4973 872 5003 ι
921 4952 1101 5006 Patres
1143 4954 1348 5007 concilii
1391 4955 1709 5022 Epaonensis
1747 4954 1962 5022 amplio-

446 5056 551 5091 rem
597 5042 752 5091 etiam
782 5040 923 5093 laicis
969 5042 1258 5095 concedunt
1295 5040 1599 5110 potestatem
1624 5083 1637 5105 ,
1688 5059 1803 5096 can.
1848 5043 1955 5093 24:

446 5147 462 5175 ι
498 5129 663 5180 Laicis
714 5137 891 5180 contra
928 5129 1204 5194 cujuslibet
1246 5130 1437 5198 gradus
1463 5132 1730 5194 clericum,
1762 5132 1803 5183 si
1835 5132 1958 5199 quid

442 5217 709 5291 criminale
732 5227 916 5284 parant
934 5217 1178 5284 objicere,
1206 5221 1483 5274 dummodo
1511 5236 1630 5273 vera
1655 5231 1954 5291 suggerant,

438 5306 754 5372 proponendi
781 5307 1127 5372 permittimus
1168 5318 1496 5376 potestatem.
1532 5329 1548 5360 ι
1580 5308 1771 5362 Verum
1794 5327 1956 5377 quan-

440 5404 547 5444 tum
570 5392 754 5444 delicta
784 5393 1140 5461 episcoporum
1172 5398 1274 5464 tegi
1304 5397 1543 5462 debeant,
1577 5400 1955 5467 sapientissime

439 5483 587 5532 ducet
612 5480 982 5535 Constantinus
1022 5484 1316 5551 imperator,
1357 5486 1501 5553 cujus
1530 5488 1684 5540 verba
1715 5489 1953 5543 Theodo-

442 5578 581 5623 tetus
609 5569 767 5643 refert
800 5572 887 5623 lib.
918 5588 930 5625 ι
966 5572 1094 5627 llist.
1124 5576 1331 5631 eccles..
1359 5592 1471 5644 cap.
1500 5578 1575 5628 l0.

2061 4678 2291 4731 vestibus
2334 4680 2409 4730 uti
2435 4668 2983 4733 convenientissimum
3029 4690 3126 4744 est.
3168 4681 3488 4752 Hegesippus
3514 4684 3610 4739 lo-

2059 4765 2237 4832 quitur
2259 4766 2321 4818 de
2343 4765 2479 4821 linea
2508 4775 2651 4821 veste
2677 4766 2856 4821 Jacobi
2886 4770 3022 4837 apud
3049 4768 3329 4823 Eusebium
3354 4786 3469 4840 cap.
3501 4772 3605 4827 23.

2059 4853 2359 4923 Polycrates
2387 4857 2449 4909 de
2476 4856 2693 4910 Joannis
2722 4856 2939 4910 Lamina
2970 4860 3106 4925 apud
3131 4858 3409 4914 Eusebium
3436 4860 3531 4915 lib.
3562 4879 3611 4916 ν

2056 4942 2213 5008 llist.,
2240 4959 2355 5011 cap.
2383 4945 2469 4996 25.
2520 4945 2659 4998 Idem
2701 4946 2863 4998 refert
2903 4956 3117 5000 sanctus
3160 4948 3484 5016 Epiphanius
3528 4950 3611 5007 de

2054 5028 2247 5084 Jacobo
2275 5031 2462 5084 hmres.
2509 5047 2694 5094 xxvui,
2726 5041 2778 5085 et
2810 5034 2994 5087 haeres.
3042 5049 3258 5087 Lxxvm.
3300 5034 3367 5087 At
3400 5036 3611 5104 quibus

2053 5123 2373 5174 ornamentis
2410 5116 2758 5189 peculiaribus
2812 5139 2915 5175 non
2964 5124 3128 5176 solum
3168 5139 3196 5176 a
3225 5124 3391 5189 laicis,
3427 5126 3524 5180 sed
3559 5141 3607 5184 δ

2053 5209 2254 5260 caneris
2282 5210 2523 5263 omnibus
2545 5210 2789 5263 Ecclesia:
2814 5212 3172 5266 sacerdotibus
3197 5213 3606 5282 distingueban-

2053 5305 2155 5348 tur.
2187 5297 2331 5351 Unde
2360 5298 2534 5353 foian
2562 5301 2642 5352 his
2669 5309 2841 5353 motus
2889 5316 3061 5355 rerum
3112 5302 3600 5360 ecclesiasticarum

2050 5385 2398 5452 peritissimus
2433 5385 2657 5440 Joannes
2692 5388 2870 5441 Beleth
2894 5388 2993 5441 ista
3016 5390 3142 5441 dicit
3175 5389 3227 5441 in
3252 5404 3367 5459 cap.
3390 5391 3458 5446 de
3486 5389 3599 5447 Sa-

2050 5474 2245 5527 criﬁcio
2274 5474 2447 5527 missa!
2481 5493 2492 5526 :
2530 5495 2544 5523 ι
2578 5475 2641 5527 Ει
2679 5487 2798 5528 nota
2844 5477 2980 5535 quod
3006 5477 3253 5545 apostolis
3279 5486 3333 5531 et
3353 5478 3427 5531 ab
3458 5493 3599 5548 apo-

2050 5563 2244 5616 stolieis
2268 5564 2392 5616 viris
2420 5566 2469 5618 in
2511 5567 2770 5633 primitivn
2801 5567 3027 5620 Ecclesia
3074 5568 3391 5622 sacriﬁcium
3428 5567 3600 5624 ﬁebat
