3926 6216
233 368 363 421 1121

1321 316 1883 411 onssnvntones
1925 353 2009 405 ET
2049 344 2271 404 more.

3225 352 3397 404 1122·

230 478 279 527 in
310 475 451 527 vasis
470 473 656 539 ligneis
685 480 738 523 et
762 469 993 522 vestibus
1019 465 1399 518 communibus.
1432 462 1578 516 Tune
1612 462 1749 513 enim

1860 469 1981 523 tum,
2012 458 2249 531 ἐμφανῶς,
2274 464 2533 531 παρούσης
2559 470 2644 518 τῆς
2666 470 2870 531 γραγῆς,
2982 466 3061 515 οὐκ
3088 469 3161 516 οἰκ
3189 474 3257 518 ἴω
3287 472 3366 518 καὶ

230 563 389 631 lignei
412 561 621 621 calices,
648 567 702 611 et
722 558 863 610 aurei
886 554 1201 608 sacerdotes.
1235 572 1251 601 ι
1278 552 1413 606 Olim
1439 551 1645 604 fuerunt
1666 551 1753 617 qui

230 648 510 716 quemdam
550 646 863 713 peculiarem
909 642 1130 695 vestium
1168 640 1565 693 saecrdotalium
1606 653 1755 691 usum

231 737 377 789 velut
428 718 842 802 antiquissimum
887 747 949 783 ex
1000 732 1233 798 ipsismet
1275 729 1447 781 verbis
1494 723 1756 793 Evangelii

232 824 426 875 vcllent
461 822 823 888 comprobare,
850 832 981 884 quos
1007 817 1211 884 egregie
1242 814 1425 869 refellit
1448 812 1759 865 Coelestinus

234 925 373 976 papa
396 911 448 961 in
474 910 623 975 epist.
672 907 735 959 ad
773 906 1042 972 episeppos
1076 902 1351 968 provincia:
1380 897 1688 953 Viennensis
1707 904 1760 949 et

236 996 611 1057 Narbonensis,
644 1009 757 1059 cap.
784 994 805 1044 l
842 1010 853 1042 :
893 1010 909 1039 α
945 990 1175 1043 Dicimus
1202 990 1361 1049 enim,
1388 988 1576 1054 inquiti
1604 1001 1757 1054 quos-

234 1086 359 1137 dam
406 1084 611 1136 Domini
653 1081 950 1135 sacerdotes
990 1077 1349 1143 superstitioso
1390 1075 1565 1141 potius
1600 1074 1759 1127 cultui

233 1169 513 1230 inservire,
552 1182 706 1233 quam
737 1164 925 1219 mentis
953 1162 1036 1215 vel
1080 1163 1199 1214 tidei
1247 1161 1478 1228 puritati.
1525 1160 1626 1213 Sed
1657 1174 1760 1217 non

236 1259 451 1319 mirum,
477 1257 519 1308 si
548 1264 726 1308 contra
758 1252 1166 1305 ecclesiasticum
1196 1265 1393 1302 morem
1421 1249 1640 1311 faciunt,
1670 1249 1761 1315 qui

233 1345 290 1398 in
317 1343 539 1397 ecclesia
562 1358 661 1394 non
705 1349 999 1403 creverunt,
1024 1339 1112 1391 sed
1134 1338 1234 1392 alio
1260 1338 1527 1390 venientes
1553 1337 1759 1399 itinere,

233 1445 416 1484 secum
446 1430 553 1482 haec
593 1429 644 1479 in
678 1426 985 1485 Ecclesiam,
1018 1440 1132 1491 quae
1164 1425 1213 1475 in
1242 1424 1343 1475 alia
1369 1424 1762 1476 conversatione

233 1518 544 1575 habuerant,
574 1514 877 1566 intulerunt.
908 1512 1097 1562 Amicti
1126 1510 1296 1576 pallio,
1328 1517 1381 1562 et
1400 1509 1600 1561 lumbos
1627 1522 1761 1576 prte-

233 1606 418 1665 cincti,
466 1604 685 1656 credunt
732 1615 788 1654 se
803 1600 1097 1666 Scriptura:
1124 1615 1225 1651 non
1260 1613 1352 1665 per
1384 1600 1645 1665 spiritum,
1670 1597 1761 1650 sed

232 1708 329 1760 per
350 1692 578 1743 litteram
608 1689 973 1756 completuros.
1014 1687 1142 1738 Nam
1190 1687 1234 1738 si
1277 1687 1340 1739 ad
1384 1687 1482 1739 hoc
1510 1686 1606 1737 ista
1630 1699 1762 1751 pra:—

1850 555 2046 619 γυήσισυ
2067 547 2199 621 ὕδωρ
2226 549 2527 615 λογιζομένη.
2570 548 2918 602 Tcrtullianus
2954 551 3044 601 lib.
3076 554 3137 605 de
3169 552 3369 605 Pudici-

1855 640 1944 697 tia,
1962 650 2075 703 cap.
2094 636 2177 687 2L
2201 635 2468 701 Origenes,
2488 636 2537 687 in
2553 637 2949 688 Commentariis
2976 644 3024 688 in
3046 637 3369 697 Matthreum.

1853 730 1910 777 Εἰ
1940 726 1990 777 δὲ
2033 732 2221 798 σειραῖς
2251 730 2345 776 τῶν
2373 724 2740 794 ἁμαρτημάτων
2765 727 2920 775 αὑτοῦ
2957 728 3173 793 ἕσφίκτα,
3213 730 3372 792 μάτην

1852 821 1934 868 καὶ
1957 814 2128 883 δισμιί
2151 817 2230 865 καὶ
2256 812 2378 865 λύει.
2405 813 2476 863 De
2511 824 2613 876 quo
2645 826 2699 861 v.
2724 812 2789 863 el.
2820 812 3005 865 Petrus
3034 812 3210 863 Daniel
3237 813 3373 864 Hue~

1853 900 1955 950 tius
1982 900 2091 951 haec
2124 898 2489 951 animadvertit
2518 900 2568 948 in
2612 897 2729 949 libr.
2766 913 2803 949 ιι
2831 898 3284 963 Origeniauorum,
3317 916 3367 965 p.

1855 985 1971 1037 176.
2002 986 2052 1036 1η
2081 984 2217 1036 hunc
2243 984 2437 1046 locum,
2465 986 2659 1051 inquit,
2680 984 2894 1036 adnotat
2914 984 3099 1037 Sixtus
3128 985 3377 1037 Senensis

1856 1072 2084 1122 alludere
2123 1070 2397 1137 Origenem
2431 1071 2494 1121 ad
2529 1084 2761 1122 errorem
2806 1071 2873 1121 ab
2897 1070 3121 1122 Hussitis
3150 1080 3375 1137 postmo-

1857 1156 1977 1208 dum
1998 1163 2399 1221 propngnatum,
2415 1154 2501 1221 qui
2530 1169 2675 1221 papa:
2691 1164 2742 1206 et
2767 1155 3127 1223 episcoporum
3148 1166 3378 1223 potesta-

1859 1253 1963 1296 tem
1996 1258 2059 1295 ex
2098 1258 2299 1295 morum
2328 1243 2604 1295 sanctitate
2647 1245 2872 1309 pendere
2897 1244 3156 1308 volebant,
3187 1254 3288 1297 etc.
3316 1246 3381 1297 Et

1857 1332 2011 1400 paulo
2034 1344 2148 1399 post
2171 1349 2183 1384 :
2214 1350 2232 1380 (
2264 1332 2535 1385 Assentior
2562 1332 2727 1393 Sixto,
2751 1341 2803 1384 et
2840 1348 3059 1400 peccare
3086 1335 3169 1386 aio
3196 1334 3380 1401 Orige~

1860 1434 1997 1480 nem,
2029 1427 2183 1484 atque
2231 1415 2366 1471 hanc
2402 1418 2566 1471 videri
2612 1419 2849 1484 amplecti
2894 1419 3155 1481 haeresim,
3188 1421 3240 1471 in
3279 1433 3382 1487 qua

1857 1508 2041 1559 deinde
2078 1508 2272 1559 versati
2320 1516 2441 1558 sunt
2488 1506 2789 1568 Donatista,
2820 1520 2938 1557 cum
2974 1522 3002 1557 a
3039 1507 3375 1559 sacerdotum

1859 1597 2136 1649 sanctitate
2166 1594 2411 1647 Ecclesiae
2439 1603 2747 1662 potestatem
2769 1596 3167 1662 suspenderunt.
3201 1615 3217 1645 ›
3252 1595 3380 1648 Ter-

1860 1684 2057 1736 tulliani
2099 1697 2159 1735 ac
2210 1683 2451 1751 Origenis
2503 1684 2736 1736 eamdem
2786 1688 3098 1737 sententiam
3159 1683 3383 1752 amplexi

234 1758 385 1846 cepta
410 1786 549 1841 sunt,
574 1785 629 1828 ut
650 1776 823 1829 taliter
843 1784 1206 1833 servarentur;
1233 1788 1326 1825 cur
1346 1787 1446 1824 non
1471 1771 1602 1823 fiunt
1626 1771 1763 1837 pari—
1796 1758 1837 1815 Β
1863 1781 1985 1825 sunt
2009 1774 2039 1825 ii
2080 1774 2143 1825 de
2170 1773 2357 1837 quibus
2381 1780 2603 1825 testatur
2624 1772 2900 1840 Dionysius
2927 1773 3309 1827 Alexandrinus
3330 1772 3386 1826 in

236 1875 316 1917 ter
346 1880 463 1934 qua:
486 1872 791 1931 sequuntur,
830 1872 889 1914 ut
912 1862 1135 1914 lucernae
1161 1861 1404 1912 ardentes
1445 1859 1496 1910 in
1526 1858 1766 1938 manibus

233 1970 336 2007 una
364 1969 481 2007 cum
506 1954 691 2007 baculo
716 1953 1023 2006 teneantur?
1051 1950 1251 2001 Habent
1277 1964 1426 2001 suum
1450 1949 1549 2000 ista
1575 1954 1767 2015 myste-r

237 2045 392 2105 rium,
437 2049 489 2093 et
517 2039 923 2106 intelligentibus
952 2038 1021 2089 ita
1060 2038 1203 2089 clara
1244 2043 1387 2098 sunt,
1419 2043 1479 2086 ut
1505 2049 1566 2086 ea
1600 2034 1767 2102 magis

233 2146 335 2198 qua
368 2132 519 2183 decet
560 2127 941 2197 signiﬁcatione
976 2134 1248 2178 serventur
1278 2139 1291 2175 :
1325 2138 1447 2175 nam
1483 2124 1535 2175 in
1561 2122 1767 2179 lumbo-

237 2232 355 2268 rum
382 2215 748 2283 praecinctione
774 2214 1008 2275 castitas,
1039 2213 1089 2264 in
1118 2211 1303 2264 baculo
1330 2211 1561 2278 regimen
1586 2206 1762 2277 pasto—

235 2304 366 2362 rale.
395 2306 446 2356 in
473 2304 702 2355 lucernis
746 2302 1049 2355 ardentibus
1103 2301 1225 2353 boni
1264 2298 1433 2365 fulgor
1479 2300 1670 2365 Operis,
1703 2298 1768 2350 de

234 2408 341 2461 quo
364 2394 556 2445 dicitur
582 2410 593 2442 :
623 2391 793 2459 Opera
822 2400 995 2442 vestra
1034 2390 1260 2451 luceant,
1306 2388 1620 2441 indicantur.
1663 2385 1765 2438 lla-

234 2480 395 2531 beaut
424 2488 593 2530 tamen
626 2478 782 2529 istum
819 2477 1039 2530 forsitan
1087 2475 1300 2536 cultum,
1348 2488 1549 2526 rnorem
1596 2473 1767 2541 potius

236 2582 397 2634 quam
422 2566 675 2618 rationem
706 2576 1001 2633 sequentes,
1031 2565 1117 2630 qui
1150 2565 1201 2615 in
1230 2562 1595 2614 remotioribus
1622 2560 1767 2613 habi-

239 2664 353 2721 tant
383 2653 532 2713 locis,
561 2661 612 2705 et
654 2652 835 2720 procul
868 2667 895 2703 a
922 2651 1125 2703 caeteris
1153 2650 1364 2716 degunt.
1394 2648 1542 2702 Unde
1568 2648 1654 2701 hic
1675 2648 1767 2699 ha-

240 2738 383 2791 bitus
411 2739 464 2790 in
492 2738 737 2791 Ecclesiis
763 2738 1062 2797 Gallicanis,
1103 2746 1160 2787 ut
1191 2744 1265 2787 tot
1303 2750 1555 2787 annorum
1592 2743 1766 2787 tanto-

240 2840 463 2891 rumque
492 2824 817 2896 pontilieum,
848 2826 899 2876 in
931 2824 1152 2876 alterum
1184 2823 1416 2875 habitum
1446 2818 1766 2875 consuetudo

238 2911 513 2962 vertatur?
539 2910 875 2963 Diseernendi
898 2925 925 2959 a
953 2910 1102 2974 plebe
1126 2909 1205 2962 vel
1228 2911 1431 2962 caeteris
1465 2925 1647 2963 sumus
1674 2910 1765 2963 do-

237 2998 428 3057 ctrina,
458 3012 561 3049 non
589 3005 760 3060 veste;
798 2997 1213 3059 conversatione,
1245 3011 1347 3047 non
1385 2996 1591 3057 habitu;
1622 3009 1764 3048 men-

238 3086 305 3137 tis
341 3085 588 3150 puritate,
634 3100 737 3138 non
765 3086 927 3137 cultu.
974 3083 1103 3135 Nam
1140 3085 1182 3135 si
1215 3082 1425 3135 studere
1454 3064 1763 3149 incipiamus

239 3172 475 3233 novitati,
504 3172 749 3224 traditum
775 3172 923 3225 nobis
945 3187 974 3223 a
1002 3172 1243 3223 Patribus
1280 3170 1516 3223 ordinem
1542 3168 1762 3222 calcabi-

238 3276 377 3323 nius,
401 3270 457 3313 ut
472 3262 638 3315 locum
660 3260 995 3327 supervacuis
1014 3258 1471 3327 superstitionibus
1487 3256 1759 3309 faciamus.

236 3349 417 3401 ltudcs
443 3362 566 3416 ergo
620 3346 845 3401 fidelium
891 3355 1091 3398 mentes
1130 3344 1193 3395 ad
1224 3343 1345 3395 talia
1374 3357 1474 3394 non
1516 3343 1763 3394 debemus

240 3435 509 3486 inducere.
544 3433 772 3486 Ducendi
802 3432 939 3484 enim
968 3431 1139 3498 potius
1164 3443 1285 3482 sunt
1310 3444 1465 3496 quam
1494 3428 1758 3480 illudendi.

238 3520 347 3574 Nec
381 3521 747 3587 imponendum
789 3528 871 3572 est
909 3534 1089 3572 eorum
1139 3519 1327 3579 oculis,
1374 3519 1463 3571 sed
1500 3517 1765 3569 mentibus

238 3607 555 3661 infundenda
587 3615 844 3674 praecepta
872 3616 1011 3659 sunt.
1044 3607 1119 3659 En
1144 3607 1403 3673 quomodo
1426 3589 1599 3658 'elerici
1625 3619 1761 3671 pne-

237 3698 423 3749 sertim
464 3696 790 3749 discernendi
838 3705 958 3748 sunt
1004 3711 1033 3748 a
1063 3696 1229 3763 plebe.
1261 3696 1325 3746 Et
1370 3694 1492 3747 illud
1519 3702 1601 3746 est
1626 3690 1759 3759 quod

239 3787 881 3853 Apostolum‘praeeepisse
924 3786 997 3837 ait
1039 3794 1252 3837 sanctus
1279 3783 1501 3834 Basilius
1548 3783 1597 3833 in
1632 3781 1764 3833 libro

240 3871 555 3940 Regularuin
592 3870 755 3927 fusius
798 3871 1197 3937 disputatarum,
1252 3882 1388 3934 resp.
1439 3868 1502 3919 ad
1538 3868 1761 3919 interro-

240 3966 352 4026 gat.
388 3956 473 4009 22.
509 3973 530 4008 ι
570 3956 633 4009 Ει
671 3956 803 4008 infra
836 3974 848 4008 :
885 3974 903 4004 ι
932 3955 1026 4008 llic
1073 3970 1237 4008 canon
1287 3961 1539 4023 perpetuo
1585 3962 1762 4006 tenore

240 4052 500 4097 servetur.
524 4062 542 4093 ι
565 4042 692 4095 Vide
716 4043 1022 4108 Gregorium
1047 4043 1429 4095 Nazianzenum
1457 4044 1509 4094 in
1529 4043 1763 4095 oratione

246 4134 344 4195 l‘J;
374 4131 626 4185 lsidorum
666 4131 975 4185 Pelusiotam
1018 4132 1108 4184 lib.
1135 4148 1175 4194 1,
1199 4147 1280 4198 cp.
1315 4131 1408 4193 45;
1439 4131 1630 4184 librum
1670 4130 1765 4183 Sa-

163 4206 177 4213 ’
242 4229 630 4273 eratnentornm
659 4219 823 4271 sancti
850 4220 1107 4287 Gregorii,
1140 4220 1189 4270 in
1212 4220 1445 4270 oratione
1474 4220 1536 4270 de
1565 4217 1760 4269 Conse—

1862 1860 2080 1927 epistola
2110 1860 2174 1912 ad
2204 1859 2555 1911 Philemonem
2584 1857 2832 1913 Ecclesiae
2880 1859 3126 1914 Romanae
3171 1862 3384 1929 scripta,

1863 1948 2008 2014 cujus
2025 1947 2311 2014 fragmenta
2330 1947 2724 2012 praeclarissima
2746 1947 2999 2000 Eusebius
3015 1947 3174 2000 refert
3196 1948 3285 2003 lib.
3314 1963 3385 2000 vn

1862 2036 2049 2089 eccles.
2104 2035 2365 2099 Historiae,
2413 2050 2527 2101 cap.
2569 2036 2627 2097 7;
2656 2036 2746 2088 sed
2790 2038 3033 2103 prmeipui
3074 2038 3392 2090 exstiterunt

1864 2127 1999 2178 inter
2025 2124 2153 2176 alios
2179 2122 2479 2176 defensores
2500 2129 2713 2175 sanctus
2740 2121 3031 2190 Cyprianus
3058 2124 3109 2175 in
3140 2123 3293 2191 epist.
3322 2123 3391 2176 ad

1864 2213 2105 2279 Magnum
2136 2212 2199 2264 de
2228 2211 2554 2278 baptizandis
2578 2210 2899 2273 Novatiauis,
2926 2211 2978 2263 in
2996 2212 3151 2279 epist.
3181 2212 3267 2275 74,
3300 2211 3389 2264 76.

1850 2300 1950 2363 I78,
1979 2308 2031 2351 et
2058 2306 2268 2351 sanctus
2296 2298 2630 2351 Firmilianus
2657 2298 2708 2350 in
2737 2300 2889 2365 epist.
2928 2299 2994 2351 ad
3026 2307 3262 2353 sanctum
3288 2298 3394 2367 Cy-

1862 2386 2127 2453 prianum;
2158 2386 2223 2439 de
2261 2384 2449 2453 quibus
2474 2386 2552 2437 sie
2578 2384 2806 2452 loquitur
2832 2394 3043 2439 sanctus
3084 2386 3307 2439 Basilius
3334 2387 3389 2439 in

1862 2475 2013 2544 epist.
2045 2475 2295 2529 canonica
2325 2474 2390 2526 ad
2429 2474 2866 2542 Amphilochium,
2893 2490 3010 2526 can.
3042 2476 3065 2527 l
3095 2493 3107 2527 :
3144 2492 3162 2523 ι
3191 2473 3389 2527 Verum

1861 2566 1999 2617 enim
2042 2578 2167 2616 vero
2190 2563 2417 2629 antiquis
2446 2563 2616 2615 visum
2646 2571 2744 2623 cst,
2773 2562 3034 2631 Cypriane
3062 2564 3200 2626 dico,
3228 2571 3281 2616 et
3303 2578 3385 2615 no‘

1862 2660 1973 2704 stre
1986 2650 2309 2709 Firmiliano,
2329 2661 2420 2719 eos
2439 2663 2620 2700 omnes
2650 2650 2737 2701 uni
2759 2649 2957 2702 calculo
2970 2650 3246 2718 subjicere,
3262 2660 3389 2712 etc.,

1861 2738 2020 2805 utqui
2037 2752 2139 2789 non
2162 2735 2601 2805 possintamplius
2618 2735 2845 2802 Spiritus
2858 2738 3261 2805 sanctigratiam
3278 2737 3396 2798 aliis
3454 2798 3457 2799 ν
3550 2789 3552 2792 ,

1862 2842 2067 2894 quoque
2086 2825 2337 2893 praebere,
2366 2840 2396 2876 a
2431 2839 2532 2891 qua
2568 2824 2665 2891 ipsi
2691 2818 3014 2878 exciderunt.
3046 2845 3063 2876 ι
3093 2826 3264 2893 Atque
3295 2826 3393 2879 ho-

1860 2929 2039 2966 rumce
2054 2913 2354 2979 dogmatum
2374 2912 2629 2964 rationem
2644 2912 2866 2980 explicat
2878 2913 3210 2965 doctissimus
3222 2911 3396 2981 Rigal-

1863 3003 1964 3052 tius
1979 3002 2030 3051 in
2052 3004 2161 3052 suis
2176 3000 2311 3051 notis
2334 2999 2396 3050 ad
2421 2998 2664 3066 Cypriani
2680 2999 2954 3067 epistolam
2976 2999 3060 3062 δι,
3078 3001 3160 3053 his
3180 3001 3385 3054 verbis:

1868 3106 1887 3138 ι
1900 3088 2178 3141 Sententia:
2191 3086 2434 3155 Cypriani
2452 3085 2519 3137 Pa
2528 3087 2710 3152 melius
2729 3090 2942 3155 opponit
2960 3091 3270 3142 sententiam
3283 3091 3389 3142 Au-

1861 3177 2049 3244 gustini
2079 3176 2374 3245 statuentis,
2397 3184 2723 3227 sacramenta
2747 3177 2811 3229 ab
2838 3175 3013 3243 impiis
3042 3184 3093 3227 et
3120 3176 3392 3229 sceleratis

1860 3265 2115 3331 episcopis
2140 3265 2249 3316 sive
2274 3266 2591 3332 presbyteris
2613 3264 2907 3316 ministrata
2931 3264 3121 3317 valere.
3154 3263 3280 3329 Qua:
3302 3278 3389 3317 res

1858 3352 2055 3420 indiget
2080 3353 2411 3407 distinctione
2444 3354 2562 3407 facti
2589 3354 2641 3406 in
2672 3354 3078 3407 controversiam
3103 3354 3331 3407 deducti.
3365 3373 3383 3404 ι

1859 3438 1921 3491 Et
1946 3438 2099 3504 paulo
2122 3448 2241 3504 post
2268 3457 2279 3490 :
2315 3457 2333 3488 σ
2368 3439 2511 3492 Talia
2540 3441 2801 3506 dogmata.
2819 3454 2929 3491 {evo
2958 3445 3271 3505 potestatem
3289 3452 3388 3491 sm-

1859 3525 2113 3577 eularium
2141 3526 2501 3578 vexationibus
2539 3536 2592 3577 et
2621 3526 2974 3578 ministrorum
3019 3524 3266 3579 Ecclesia:
3307 3525 3388 3578 fa-

1859 3611 2118 3667 ctionibus
2164 3610 2532 3673 alﬂictissimo,
2581 3611 2812 3663 stabilire
2865 3625 2925 3664 ac
2969 3611 3171 3664 sancire
3217 3611 3387 3664 visum

1859 3696 2138 3765 Cypriane,
2191 3699 2497 3767 ueterisque
2548 3714 2642 3766 per
2685 3698 2933 3772 Africam,
2987 3698 3280 3751 Numidiam
3324 3715 3389 3752 ac
3446 3767 3451 3772 '

1860 3784 2243 3846 Mauritaniam,
2273 3800 2376 3852 quo
2409 3787 2505 3837 sibi
2543 3768 2782 3851 populum
2814 3785 3043 3839 facerent
3082 3785 3198 3839 fidei
3227 3786 3388 3840 Chri-

1860 3872 2041 3923 stianzn
2076 3880 2333 3935 tenacem,
2361 3873 2730 3940 ministrosque
2758 3874 3007 3926 haberent
3026 3874 3170 3941 pacis
3190 3882 3243 3926 et
3267 3874 3385 3927 uni-

1860 3959 1982 4011 tatis
2012 3958 2380 4012 ecclesiastica:
2422 3962 2588 4029 magis
2632 3973 2881 4015 amantes.
2916 3982 2932 4012 ι
2971 3962 3059 4015 Sic
3094 3964 3388 4017 doctissimi

1859 4047 1955 4099 viri
1986 4046 2215 4098 sentiunt
2240 4048 2302 4099 de
2346 4048 2446 4100 hac
2471 4048 2713 4115 opinione
2757 4050 3098 4116 quorumdam
3147 4049 3394 4111 Patrum,

1859 4152 2014 4204 quam
2047 4137 2348 4190 Theodorus
2381 4148 2588 4191 secutus
2616 4147 2695 4191 est
2721 4155 2839 4193 cum
2866 4148 3078 4193 auctore
3115 4140 3203 4194 lib.
3230 4142 3293 4193 de
3318 4142 3395 4195 iis

1860 4226 1947 4291 qui
1975 4226 2239 4292 mysteriis
2267 4226 2557 4287 initiantur,
2586 4227 2719 4293 apud
2761 4236 2997 4279 sanctum
3025 4226 3389 4292 Ambrosium,

243 4306 482 4359 elatione
502 4305 755 4372 episcopi;
784 4305 1139 4375 Fortunatam,
1163 4305 1251 4356 lia.
1278 4320 1334 4365 ιι,
1357 4304 1610 4372 epigram.
1629 4318 1683 4365 ι,
1698 4302 1762 4354 de

1862 4319 1976 4379 cap.
2007 4312 2039 4362 4
2069 4328 2081 4363 z
2112 4330 2130 4361 ι
2167 4312 2481 4369 Νοιι,ετιη;ιι.
2513 4312 2696 4377 inquit,
2732 4313 3019 4378 baptismus
3044 4311 3393 4379 perfidorum,

245 4400 432 4444 saneto
457 4390 715 4444 Germano
742 4390 1056 4443 Parisiorum
1083 4390 1343 4456 episeopo.

368 4497 460 4558 ille
476 4506 635 4553 tamen
655 4501 828 4544 sensim
854 4499 1051 4555 incediz,
1072 4500 1200 4544 velut
1223 4498 1342 4545 alter
1370 4496 1553 4558 Aaron,

428 4556 527 4603 Non
548 4557 612 4602 de
632 4570 670 4603 ν·
691 4568 765 4604 Ste
790 4566 965 4610 nitens,
985 4558 1068 4602 sed
1096 4560 1273 4613 pietate
1300 4559 1502 4613 placo-ns.

371 4615 474 4678 Ven
495 4614 695 4678 lapides,
719 4628 903 4668 euecus,
926 4617 1100 4678 clarum
1140 4629 1320 4671 uitrum,
1354 4629 1573 4674 purpura,
1596 4616 1762 4674 lsyssus

427 4674 661 4721 Exornant
686 4676 929 4732 binneros,
956 4677 1039 4718 sed
1066 4684 1202 4721 nncat
1218 4677 1334 4720 aluu
1361 4677 1493 4721 udes.

312 4772 488 4836 Quare
514 4781 701 4823 auctor
726 4772 855 4825 Vita:
885 4771 1048 4823 sancti
1093 4771 1347 4837 Fulgentii
1389 4774 1499 4826 bzec
1543 4774 1606 4825 de
1654 4773 1764 4838 ipso

248 4867 475 4912 testatur
503 4876 518 4911 :
552 4877 570 4908 ι
602 4860 655 4911 In
684 4874 783 4925 qua
816 4860 989 4911 tunica
1018 4858 1325 4919 dormiebat,
1358 4861 1407 4911 in
1436 4861 1544 4927 ipsa
1568 4860 1765 4912 sacriﬁ-

249 4947 436 5007 cabat;
473 4956 528 4998 et
572 4938 804 5014 tempore
846 4947 1107 5007 sacrificii,
1155 4949 1399 4998 mutanda
1446 4965 1559 5001 esse
1609 4950 1764 5001 corda

247 5037 426 5105 potius
451 5050 605 5101 quam
633 5038 939 5089 vestimenta
971 5023 1196 5089 dicebat.
1229 5056 1246 5087 ι

319 5122 515 5175 Iterum
548 5122 860 5191 baptizentur
898 5122 971 5175 illi
998 5140 1117 5191 quos
1166 5125 1449 5191 baptizavit.
1495 5122 1768 5189 Presbyter

251 5213 536 5276 fornicans,
573 5213 615 5266 si
664 5224 933 5280 postquam
979 5226 1295 5281 compertum
1348 5215 1501 5267 fuerit
1549 5217 1764 5275 crimen,

254 5301 614 5366 baptizaverit.
662 5300 843 5357 Mirum
894 5304 1028 5367 quod
1080 5304 1201 5369 quid
1262 5304 1360 5355 tale
1411 5305 1610 5371 legatur
1654 5315 1769 5371 post

253 5389 590 5454 qumstionem
608 5404 636 5440 a
655 5389 897 5441 Patribus
918 5393 1163 5442 adversus
1186 5391 1483 5444 Donatistas
1500 5400 1768 5457 tantopere

255 5478 563 5528 diseussam.
602 5476 767 5529 Antea
791 5478 997 5543 quidam
1028 5478 1209 5532 Patres
1239 5479 1451 5531 liberius
1488 5479 1767 5546 loqueban-

258 5572 362 5625 tur,
387 5569 602 5636 sanctus
645 5563 883 5616 Clemens
909 5566 1285 5618 Alexandrinus
1310 5567 1398 5619 lib.
1429 5583 1497 5618 vn
1530 5566 1763 5620 Struma-

1862 4414 1964 4450 non
2006 4401 2241 4462 mundat,
2285 4401 2374 4452 sed
2398 4400 2596 4466 polluit.
2636 4420 2652 4450 ›
2682 4401 2974 4454 Notandum
3007 4402 3144 4468 quod
3170 4401 3393 4465 dicitur,

1859 4495 2129 4554 postquam
2154 4497 2474 4555 compertum
2498 4489 2653 4541 fuerit
2675 4490 2871 4542 crimen
2900 4507 2911 4539 :
2941 4489 3093 4557 longo
3114 4488 3230 4555 post
3252 4498 3393 4542 tem-r

1848 4564 1986 4643 pore
2014 4579 2209 4644 pariter
2232 4578 2464 4629 distinxit
2493 4577 2733 4644 Magister
2767 4575 3026 4629 Robertus
3053 4576 3115 4629 de
3140 4576 3393 4641 (ἔδοι-φῆν

1862 4668 1913 4719 in
1937 4683 2027 4720 sua
2062 4669 2275 4722 Summa
2293 4706 2306 4725 ,
2335 4668 2503 4733 quoa'l
2533 4672 2842 4733 potestatem
2886 4665 3115 4719 solvendi
3143 4674 3390 4733 peccaui,

1864 4777 2057 4830 Selecta
2084 4792 2145 4828 ea:
2174 4776 2386 4829 Summa
2416 4791 2509 4827 ms.
2538 4774 2737 4826 Roberti
2760 4776 2821 4825 de
2846 4772 3099 4837 (Πιστίου.
3119 4784 3300 4841 quam.
3325 4768 3394 4837 3,

2227 4913 2235 4920 .
2299 4882 2303 4885 '
2520 4880 2633 4931 cap.
2664 4864 2715 4915 5.

1931 4953 2191 5018 Quazritur
2216 4960 2387 5003 utrum
2427 4950 2671 5003 sacerdos
2697 4952 2783 5017 qui
2813 4958 2895 5004 est
2933 4951 2985 5004 in
3023 4951 3228 5004 mortali
3261 4966 3395 5019 pecv

1865 5050 1983 5094 cato
2010 5042 2195 5093 habeat
2221 5038 2495 5105 prazdietas
2531 5037 2725 5095 claves,
2762 5039 2950 5105 quibus
2984 5046 3073 5089 aut
3110 5038 3255 5105 liget,
3293 5046 3393 5090 aut

1866 5127 2051 5177 solvat.
2108 5124 2321 5175 Videtur
2366 5123 2505 5189 quod
2560 5138 2684 5184 non,
2734 5132 2835 5175 eic.
2885 5121 3165 5190 Gregorius
3215 5123 3379 5177 dicit:

1873 5234 1888 5260 ι
1928 5213 2023 5274 Qui
2061 5211 2168 5261 suis
2196 5212 2472 5276 premitur,
2508 5210 2673 5262 aliena
2713 5225 2813 5261 non
2843 5210 3009 5263 diluit.
3050 5230 3067 5260 ι
3120 5211 3258 5277 Ergo
3286 5213 3389 5265 ἰπὶ-ν

1866 5304 2086 5354 mundus
2108 5299 2272 5350 aliena
2301 5313 2402 5350 non
2429 5298 2596 5349 diluit.
2629 5298 2752 5352 Item
2776 5298 3056 5366 Gregorius
3075 5286 3198 5351 alibi
3224 5300 3349 5354 dicit
3365 5318 3390 5350 :-

1874 5407 1889 5437 ‹
1931 5388 2000 5438 lili
2032 5387 2124 5437 soli
2159 5387 2209 5438 in
2239 5386 2336 5438 hac
2365 5398 2521 5437 carne
2547 5386 2701 5451 positi
2741 5394 3050 5453 potestatem
3079 5387 3274 5440 habent
3314 5380 3377 5439 lit.

1867 5478 2016 5545 gandi
2045 5484 2097 5527 et
2120 5475 2366 5535 solvendi,
2399 5473 2486 5541 qui
2513 5474 2800 5526 doctrinam
2830 5476 3179 5543 apostolorum
3204 5484 3383 5532 tenent

1868 5573 1916 5615 et
1945 5563 2120 5613 vitam.
2171 5560 2305 5627 Ergo
2350 5574 2466 5613 eum
2518 5560 3087 5615 immundussacerdos
3131 5563 3241 5619 haec
3276 5579 3383 5619 non
