  <div class='ocr_page' id='page_1' title='image "/cluster/home/n/w/nwhite01/storage/ocr_20150623/99/uva.x000827057/567.png"; bbox 0 0 3926 6216; ppageno 0'>
   <div class='ocr_carea' id='block_1_1' title="bbox 508 312 639 363">
    <p class='ocr_par' dir='ltr' id='par_1_1' title="bbox 508 312 639 363">
     <span class='ocr_line' id='line_1_1' title="bbox 508 312 639 363; baseline -0.031 0"><span class='ocrx_word' id='word_1_1' title='bbox 508 312 639 363; x_wconf 59' lang='grc' dir='ltr'><strong>Ητὶό</strong></span> 
     </span>
    </p>
   </div>
   <div class='ocr_carea' id='block_1_2' title="bbox 1529 292 2563 353">
    <p class='ocr_par' dir='ltr' id='par_1_2' title="bbox 1529 292 2563 353">
     <span class='ocr_line' id='line_1_2' title="bbox 1529 292 2563 353; baseline -0.012 -1"><span class='ocrx_word' id='word_1_2' title='bbox 1529 304 1638 353; x_wconf 54' lang='grc' dir='ltr'><strong>..λυ</strong></span> <span class='ocrx_word' id='word_1_3' title='bbox 1679 294 2194 353; x_wconf 55' lang='grc' dir='ltr'>ιδιι;κιτι‹;γι·ι.ιι.ις</span> <span class='ocrx_word' id='word_1_4' title='bbox 2234 292 2563 344; x_wconf 64' lang='grc' dir='ltr'><strong>ΤΙΙΕΟΒΟΚΙ</strong></span> 
     </span>
    </p>
   </div>
   <div class='ocr_carea' id='block_1_3' title="bbox 3494 284 3636 339">
    <p class='ocr_par' dir='ltr' id='par_1_3' title="bbox 3494 284 3636 339">
     <span class='ocr_line' id='line_1_3' title="bbox 3494 284 3636 339; baseline -0.014 -2"><span class='ocrx_word' id='word_1_5' title='bbox 3494 284 3636 339; x_wconf 68' lang='grc'><strong>1124</strong></span> 
     </span>
    </p>
   </div>
   <div class='ocr_carea' id='block_1_4' title="bbox 506 398 3633 481">
    <p class='ocr_par' dir='ltr' id='par_1_4' title="bbox 506 398 3633 481">
     <span class='ocr_line' id='line_1_4' title="bbox 506 398 3633 481; baseline -0.006 -13"><span class='ocrx_word' id='word_1_6' title='bbox 506 418 708 471; x_wconf 72' lang='lat' dir='ltr'><strong>habeat,</strong></span> <span class='ocrx_word' id='word_1_7' title='bbox 751 430 915 481; x_wconf 89' lang='lat' dir='ltr'><strong>neque</strong></span> <span class='ocrx_word' id='word_1_8' title='bbox 949 414 1091 481; x_wconf 87' lang='lat' dir='ltr'><strong>ligat,</strong></span> <span class='ocrx_word' id='word_1_9' title='bbox 1132 428 1296 479; x_wconf 86' lang='lat' dir='ltr'><strong>neque</strong></span> <span class='ocrx_word' id='word_1_10' title='bbox 1325 412 1496 471; x_wconf 73' lang='lat' dir='ltr'><strong>soltit,</strong></span> <span class='ocrx_word' id='word_1_11' title='bbox 1531 419 1633 462; x_wconf 77' lang='lat' dir='ltr'><strong>etc.</strong></span> <span class='ocrx_word' id='word_1_12' title='bbox 1668 430 1685 459; x_wconf 74' lang='grc' dir='ltr'><strong>ι</strong></span> <span class='ocrx_word' id='word_1_13' title='bbox 1726 410 1858 472; x_wconf 83' lang='lat' dir='ltr'><strong>Quid</strong></span> <span class='ocrx_word' id='word_1_14' title='bbox 1882 424 2005 473; x_wconf 78' lang='lat' dir='ltr'><strong>ergo</strong></span> <span class='ocrx_word' id='word_1_15' title='bbox 2035 407 2078 463; x_wconf 79' lang='grc' dir='ltr'><strong>Α</strong></span> <span class='ocrx_word' id='word_1_16' title='bbox 2106 411 2155 453; x_wconf 88' lang='lat' dir='ltr'><strong>et</strong></span> <span class='ocrx_word' id='word_1_17' title='bbox 2200 402 2425 468; x_wconf 88' lang='lat' dir='ltr'><strong>Spiritus</strong></span> <span class='ocrx_word' id='word_1_18' title='bbox 2475 401 2657 451; x_wconf 77' lang='lat' dir='ltr'><strong>sancti.</strong></span> <span class='ocrx_word' id='word_1_19' title='bbox 2726 399 2799 449; x_wconf 80' lang='lat' dir='ltr'><strong>Ex</strong></span> <span class='ocrx_word' id='word_1_20' title='bbox 2842 398 3122 466; x_wconf 81' lang='lat' dir='ltr'><strong>Spicilegio</strong></span> <span class='ocrx_word' id='word_1_21' title='bbox 3172 398 3403 450; x_wconf 76' lang='lat' dir='ltr'><strong>Reinauo</strong></span> <span class='ocrx_word' id='word_1_22' title='bbox 3443 400 3633 450; x_wconf 84' lang='lat' dir='ltr'><strong>domni</strong></span> 
     </span>
    </p>
   </div>
   <div class='ocr_carea' id='block_1_5' title="bbox 505 496 2006 572">
    <p class='ocr_par' dir='ltr' id='par_1_5' title="bbox 505 496 2006 572">
     <span class='ocr_line' id='line_1_5' title="bbox 505 496 2006 572; baseline -0.007 -15"><span class='ocrx_word' id='word_1_23' title='bbox 505 518 661 572; x_wconf 84' lang='lat' dir='ltr'><strong>super</strong></span> <span class='ocrx_word' id='word_1_24' title='bbox 689 506 769 557; x_wconf 86' lang='lat' dir='ltr'><strong>his</strong></span> <span class='ocrx_word' id='word_1_25' title='bbox 796 503 1102 555; x_wconf 86' lang='lat' dir='ltr'><strong>dicendum?</strong></span> <span class='ocrx_word' id='word_1_26' title='bbox 1138 500 1297 553; x_wconf 81' lang='lat' dir='ltr'><strong>Nobis</strong></span> <span class='ocrx_word' id='word_1_27' title='bbox 1332 499 1535 551; x_wconf 89' lang='lat' dir='ltr'><strong>videtur</strong></span> <span class='ocrx_word' id='word_1_28' title='bbox 1574 500 1623 549; x_wconf 91' lang='lat' dir='ltr'><strong>in</strong></span> <span class='ocrx_word' id='word_1_29' title='bbox 1652 499 1730 550; x_wconf 85' lang='lat' dir='ltr'><strong>his</strong></span> <span class='ocrx_word' id='word_1_30' title='bbox 1762 512 1875 549; x_wconf 81' lang='lat' dir='ltr'><strong>eSse</strong></span> <span class='ocrx_word' id='word_1_31' title='bbox 1905 496 2006 547; x_wconf 89' lang='lat' dir='ltr'><strong>dis-</strong></span> 
     </span>
    </p>
   </div>
   <div class='ocr_carea' id='block_1_6' title="bbox 510 585 2009 658">
    <p class='ocr_par' dir='ltr' id='par_1_6' title="bbox 510 585 2009 658">
     <span class='ocr_line' id='line_1_6' title="bbox 510 585 2009 658; baseline -0.008 -15"><span class='ocrx_word' id='word_1_32' title='bbox 510 592 869 658; x_wconf 88' lang='lat' dir='ltr'><strong>tinguendum;</strong></span> <span class='ocrx_word' id='word_1_33' title='bbox 909 597 997 642; x_wconf 91' lang='lat' dir='ltr'><strong>aut</strong></span> <span class='ocrx_word' id='word_1_34' title='bbox 1027 588 1163 641; x_wconf 92' lang='lat' dir='ltr'><strong>enim</strong></span> <span class='ocrx_word' id='word_1_35' title='bbox 1212 588 1443 639; x_wconf 89' lang='lat' dir='ltr'><strong>notorius</strong></span> <span class='ocrx_word' id='word_1_36' title='bbox 1482 595 1561 637; x_wconf 87' lang='lat' dir='ltr'><strong>est</strong></span> <span class='ocrx_word' id='word_1_37' title='bbox 1609 585 1877 641; x_wconf 89' lang='lat' dir='ltr'><strong>sacerdos,</strong></span> <span class='ocrx_word' id='word_1_38' title='bbox 1920 590 2009 633; x_wconf 86' lang='lat' dir='ltr'><strong>aut</strong></span> 
     </span>
    </p>
   </div>
   <div class='ocr_carea' id='block_1_7' title="bbox 507 672 2006 740">
    <p class='ocr_par' dir='ltr' id='par_1_7' title="bbox 507 672 2006 740">
     <span class='ocr_line' id='line_1_7' title="bbox 507 672 2006 740; baseline -0.005 -10"><span class='ocrx_word' id='word_1_39' title='bbox 507 680 754 732; x_wconf 88' lang='lat' dir='ltr'><strong>occultus.</strong></span> <span class='ocrx_word' id='word_1_40' title='bbox 830 678 885 731; x_wconf 89' lang='lat' dir='ltr'><strong>Si</strong></span> <span class='ocrx_word' id='word_1_41' title='bbox 920 677 1154 729; x_wconf 79' lang='lat' dir='ltr'><strong>notarius</strong></span> <span class='ocrx_word' id='word_1_42' title='bbox 1192 684 1299 733; x_wconf 88' lang='lat' dir='ltr'><strong>est,</strong></span> <span class='ocrx_word' id='word_1_43' title='bbox 1338 689 1502 740; x_wconf 89' lang='lat' dir='ltr'><strong>neque</strong></span> <span class='ocrx_word' id='word_1_44' title='bbox 1544 675 1607 725; x_wconf 82' lang='lat' dir='ltr'><strong>de</strong></span> <span class='ocrx_word' id='word_1_45' title='bbox 1646 673 1765 723; x_wconf 82' lang='lat' dir='ltr'><strong>vitae</strong></span> <span class='ocrx_word' id='word_1_46' title='bbox 1800 672 2006 731; x_wconf 88' lang='lat' dir='ltr'><strong>merito,</strong></span> 
     </span>
    </p>
   </div>
   <div class='ocr_carea' id='block_1_8' title="bbox 508 757 2006 832">
    <p class='ocr_par' dir='ltr' id='par_1_8' title="bbox 508 757 2006 832">
     <span class='ocr_line' id='line_1_8' title="bbox 508 757 2006 832; baseline -0.006 -17"><span class='ocrx_word' id='word_1_47' title='bbox 508 782 671 832; x_wconf 88' lang='lat' dir='ltr'><strong>neque</strong></span> <span class='ocrx_word' id='word_1_48' title='bbox 705 767 767 818; x_wconf 92' lang='lat' dir='ltr'><strong>de</strong></span> <span class='ocrx_word' id='word_1_49' title='bbox 795 764 961 817; x_wconf 85' lang='lat' dir='ltr'><strong>ollicio</strong></span> <span class='ocrx_word' id='word_1_50' title='bbox 993 765 1151 832; x_wconf 79' lang='lat' dir='ltr'><strong>ligare</strong></span> <span class='ocrx_word' id='word_1_51' title='bbox 1182 764 1334 815; x_wconf 87' lang='lat' dir='ltr'><strong>debet</strong></span> <span class='ocrx_word' id='word_1_52' title='bbox 1360 762 1435 813; x_wconf 82' lang='lat' dir='ltr'><strong>vel</strong></span> <span class='ocrx_word' id='word_1_53' title='bbox 1466 761 1689 814; x_wconf 76' lang='lat' dir='ltr'><strong>solvere.</strong></span> <span class='ocrx_word' id='word_1_54' title='bbox 1712 760 1814 831; x_wconf 88' lang='lat' dir='ltr'><strong>imo</strong></span> <span class='ocrx_word' id='word_1_55' title='bbox 1844 757 2006 809; x_wconf 90' lang='lat' dir='ltr'><strong>arceri</strong></span> 
     </span>
    </p>
   </div>
   <div class='ocr_carea' id='block_1_9' title="bbox 508 842 2009 905">
    <p class='ocr_par' dir='ltr' id='par_1_9' title="bbox 508 842 2009 905">
     <span class='ocr_line' id='line_1_9' title="bbox 508 842 2009 905; baseline -0.007 -4"><span class='ocrx_word' id='word_1_56' title='bbox 508 855 657 904; x_wconf 60' lang='lat' dir='ltr'><strong>t&#39;ebet</strong></span> <span class='ocrx_word' id='word_1_57' title='bbox 694 852 902 903; x_wconf 92' lang='lat' dir='ltr'><strong>omnino</strong></span> <span class='ocrx_word' id='word_1_58' title='bbox 936 851 1000 901; x_wconf 90' lang='lat' dir='ltr'><strong>ab</strong></span> <span class='ocrx_word' id='word_1_59' title='bbox 1026 849 1357 901; x_wconf 75' lang='lat' dir='ltr'><strong>exsecutione</strong></span> <span class='ocrx_word' id='word_1_60' title='bbox 1398 846 1639 905; x_wconf 86' lang='lat' dir='ltr'><strong>clavium,</strong></span> <span class='ocrx_word' id='word_1_61' title='bbox 1673 842 1905 894; x_wconf 73' lang='lat' dir='ltr'><strong>similiter</strong></span> <span class='ocrx_word' id='word_1_62' title='bbox 1933 843 2009 892; x_wconf 90' lang='lat' dir='ltr'><strong>di-</strong></span> 
     </span>
    </p>
   </div>
   <div class='ocr_carea' id='block_1_10' title="bbox 507 928 2009 1002">
    <p class='ocr_par' dir='ltr' id='par_1_10' title="bbox 507 928 2009 1002">
     <span class='ocr_line' id='line_1_10' title="bbox 507 928 2009 1002; baseline -0.008 -13"><span class='ocrx_word' id='word_1_63' title='bbox 507 940 691 999; x_wconf 83' lang='lat' dir='ltr'><strong>cimus,</strong></span> <span class='ocrx_word' id='word_1_64' title='bbox 739 938 875 1002; x_wconf 87' lang='lat' dir='ltr'><strong>quod</strong></span> <span class='ocrx_word' id='word_1_65' title='bbox 928 936 1045 987; x_wconf 91' lang='lat' dir='ltr'><strong>talis</strong></span> <span class='ocrx_word' id='word_1_66' title='bbox 1091 934 1344 987; x_wconf 88' lang='lat' dir='ltr'><strong>arcendus</strong></span> <span class='ocrx_word' id='word_1_67' title='bbox 1388 943 1465 983; x_wconf 89' lang='lat' dir='ltr'><strong>est</strong></span> <span class='ocrx_word' id='word_1_68' title='bbox 1504 933 1568 982; x_wconf 88' lang='lat' dir='ltr'><strong>ab</strong></span> <span class='ocrx_word' id='word_1_69' title='bbox 1602 929 1767 981; x_wconf 85' lang='lat' dir='ltr'><strong>oﬁieio</strong></span> <span class='ocrx_word' id='word_1_70' title='bbox 1794 928 2009 995; x_wconf 58' lang='lat' dir='ltr'><strong>publica:</strong></span> 
     </span>
    </p>
   </div>
   <div class='ocr_carea' id='block_1_11' title="bbox 505 1015 2009 1093">
    <p class='ocr_par' dir='ltr' id='par_1_11' title="bbox 505 1015 2009 1093">
     <span class='ocr_line' id='line_1_11' title="bbox 505 1015 2009 1093; baseline -0.007 -17"><span class='ocrx_word' id='word_1_71' title='bbox 505 1026 795 1093; x_wconf 82' lang='lat' dir='ltr'><strong>legationis,</strong></span> <span class='ocrx_word' id='word_1_72' title='bbox 825 1033 876 1076; x_wconf 92' lang='lat' dir='ltr'><strong>et</strong></span> <span class='ocrx_word' id='word_1_73' title='bbox 912 1020 1313 1089; x_wconf 66' lang='lat' dir='ltr'><strong>praedicationis,</strong></span> <span class='ocrx_word' id='word_1_74' title='bbox 1344 1030 1393 1070; x_wconf 88' lang='lat' dir='ltr'><strong>et</strong></span> <span class='ocrx_word' id='word_1_75' title='bbox 1428 1018 1789 1070; x_wconf 83' lang='lat' dir='ltr'><strong>celebrationis</strong></span> <span class='ocrx_word' id='word_1_76' title='bbox 1827 1015 2009 1067; x_wconf 88' lang='lat' dir='ltr'><strong>missa-</strong></span> 
     </span>
    </p>
   </div>
   <div class='ocr_carea' id='block_1_12' title="bbox 507 1102 2008 1171">
    <p class='ocr_par' dir='ltr' id='par_1_12' title="bbox 507 1102 2008 1171">
     <span class='ocr_line' id='line_1_12' title="bbox 507 1102 2008 1171; baseline -0.005 -11"><span class='ocrx_word' id='word_1_77' title='bbox 507 1124 637 1161; x_wconf 87' lang='lat' dir='ltr'><strong>rum.</strong></span> <span class='ocrx_word' id='word_1_78' title='bbox 680 1111 739 1161; x_wconf 87' lang='lat' dir='ltr'><strong>Et</strong></span> <span class='ocrx_word' id='word_1_79' title='bbox 773 1111 821 1161; x_wconf 93' lang='lat' dir='ltr'><strong>in</strong></span> <span class='ocrx_word' id='word_1_80' title='bbox 852 1108 939 1159; x_wconf 89' lang='lat' dir='ltr'><strong>tali</strong></span> <span class='ocrx_word' id='word_1_81' title='bbox 966 1122 1086 1158; x_wconf 91' lang='lat' dir='ltr'><strong>casu</strong></span> <span class='ocrx_word' id='word_1_82' title='bbox 1128 1106 1409 1171; x_wconf 82' lang='lat' dir='ltr'><strong>loquuntur</strong></span> <span class='ocrx_word' id='word_1_83' title='bbox 1432 1104 1690 1171; x_wconf 54' lang='lat' dir='ltr'><strong>praedicta:</strong></span> <span class='ocrx_word' id='word_1_84' title='bbox 1724 1102 2008 1153; x_wconf 86' lang='lat' dir='ltr'><strong>auctorita-</strong></span> 
     </span>
    </p>
   </div>
   <div class='ocr_carea' id='block_1_13' title="bbox 506 1189 2011 1257">
    <p class='ocr_par' dir='ltr' id='par_1_13' title="bbox 506 1189 2011 1257">
     <span class='ocr_line' id='line_1_13' title="bbox 506 1189 2011 1257; baseline -0.007 -8"><span class='ocrx_word' id='word_1_85' title='bbox 506 1206 601 1249; x_wconf 90' lang='lat' dir='ltr'><strong>tes.</strong></span> <span class='ocrx_word' id='word_1_86' title='bbox 648 1198 702 1249; x_wconf 89' lang='lat' dir='ltr'><strong>Si</strong></span> <span class='ocrx_word' id='word_1_87' title='bbox 728 1211 852 1249; x_wconf 84' lang='lat' dir='ltr'><strong>vero</strong></span> <span class='ocrx_word' id='word_1_88' title='bbox 876 1196 1107 1248; x_wconf 90' lang='lat' dir='ltr'><strong>occultus</strong></span> <span class='ocrx_word' id='word_1_89' title='bbox 1134 1204 1232 1254; x_wconf 92' lang='lat' dir='ltr'><strong>est,</strong></span> <span class='ocrx_word' id='word_1_90' title='bbox 1274 1193 1481 1244; x_wconf 89' lang='lat' dir='ltr'><strong>tolerari</strong></span> <span class='ocrx_word' id='word_1_91' title='bbox 1518 1199 1711 1257; x_wconf 85' lang='lat' dir='ltr'><strong>potest,</strong></span> <span class='ocrx_word' id='word_1_92' title='bbox 1737 1198 1785 1241; x_wconf 91' lang='lat' dir='ltr'><strong>et</strong></span> <span class='ocrx_word' id='word_1_93' title='bbox 1817 1190 1859 1240; x_wconf 88' lang='lat' dir='ltr'><strong>si</strong></span> <span class='ocrx_word' id='word_1_94' title='bbox 1889 1189 2011 1254; x_wconf 85' lang='lat' dir='ltr'><strong>ligat</strong></span> 
     </span>
    </p>
   </div>
   <div class='ocr_carea' id='block_1_14' title="bbox 506 1272 2008 1353">
    <p class='ocr_par' dir='ltr' id='par_1_14' title="bbox 506 1272 2008 1353">
     <span class='ocr_line' id='line_1_14' title="bbox 506 1272 2008 1353; baseline -0.005 -17"><span class='ocrx_word' id='word_1_95' title='bbox 506 1286 584 1337; x_wconf 86' lang='lat' dir='ltr'><strong>vel</strong></span> <span class='ocrx_word' id='word_1_96' title='bbox 611 1286 783 1347; x_wconf 84' lang='lat' dir='ltr'><strong>solvit,</strong></span> <span class='ocrx_word' id='word_1_97' title='bbox 816 1294 953 1339; x_wconf 89' lang='lat' dir='ltr'><strong>tenet</strong></span> <span class='ocrx_word' id='word_1_98' title='bbox 982 1286 1093 1353; x_wconf 87' lang='lat' dir='ltr'><strong>ejus</strong></span> <span class='ocrx_word' id='word_1_99' title='bbox 1137 1284 1314 1351; x_wconf 87' lang='lat' dir='ltr'><strong>ligatio</strong></span> <span class='ocrx_word' id='word_1_100' title='bbox 1346 1282 1425 1333; x_wconf 94' lang='lat' dir='ltr'><strong>vel</strong></span> <span class='ocrx_word' id='word_1_101' title='bbox 1470 1280 1744 1332; x_wconf 82' lang='lat' dir='ltr'><strong>absolutio.</strong></span> <span class='ocrx_word' id='word_1_102' title='bbox 1794 1277 1941 1329; x_wconf 89' lang='lat' dir='ltr'><strong>Sicut</strong></span> <span class='ocrx_word' id='word_1_103' title='bbox 1966 1272 2008 1329; x_wconf 79' lang='lat' dir='ltr'><strong>si</strong></span> 
     </span>
    </p>
   </div>
   <div class='ocr_carea' id='block_1_15' title="bbox 511 1358 2009 1435">
    <p class='ocr_par' dir='ltr' id='par_1_15' title="bbox 511 1358 2009 1435">
     <span class='ocr_line' id='line_1_15' title="bbox 511 1358 2009 1435; baseline -0.007 -9"><span class='ocrx_word' id='word_1_104' title='bbox 511 1376 677 1427; x_wconf 85' lang='lat' dir='ltr'><strong>malus</strong></span> <span class='ocrx_word' id='word_1_105' title='bbox 730 1358 951 1434; x_wconf 86' lang='lat' dir='ltr'><strong>conﬁcit,</strong></span> <span class='ocrx_word' id='word_1_106' title='bbox 1014 1374 1306 1427; x_wconf 80' lang='lat' dir='ltr'><strong>confectum</strong></span> <span class='ocrx_word' id='word_1_107' title='bbox 1359 1380 1456 1423; x_wconf 88' lang='lat' dir='ltr'><strong>est.</strong></span> <span class='ocrx_word' id='word_1_108' title='bbox 1516 1368 1570 1422; x_wconf 90' lang='lat' dir='ltr'><strong>Si</strong></span> <span class='ocrx_word' id='word_1_109' title='bbox 1622 1369 1867 1435; x_wconf 86' lang='lat' dir='ltr'><strong>baptizat,</strong></span> <span class='ocrx_word' id='word_1_110' title='bbox 1917 1368 2009 1417; x_wconf 90' lang='lat' dir='ltr'><strong>ba-</strong></span> 
     </span>
    </p>
   </div>
   <div class='ocr_carea' id='block_1_16' title="bbox 505 1455 2011 1531">
    <p class='ocr_par' dir='ltr' id='par_1_16' title="bbox 505 1455 2011 1531">
     <span class='ocr_line' id='line_1_16' title="bbox 505 1455 2011 1531; baseline -0.009 -14"><span class='ocrx_word' id='word_1_111' title='bbox 505 1466 753 1531; x_wconf 70' lang='lat' dir='ltr'><strong>ptizatum</strong></span> <span class='ocrx_word' id='word_1_112' title='bbox 782 1472 879 1518; x_wconf 91' lang='lat' dir='ltr'><strong>est.</strong></span> <span class='ocrx_word' id='word_1_113' title='bbox 913 1462 1015 1516; x_wconf 70' lang='lat' dir='ltr'><strong>sed</strong></span> <span class='ocrx_word' id='word_1_114' title='bbox 1042 1462 1297 1513; x_wconf 79' lang='lat' dir='ltr'><strong>absolutio</strong></span> <span class='ocrx_word' id='word_1_115' title='bbox 1319 1467 1370 1512; x_wconf 91' lang='lat' dir='ltr'><strong>et</strong></span> <span class='ocrx_word' id='word_1_116' title='bbox 1390 1459 1565 1527; x_wconf 89' lang='lat' dir='ltr'><strong>ligatio</strong></span> <span class='ocrx_word' id='word_1_117' title='bbox 1598 1457 1715 1508; x_wconf 90' lang='lat' dir='ltr'><strong>talis</strong></span> <span class='ocrx_word' id='word_1_118' title='bbox 1744 1455 1801 1507; x_wconf 91' lang='lat' dir='ltr'><strong>ﬁt</strong></span> <span class='ocrx_word' id='word_1_119' title='bbox 1821 1456 1871 1507; x_wconf 92' lang='lat' dir='ltr'><strong>in</strong></span> <span class='ocrx_word' id='word_1_120' title='bbox 1900 1455 2011 1521; x_wconf 85' lang='lat' dir='ltr'><strong>ejus</strong></span> 
     </span>
    </p>
   </div>
   <div class='ocr_carea' id='block_1_17' title="bbox 506 1541 2011 1619">
    <p class='ocr_par' dir='ltr' id='par_1_17' title="bbox 506 1541 2011 1619">
     <span class='ocr_line' id='line_1_17' title="bbox 506 1541 2011 1619; baseline -0.009 -16"><span class='ocrx_word' id='word_1_121' title='bbox 506 1554 812 1619; x_wconf 86' lang='lat' dir='ltr'><strong>perniciem,</strong></span> <span class='ocrx_word' id='word_1_122' title='bbox 856 1552 942 1618; x_wconf 91' lang='lat' dir='ltr'><strong>qui</strong></span> <span class='ocrx_word' id='word_1_123' title='bbox 983 1550 1106 1617; x_wconf 82' lang='lat' dir='ltr'><strong>ligat</strong></span> <span class='ocrx_word' id='word_1_124' title='bbox 1141 1548 1220 1600; x_wconf 90' lang='lat' dir='ltr'><strong>vel</strong></span> <span class='ocrx_word' id='word_1_125' title='bbox 1259 1546 1428 1599; x_wconf 84' lang='lat' dir='ltr'><strong>solvit.</strong></span> <span class='ocrx_word' id='word_1_126' title='bbox 1474 1544 1583 1596; x_wconf 84' lang='lat' dir='ltr'><strong>Non</strong></span> <span class='ocrx_word' id='word_1_127' title='bbox 1610 1543 1749 1601; x_wconf 82' lang='lat' dir='ltr'><strong>enim</strong></span> <span class='ocrx_word' id='word_1_128' title='bbox 1794 1542 1915 1607; x_wconf 83' lang='lat' dir='ltr'><strong>ligat</strong></span> <span class='ocrx_word' id='word_1_129' title='bbox 1949 1541 2011 1592; x_wconf 93' lang='lat' dir='ltr'><strong>de</strong></span> 
     </span>
    </p>
   </div>
   <div class='ocr_carea' id='block_1_18' title="bbox 509 1626 1906 1702">
    <p class='ocr_par' dir='ltr' id='par_1_18' title="bbox 509 1626 1906 1702">
     <span class='ocr_line' id='line_1_18' title="bbox 509 1626 1906 1702; baseline -0.005 -13"><span class='ocrx_word' id='word_1_130' title='bbox 509 1642 623 1694; x_wconf 70' lang='lat' dir='ltr'><strong>vitro</strong></span> <span class='ocrx_word' id='word_1_131' title='bbox 655 1641 858 1702; x_wconf 84' lang='lat' dir='ltr'><strong>merito,</strong></span> <span class='ocrx_word' id='word_1_132' title='bbox 883 1640 972 1693; x_wconf 90' lang='lat' dir='ltr'><strong>sed</strong></span> <span class='ocrx_word' id='word_1_133' title='bbox 1002 1642 1064 1690; x_wconf 91' lang='lat' dir='ltr'><strong>de</strong></span> <span class='ocrx_word' id='word_1_134' title='bbox 1091 1636 1258 1689; x_wconf 83' lang='lat' dir='ltr'><strong>oﬁicio</strong></span> <span class='ocrx_word' id='word_1_135' title='bbox 1287 1644 1460 1687; x_wconf 89' lang='lat' dir='ltr'><strong>tamen</strong></span> <span class='ocrx_word' id='word_1_136' title='bbox 1484 1634 1582 1686; x_wconf 88' lang='lat' dir='ltr'><strong>sibi</strong></span> <span class='ocrx_word' id='word_1_137' title='bbox 1608 1626 1906 1684; x_wconf 78' lang='lat' dir='ltr'><strong>commisso&#39;.</strong></span> 
     </span>
    </p>
   </div>
   <div class='ocr_carea' id='block_1_19' title="bbox 573 1736 2012 1814">
    <p class='ocr_par' dir='ltr' id='par_1_19' title="bbox 573 1736 2012 1814">
     <span class='ocr_line' id='line_1_19' title="bbox 573 1736 2012 1814; baseline -0.007 -15"><span class='ocrx_word' id='word_1_138' title='bbox 573 1748 901 1814; x_wconf 80' lang='lat' dir='ltr'><strong>Deprehendit</strong></span> <span class='ocrx_word' id='word_1_139' title='bbox 923 1763 974 1797; x_wconf 81' lang='lat' dir='ltr'><strong>se</strong></span> <span class='ocrx_word' id='word_1_140' title='bbox 1000 1762 1097 1797; x_wconf 84' lang='lat' dir='ltr'><strong>non</strong></span> <span class='ocrx_word' id='word_1_141' title='bbox 1120 1760 1223 1795; x_wconf 78' lang='lat' dir='ltr'><strong>esse</strong></span> <span class='ocrx_word' id='word_1_142' title='bbox 1248 1744 1573 1810; x_wconf 79' lang='lat' dir='ltr'><strong>baptizatum.</strong></span> <span class='ocrx_word' id='word_1_143' title='bbox 1603 1742 1676 1792; x_wconf 87' lang='lat' dir='ltr'><strong>De</strong></span> <span class='ocrx_word' id='word_1_144' title='bbox 1698 1740 1875 1791; x_wconf 87' lang='lat' dir='ltr'><strong>eadem</strong></span> <span class='ocrx_word' id='word_1_145' title='bbox 1903 1736 2012 1789; x_wconf 77' lang='lat' dir='ltr'><strong>fore</strong></span> 
     </span>
    </p>
   </div>
   <div class='ocr_carea' id='block_1_20' title="bbox 496 1825 2014 1901">
    <p class='ocr_par' dir='ltr' id='par_1_20' title="bbox 496 1825 2014 1901">
     <span class='ocr_line' id='line_1_20' title="bbox 496 1825 2014 1901; baseline -0.007 -16"><span class='ocrx_word' id='word_1_146' title='bbox 496 1835 787 1901; x_wconf 84' lang='lat' dir='ltr'><strong>&#39;qu:cstioue</strong></span> <span class='ocrx_word' id='word_1_147' title='bbox 827 1834 1175 1900; x_wconf 75' lang='lat' dir='ltr'><strong>interrogatus</strong></span> <span class='ocrx_word' id='word_1_148' title='bbox 1208 1829 1482 1896; x_wconf 82' lang='lat' dir='ltr'><strong>Dienysius</strong></span> <span class='ocrx_word' id='word_1_149' title='bbox 1515 1826 1895 1878; x_wconf 79' lang='lat' dir='ltr'><strong>Alexandrinus</strong></span> <span class='ocrx_word' id='word_1_150' title='bbox 1938 1825 2014 1875; x_wconf 91' lang='lat' dir='ltr'><strong>sic</strong></span> 
     </span>
    </p>
   </div>
   <div class='ocr_carea' id='block_1_21' title="bbox 505 1914 2015 1988">
    <p class='ocr_par' dir='ltr' id='par_1_21' title="bbox 505 1914 2015 1988">
     <span class='ocr_line' id='line_1_21' title="bbox 505 1914 2015 1988; baseline -0.005 -15"><span class='ocrx_word' id='word_1_151' title='bbox 505 1922 766 1988; x_wconf 87' lang='lat' dir='ltr'><strong>respondit</strong></span> <span class='ocrx_word' id='word_1_152' title='bbox 800 1920 850 1973; x_wconf 91' lang='lat' dir='ltr'><strong>in</strong></span> <span class='ocrx_word' id='word_1_153' title='bbox 890 1934 972 1987; x_wconf 85' lang='lat' dir='ltr'><strong>ep.</strong></span> <span class='ocrx_word' id='word_1_154' title='bbox 1008 1921 1071 1971; x_wconf 89' lang='lat' dir='ltr'><strong>ad</strong></span> <span class='ocrx_word' id='word_1_155' title='bbox 1106 1918 1312 1970; x_wconf 80' lang='lat' dir='ltr'><strong>Xistum</strong></span> <span class='ocrx_word' id='word_1_156' title='bbox 1348 1916 1593 1968; x_wconf 61' lang='lat' dir='ltr'><strong>Romana:</strong></span> <span class='ocrx_word' id='word_1_157' title='bbox 1630 1914 1774 1966; x_wconf 88' lang='lat' dir='ltr'><strong>urbis</strong></span> <span class='ocrx_word' id='word_1_158' title='bbox 1815 1916 2015 1979; x_wconf 89' lang='lat' dir='ltr'><strong>episco—</strong></span> 
     </span>
    </p>
   </div>
   <div class='ocr_carea' id='block_1_22' title="bbox 506 1999 2009 2075">
    <p class='ocr_par' dir='ltr' id='par_1_22' title="bbox 506 1999 2009 2075">
     <span class='ocr_line' id='line_1_22' title="bbox 506 1999 2009 2075; baseline -0.007 -17"><span class='ocrx_word' id='word_1_159' title='bbox 506 2022 649 2075; x_wconf 88' lang='lat' dir='ltr'><strong>pum,</strong></span> <span class='ocrx_word' id='word_1_160' title='bbox 688 2021 841 2073; x_wconf 88' lang='lat' dir='ltr'><strong>quam</strong></span> <span class='ocrx_word' id='word_1_161' title='bbox 884 2004 1136 2056; x_wconf 83' lang='lat' dir='ltr'><strong>Eusebius</strong></span> <span class='ocrx_word' id='word_1_162' title='bbox 1173 2002 1327 2055; x_wconf 80' lang='lat' dir='ltr'><strong>refert</strong></span> <span class='ocrx_word' id='word_1_163' title='bbox 1372 2002 1460 2053; x_wconf 90' lang='lat' dir='ltr'><strong>lib.</strong></span> <span class='ocrx_word' id='word_1_164' title='bbox 1492 2016 1561 2052; x_wconf 91' lang='lat' dir='ltr'><strong>vu</strong></span> <span class='ocrx_word' id='word_1_165' title='bbox 1599 2000 1759 2062; x_wconf 89' lang='lat' dir='ltr'><strong>Hist.,</strong></span> <span class='ocrx_word' id='word_1_166' title='bbox 1800 2014 1913 2065; x_wconf 89' lang='lat' dir='ltr'><strong>eap.</strong></span> <span class='ocrx_word' id='word_1_167' title='bbox 1945 1999 2009 2049; x_wconf 88' lang='lat'><strong>9:</strong></span> 
     </span>
    </p>
   </div>
   <div class='ocr_carea' id='block_1_23' title="bbox 512 2085 2012 2159">
    <p class='ocr_par' dir='ltr' id='par_1_23' title="bbox 512 2085 2012 2159">
     <span class='ocr_line' id='line_1_23' title="bbox 512 2085 2012 2159; baseline -0.005 -18"><span class='ocrx_word' id='word_1_168' title='bbox 512 2110 531 2141; x_wconf 76' lang='grc' dir='ltr'><strong>ι</strong></span> <span class='ocrx_word' id='word_1_169' title='bbox 567 2091 694 2144; x_wconf 86' lang='lat' dir='ltr'><strong>Nam</strong></span> <span class='ocrx_word' id='word_1_170' title='bbox 724 2092 810 2159; x_wconf 89' lang='lat' dir='ltr'><strong>qui</strong></span> <span class='ocrx_word' id='word_1_171' title='bbox 840 2092 1123 2159; x_wconf 78' lang='lat' dir='ltr'><strong>gratiarum</strong></span> <span class='ocrx_word' id='word_1_172' title='bbox 1156 2089 1411 2140; x_wconf 83' lang='lat' dir='ltr'><strong>actionem</strong></span> <span class='ocrx_word' id='word_1_173' title='bbox 1443 2085 1741 2153; x_wconf 81' lang='lat' dir='ltr'><strong>frequenter</strong></span> <span class='ocrx_word' id='word_1_174' title='bbox 1770 2085 2012 2145; x_wconf 89' lang='lat' dir='ltr'><strong>audierit,</strong></span> 
     </span>
    </p>
   </div>
   <div class='ocr_carea' id='block_1_24' title="bbox 505 2173 2012 2246">
    <p class='ocr_par' dir='ltr' id='par_1_24' title="bbox 505 2173 2012 2246">
     <span class='ocr_line' id='line_1_24' title="bbox 505 2173 2012 2246; baseline -0.005 -15"><span class='ocrx_word' id='word_1_175' title='bbox 505 2189 556 2231; x_wconf 86' lang='lat' dir='ltr'><strong>et</strong></span> <span class='ocrx_word' id='word_1_176' title='bbox 595 2180 681 2246; x_wconf 87' lang='lat' dir='ltr'><strong>qui</strong></span> <span class='ocrx_word' id='word_1_177' title='bbox 715 2178 919 2230; x_wconf 85' lang='lat' dir='ltr'><strong>caeteris</strong></span> <span class='ocrx_word' id='word_1_178' title='bbox 964 2176 1287 2242; x_wconf 89' lang='lat' dir='ltr'><strong>responderit</strong></span> <span class='ocrx_word' id='word_1_179' title='bbox 1326 2176 1519 2235; x_wconf 83' lang='lat' dir='ltr'><strong>Amen;</strong></span> <span class='ocrx_word' id='word_1_180' title='bbox 1568 2173 1653 2238; x_wconf 85' lang='lat' dir='ltr'><strong>qui</strong></span> <span class='ocrx_word' id='word_1_181' title='bbox 1703 2173 1769 2225; x_wconf 87' lang='lat' dir='ltr'><strong>ad</strong></span> <span class='ocrx_word' id='word_1_182' title='bbox 1810 2187 2012 2226; x_wconf 86' lang='lat' dir='ltr'><strong>sacram</strong></span> 
     </span>
    </p>
   </div>
   <div class='ocr_carea' id='block_1_25' title="bbox 506 2264 2013 2331">
    <p class='ocr_par' dir='ltr' id='par_1_25' title="bbox 506 2264 2013 2331">
     <span class='ocr_line' id='line_1_25' title="bbox 506 2264 2013 2331; baseline -0.005 -10"><span class='ocrx_word' id='word_1_183' title='bbox 506 2285 736 2323; x_wconf 85' lang='lat' dir='ltr'><strong>mensam</strong></span> <span class='ocrx_word' id='word_1_184' title='bbox 762 2267 1004 2329; x_wconf 87' lang='lat' dir='ltr'><strong>astiterit,</strong></span> <span class='ocrx_word' id='word_1_185' title='bbox 1026 2276 1079 2319; x_wconf 89' lang='lat' dir='ltr'><strong>et</strong></span> <span class='ocrx_word' id='word_1_186' title='bbox 1100 2281 1282 2318; x_wconf 89' lang='lat' dir='ltr'><strong>manus</strong></span> <span class='ocrx_word' id='word_1_187' title='bbox 1306 2266 1367 2315; x_wconf 89' lang='lat' dir='ltr'><strong>ad</strong></span> <span class='ocrx_word' id='word_1_188' title='bbox 1395 2264 1777 2331; x_wconf 88' lang='lat' dir='ltr'><strong>suscipiendum</strong></span> <span class='ocrx_word' id='word_1_189' title='bbox 1806 2277 2013 2314; x_wconf 90' lang='lat' dir='ltr'><strong>sacrum</strong></span> 
     </span>
    </p>
   </div>
   <div class='ocr_carea' id='block_1_26' title="bbox 505 2352 2015 2425">
    <p class='ocr_par' dir='ltr' id='par_1_26' title="bbox 505 2352 2015 2425">
     <span class='ocr_line' id='line_1_26' title="bbox 505 2352 2015 2425; baseline -0.006 -13"><span class='ocrx_word' id='word_1_190' title='bbox 505 2361 677 2412; x_wconf 85' lang='lat' dir='ltr'><strong>cibum</strong></span> <span class='ocrx_word' id='word_1_191' title='bbox 717 2358 1027 2425; x_wconf 80' lang='lat' dir='ltr'><strong>porrexerit,</strong></span> <span class='ocrx_word' id='word_1_192' title='bbox 1068 2356 1154 2423; x_wconf 88' lang='lat' dir='ltr'><strong>qui</strong></span> <span class='ocrx_word' id='word_1_193' title='bbox 1193 2355 1334 2407; x_wconf 92' lang='lat' dir='ltr'><strong>illum</strong></span> <span class='ocrx_word' id='word_1_194' title='bbox 1377 2354 1655 2419; x_wconf 74' lang='lat' dir='ltr'><strong>exceperit,</strong></span> <span class='ocrx_word' id='word_1_195' title='bbox 1688 2360 1741 2405; x_wconf 90' lang='lat' dir='ltr'><strong>et</strong></span> <span class='ocrx_word' id='word_1_196' title='bbox 1782 2352 2015 2418; x_wconf 89' lang='lat' dir='ltr'><strong>corporis</strong></span> 
     </span>
    </p>
   </div>
   <div class='ocr_carea' id='block_1_27' title="bbox 506 2440 2015 2514">
    <p class='ocr_par' dir='ltr' id='par_1_27' title="bbox 506 2440 2015 2514">
     <span class='ocr_line' id='line_1_27' title="bbox 506 2440 2015 2514; baseline -0.005 -14"><span class='ocrx_word' id='word_1_197' title='bbox 506 2462 569 2500; x_wconf 88' lang='lat' dir='ltr'><strong>ac</strong></span> <span class='ocrx_word' id='word_1_198' title='bbox 615 2446 880 2514; x_wconf 76' lang='lat' dir='ltr'><strong>sanguinis</strong></span> <span class='ocrx_word' id='word_1_199' title='bbox 927 2445 1129 2498; x_wconf 89' lang='lat' dir='ltr'><strong>Domini</strong></span> <span class='ocrx_word' id='word_1_200' title='bbox 1184 2443 1345 2495; x_wconf 89' lang='lat' dir='ltr'><strong>nostri</strong></span> <span class='ocrx_word' id='word_1_201' title='bbox 1392 2440 1514 2494; x_wconf 81' lang='lat' dir='ltr'><strong>Jesu</strong></span> <span class='ocrx_word' id='word_1_202' title='bbox 1541 2441 1733 2494; x_wconf 88' lang='lat' dir='ltr'><strong>Christi</strong></span> <span class='ocrx_word' id='word_1_203' title='bbox 1758 2440 2015 2506; x_wconf 87' lang='lat' dir='ltr'><strong>particeps</strong></span> 
     </span>
    </p>
   </div>
   <div class='ocr_carea' id='block_1_28' title="bbox 508 2532 2055 2600">
    <p class='ocr_par' dir='ltr' id='par_1_28' title="bbox 508 2532 2055 2600">
     <span class='ocr_line' id='line_1_28' title="bbox 508 2532 2055 2600; baseline -0.007 -11"><span class='ocrx_word' id='word_1_204' title='bbox 508 2535 661 2589; x_wconf 76' lang='lat' dir='ltr'><strong>fuerit</strong></span> <span class='ocrx_word' id='word_1_205' title='bbox 697 2535 1006 2596; x_wconf 81' lang='lat' dir='ltr'><strong>diutissime,</strong></span> <span class='ocrx_word' id='word_1_206' title='bbox 1035 2548 1151 2584; x_wconf 90' lang='lat' dir='ltr'><strong>eum</strong></span> <span class='ocrx_word' id='word_1_207' title='bbox 1180 2546 1274 2600; x_wconf 86' lang='lat' dir='ltr'><strong>ego</strong></span> <span class='ocrx_word' id='word_1_208' title='bbox 1307 2534 1369 2584; x_wconf 89' lang='lat' dir='ltr'><strong>de</strong></span> <span class='ocrx_word' id='word_1_209' title='bbox 1404 2532 1606 2597; x_wconf 81' lang='lat' dir='ltr'><strong>integro</strong></span> <span class='ocrx_word' id='word_1_210' title='bbox 1636 2544 1884 2582; x_wconf 88' lang='lat' dir='ltr'><strong>renovare</strong></span> <span class='ocrx_word' id='word_1_211' title='bbox 1912 2543 2014 2579; x_wconf 88' lang='lat' dir='ltr'><strong>non</strong></span> <span class='ocrx_word' id='word_1_212' title='bbox 2052 2552 2055 2555; x_wconf 89' lang='lat'><strong><em>-</em></strong></span> 
     </span>
    </p>
   </div>
   <div class='ocr_carea' id='block_1_29' title="bbox 507 2620 2013 2683">
    <p class='ocr_par' dir='ltr' id='par_1_29' title="bbox 507 2620 2013 2683">
     <span class='ocr_line' id='line_1_29' title="bbox 507 2620 2013 2683; baseline -0.001 -8"><span class='ocrx_word' id='word_1_213' title='bbox 507 2623 694 2676; x_wconf 83' lang='lat' dir='ltr'><strong>ausim.</strong></span> <span class='ocrx_word' id='word_1_214' title='bbox 746 2622 907 2675; x_wconf 87' lang='lat' dir='ltr'><strong>Porro</strong></span> <span class='ocrx_word' id='word_1_215' title='bbox 949 2630 1005 2673; x_wconf 92' lang='lat' dir='ltr'><strong>ut</strong></span> <span class='ocrx_word' id='word_1_216' title='bbox 1050 2623 1185 2675; x_wconf 90' lang='lat' dir='ltr'><strong>bono</strong></span> <span class='ocrx_word' id='word_1_217' title='bbox 1228 2623 1401 2675; x_wconf 89' lang='lat' dir='ltr'><strong>animo</strong></span> <span class='ocrx_word' id='word_1_218' title='bbox 1442 2630 1599 2683; x_wconf 88' lang='lat' dir='ltr'><strong>esset,</strong></span> <span class='ocrx_word' id='word_1_219' title='bbox 1631 2630 1684 2673; x_wconf 89' lang='lat' dir='ltr'><strong>et</strong></span> <span class='ocrx_word' id='word_1_220' title='bbox 1717 2620 2013 2673; x_wconf 91' lang='lat' dir='ltr'><strong>cum-ﬁrma</strong></span> 
     </span>
    </p>
   </div>
   <div class='ocr_carea' id='block_1_30' title="bbox 512 2708 2015 2777">
    <p class='ocr_par' dir='ltr' id='par_1_30' title="bbox 512 2708 2015 2777">
     <span class='ocr_line' id='line_1_30' title="bbox 512 2708 2015 2777; baseline -0.004 -13"><span class='ocrx_word' id='word_1_221' title='bbox 512 2712 608 2764; x_wconf 83' lang='lat' dir='ltr'><strong>ﬁde</strong></span> <span class='ocrx_word' id='word_1_222' title='bbox 635 2712 781 2764; x_wconf 81' lang='lat' dir='ltr'><strong>home</strong></span> <span class='ocrx_word' id='word_1_223' title='bbox 811 2711 918 2777; x_wconf 91' lang='lat' dir='ltr'><strong>spei</strong></span> <span class='ocrx_word' id='word_1_224' title='bbox 948 2710 1132 2776; x_wconf 89' lang='lat' dir='ltr'><strong>plenus</strong></span> <span class='ocrx_word' id='word_1_225' title='bbox 1164 2710 1227 2761; x_wconf 77' lang='lat' dir='ltr'><strong>ad</strong></span> <span class='ocrx_word' id='word_1_226' title='bbox 1262 2709 1513 2761; x_wconf 88' lang='lat' dir='ltr'><strong>Dominici</strong></span> <span class='ocrx_word' id='word_1_227' title='bbox 1543 2709 1776 2774; x_wconf 90' lang='lat' dir='ltr'><strong>corporis</strong></span> <span class='ocrx_word' id='word_1_228' title='bbox 1804 2708 2015 2774; x_wconf 90' lang='lat' dir='ltr'><strong>partici-</strong></span> 
     </span>
    </p>
   </div>
   <div class='ocr_carea' id='block_1_31' title="bbox 510 2792 2017 2866">
    <p class='ocr_par' dir='ltr' id='par_1_31' title="bbox 510 2792 2017 2866">
     <span class='ocr_line' id='line_1_31' title="bbox 510 2792 2017 2866; baseline -0.004 -16"><span class='ocrx_word' id='word_1_229' title='bbox 510 2798 767 2866; x_wconf 86' lang='lat' dir='ltr'><strong>pationem</strong></span> <span class='ocrx_word' id='word_1_230' title='bbox 810 2798 1099 2857; x_wconf 83' lang='lat' dir='ltr'><strong>accederet,</strong></span> <span class='ocrx_word' id='word_1_231' title='bbox 1126 2795 1275 2861; x_wconf 89' lang='lat' dir='ltr'><strong>jussi.</strong></span> <span class='ocrx_word' id='word_1_232' title='bbox 1311 2814 1327 2844; x_wconf 74' lang='grc' dir='ltr'><strong>ι</strong></span> <span class='ocrx_word' id='word_1_233' title='bbox 1371 2794 1473 2847; x_wconf 85' lang='lat' dir='ltr'><strong>Sed</strong></span> <span class='ocrx_word' id='word_1_234' title='bbox 1500 2803 1677 2861; x_wconf 90' lang='lat' dir='ltr'><strong>postea</strong></span> <span class='ocrx_word' id='word_1_235' title='bbox 1718 2793 1867 2845; x_wconf 87' lang='lat' dir='ltr'><strong>aliter</strong></span> <span class='ocrx_word' id='word_1_236' title='bbox 1890 2792 2017 2845; x_wconf 80' lang='lat' dir='ltr'><strong>deﬁ-</strong></span> 
     </span>
    </p>
   </div>
   <div class='ocr_carea' id='block_1_32' title="bbox 511 2880 2012 2949">
    <p class='ocr_par' dir='ltr' id='par_1_32' title="bbox 511 2880 2012 2949">
     <span class='ocr_line' id='line_1_32' title="bbox 511 2880 2012 2949; baseline -0.006 -10"><span class='ocrx_word' id='word_1_237' title='bbox 511 2888 675 2939; x_wconf 90' lang='lat' dir='ltr'><strong>nitum</strong></span> <span class='ocrx_word' id='word_1_238' title='bbox 727 2893 809 2938; x_wconf 89' lang='lat' dir='ltr'><strong>est</strong></span> <span class='ocrx_word' id='word_1_239' title='bbox 861 2900 889 2935; x_wconf 92' lang='lat' dir='ltr'><strong>a</strong></span> <span class='ocrx_word' id='word_1_240' title='bbox 930 2882 1173 2936; x_wconf 80' lang='lat' dir='ltr'><strong>Patribus</strong></span> <span class='ocrx_word' id='word_1_241' title='bbox 1230 2880 1435 2935; x_wconf 87' lang='lat' dir='ltr'><strong>concilii</strong></span> <span class='ocrx_word' id='word_1_242' title='bbox 1489 2880 1912 2949; x_wconf 73' lang='lat' dir='ltr'><strong>Carthaginiensis</strong></span> <span class='ocrx_word' id='word_1_243' title='bbox 1960 2894 2012 2940; x_wconf 90' lang='lat' dir='ltr'><strong>v,</strong></span> 
     </span>
    </p>
   </div>
   <div class='ocr_carea' id='block_1_33' title="bbox 513 2967 2082 3060">
    <p class='ocr_par' dir='ltr' id='par_1_33' title="bbox 513 2967 2082 3060">
     <span class='ocr_line' id='line_1_33' title="bbox 513 2967 2082 3060; baseline -0.006 -35"><span class='ocrx_word' id='word_1_244' title='bbox 513 2987 696 3039; x_wconf 85' lang='lat' dir='ltr'><strong>nempe</strong></span> <span class='ocrx_word' id='word_1_245' title='bbox 733 2972 841 3025; x_wconf 75' lang='lat' dir='ltr'><strong>sine</strong></span> <span class='ocrx_word' id='word_1_246' title='bbox 877 2971 960 3023; x_wconf 90' lang='lat' dir='ltr'><strong>illa</strong></span> <span class='ocrx_word' id='word_1_247' title='bbox 995 2970 1319 3024; x_wconf 87' lang='lat' dir='ltr'><strong>cnnctatione</strong></span> <span class='ocrx_word' id='word_1_248' title='bbox 1356 2971 1543 3023; x_wconf 69' lang='lat' dir='ltr'><strong>debere</strong></span> <span class='ocrx_word' id='word_1_249' title='bbox 1575 2967 1846 3037; x_wconf 84' lang='lat' dir='ltr'><strong>baptizari.</strong></span> <span class='ocrx_word' id='word_1_250' title='bbox 1887 2967 2015 3020; x_wconf 86' lang='lat' dir='ltr'><strong>Vide</strong></span> <span class='ocrx_word' id='word_1_251' title='bbox 2038 3003 2082 3060; x_wconf 59' lang='grc' dir='ltr'>ε</span> 
     </span>
    </p>
   </div>
   <div class='ocr_carea' id='block_1_34' title="bbox 513 3055 2012 3129">
    <p class='ocr_par' dir='ltr' id='par_1_34' title="bbox 513 3055 2012 3129">
     <span class='ocr_line' id='line_1_34' title="bbox 513 3055 2012 3129; baseline -0.004 -16"><span class='ocrx_word' id='word_1_252' title='bbox 513 3077 627 3113; x_wconf 89' lang='lat' dir='ltr'><strong>can.</strong></span> <span class='ocrx_word' id='word_1_253' title='bbox 658 3061 689 3113; x_wconf 90' lang='grc'>6</span> <span class='ocrx_word' id='word_1_254' title='bbox 718 3061 804 3129; x_wconf 91' lang='lat' dir='ltr'><strong>qui</strong></span> <span class='ocrx_word' id='word_1_255' title='bbox 835 3060 1056 3114; x_wconf 82' lang='lat' dir='ltr'><strong>refertur</strong></span> <span class='ocrx_word' id='word_1_256' title='bbox 1094 3061 1141 3113; x_wconf 90' lang='lat' dir='ltr'><strong>in</strong></span> <span class='ocrx_word' id='word_1_257' title='bbox 1182 3060 1381 3128; x_wconf 85' lang='lat' dir='ltr'><strong>integro</strong></span> <span class='ocrx_word' id='word_1_258' title='bbox 1415 3060 1593 3113; x_wconf 86' lang='lat' dir='ltr'><strong>codice</strong></span> <span class='ocrx_word' id='word_1_259' title='bbox 1628 3070 1884 3110; x_wconf 89' lang='lat' dir='ltr'><strong>canonum</strong></span> <span class='ocrx_word' id='word_1_260' title='bbox 1913 3055 2012 3107; x_wconf 85' lang='lat' dir='ltr'><strong>Ec-</strong></span> 
     </span>
    </p>
   </div>
   <div class='ocr_carea' id='block_1_35' title="bbox 512 3144 2016 3212">
    <p class='ocr_par' dir='ltr' id='par_1_35' title="bbox 512 3144 2016 3212">
     <span class='ocr_line' id='line_1_35' title="bbox 512 3144 2016 3212; baseline -0.003 -12"><span class='ocrx_word' id='word_1_261' title='bbox 512 3148 681 3201; x_wconf 83' lang='lat' dir='ltr'><strong>clesia:</strong></span> <span class='ocrx_word' id='word_1_262' title='bbox 711 3146 988 3209; x_wconf 72' lang='lat' dir='ltr'><strong>Africaine,</strong></span> <span class='ocrx_word' id='word_1_263' title='bbox 1018 3162 1066 3199; x_wconf 81' lang='lat' dir='ltr'><strong>c;</strong></span> <span class='ocrx_word' id='word_1_264' title='bbox 1096 3146 1179 3198; x_wconf 75' lang='lat'><strong>72.</strong></span> <span class='ocrx_word' id='word_1_265' title='bbox 1224 3146 1430 3198; x_wconf 86' lang='lat' dir='ltr'><strong>Statuta</strong></span> <span class='ocrx_word' id='word_1_266' title='bbox 1460 3145 1645 3199; x_wconf 91' lang='lat' dir='ltr'><strong>concil.</strong></span> <span class='ocrx_word' id='word_1_267' title='bbox 1672 3144 2016 3212; x_wconf 80' lang='lat' dir='ltr'><strong>Hipponensis</strong></span> 
     </span>
    </p>
   </div>
   <div class='ocr_carea' id='block_1_36' title="bbox 513 3233 2011 3303">
    <p class='ocr_par' dir='ltr' id='par_1_36' title="bbox 513 3233 2011 3303">
     <span class='ocr_line' id='line_1_36' title="bbox 513 3233 2011 3303; baseline -0.002 -15"><span class='ocrx_word' id='word_1_268' title='bbox 513 3237 743 3288; x_wconf 87' lang='lat' dir='ltr'><strong>breviata</strong></span> <span class='ocrx_word' id='word_1_269' title='bbox 790 3252 901 3303; x_wconf 89' lang='lat' dir='ltr'><strong>cap.</strong></span> <span class='ocrx_word' id='word_1_270' title='bbox 933 3236 1018 3289; x_wconf 74' lang='grc'><strong>40.</strong></span> <span class='ocrx_word' id='word_1_271' title='bbox 1068 3234 1179 3288; x_wconf 87' lang='lat' dir='ltr'><strong>Non</strong></span> <span class='ocrx_word' id='word_1_272' title='bbox 1218 3235 1369 3289; x_wconf 83' lang='lat' dir='ltr'><strong>aliter</strong></span> <span class='ocrx_word' id='word_1_273' title='bbox 1403 3242 1613 3287; x_wconf 88' lang='lat' dir='ltr'><strong>sanctus</strong></span> <span class='ocrx_word' id='word_1_274' title='bbox 1646 3233 1750 3286; x_wconf 88' lang='lat' dir='ltr'><strong>Leo</strong></span> <span class='ocrx_word' id='word_1_275' title='bbox 1784 3234 1833 3286; x_wconf 91' lang='lat' dir='ltr'><strong>in</strong></span> <span class='ocrx_word' id='word_1_276' title='bbox 1861 3234 2011 3300; x_wconf 89' lang='lat' dir='ltr'><strong>epist.</strong></span> 
     </span>
    </p>
   </div>
   <div class='ocr_carea' id='block_1_37' title="bbox 513 3318 2013 3389">
    <p class='ocr_par' dir='ltr' id='par_1_37' title="bbox 513 3318 2013 3389">
     <span class='ocr_line' id='line_1_37' title="bbox 513 3318 2013 3389; baseline -0.003 -12"><span class='ocrx_word' id='word_1_277' title='bbox 513 3326 580 3377; x_wconf 85' lang='lat' dir='ltr'><strong>ad</strong></span> <span class='ocrx_word' id='word_1_278' title='bbox 607 3324 826 3376; x_wconf 85' lang='lat' dir='ltr'><strong>Leonem</strong></span> <span class='ocrx_word' id='word_1_279' title='bbox 853 3324 1201 3376; x_wconf 80' lang='lat' dir='ltr'><strong>Ravennatem</strong></span> <span class='ocrx_word' id='word_1_280' title='bbox 1240 3318 1572 3389; x_wconf 77' lang='lat' dir='ltr'><strong>episc0pum,</strong></span> <span class='ocrx_word' id='word_1_281' title='bbox 1600 3330 1651 3374; x_wconf 90' lang='lat' dir='ltr'><strong>et</strong></span> <span class='ocrx_word' id='word_1_282' title='bbox 1696 3323 1745 3373; x_wconf 93' lang='lat' dir='ltr'><strong>in</strong></span> <span class='ocrx_word' id='word_1_283' title='bbox 1782 3322 1890 3373; x_wconf 88' lang='lat' dir='ltr'><strong>suis</strong></span> <span class='ocrx_word' id='word_1_284' title='bbox 1930 3337 2013 3372; x_wconf 84' lang='lat' dir='ltr'><strong>re-</strong></span> 
     </span>
    </p>
   </div>
   <div class='ocr_carea' id='block_1_38' title="bbox 515 3407 2014 3479">
    <p class='ocr_par' dir='ltr' id='par_1_38' title="bbox 515 3407 2014 3479">
     <span class='ocr_line' id='line_1_38' title="bbox 515 3407 2014 3479; baseline -0.005 -13"><span class='ocrx_word' id='word_1_285' title='bbox 515 3413 878 3479; x_wconf 84' lang='lat' dir='ltr'><strong>sponsionibus</strong></span> <span class='ocrx_word' id='word_1_286' title='bbox 915 3412 978 3462; x_wconf 91' lang='lat' dir='ltr'><strong>ad</strong></span> <span class='ocrx_word' id='word_1_287' title='bbox 1014 3411 1375 3476; x_wconf 86' lang='lat' dir='ltr'><strong>inquisitiones</strong></span> <span class='ocrx_word' id='word_1_288' title='bbox 1413 3408 1610 3461; x_wconf 79' lang='lat' dir='ltr'><strong>Rustici</strong></span> <span class='ocrx_word' id='word_1_289' title='bbox 1646 3407 2014 3469; x_wconf 86' lang='lat' dir='ltr'><strong>Narbonensis,</strong></span> 
     </span>
    </p>
   </div>
   <div class='ocr_carea' id='block_1_39' title="bbox 518 3495 2018 3566">
    <p class='ocr_par' dir='ltr' id='par_1_39' title="bbox 518 3495 2018 3566">
     <span class='ocr_line' id='line_1_39' title="bbox 518 3495 2018 3566; baseline -0.003 -15"><span class='ocrx_word' id='word_1_290' title='bbox 518 3516 655 3566; x_wconf 86' lang='lat' dir='ltr'><strong>resp.</strong></span> <span class='ocrx_word' id='word_1_291' title='bbox 682 3500 762 3551; x_wconf 85' lang='grc'><strong>16.</strong></span> <span class='ocrx_word' id='word_1_292' title='bbox 796 3516 814 3547; x_wconf 69' lang='grc' dir='ltr'><em>ς</em></span> <span class='ocrx_word' id='word_1_293' title='bbox 853 3497 908 3551; x_wconf 91' lang='lat' dir='ltr'><strong>Si</strong></span> <span class='ocrx_word' id='word_1_294' title='bbox 943 3498 1079 3550; x_wconf 90' lang='lat' dir='ltr'><strong>nulla</strong></span> <span class='ocrx_word' id='word_1_295' title='bbox 1101 3538 1114 3560; x_wconf 92' lang='lat'><strong>,</strong></span> <span class='ocrx_word' id='word_1_296' title='bbox 1166 3498 1356 3565; x_wconf 89' lang='lat' dir='ltr'><strong>inquit,</strong></span> <span class='ocrx_word' id='word_1_297' title='bbox 1388 3505 1595 3549; x_wconf 79' lang='lat' dir='ltr'><strong>exstant</strong></span> <span class='ocrx_word' id='word_1_298' title='bbox 1645 3495 1832 3548; x_wconf 90' lang='lat' dir='ltr'><strong>indicia</strong></span> <span class='ocrx_word' id='word_1_299' title='bbox 1884 3496 2018 3547; x_wconf 90' lang='lat' dir='ltr'><strong>inter</strong></span> 
     </span>
    </p>
   </div>
   <div class='ocr_carea' id='block_1_40' title="bbox 518 3583 2018 3655">
    <p class='ocr_par' dir='ltr' id='par_1_40' title="bbox 518 3583 2018 3655">
     <span class='ocr_line' id='line_1_40' title="bbox 518 3583 2018 3655; baseline -0.003 -16"><span class='ocrx_word' id='word_1_300' title='bbox 518 3588 830 3655; x_wconf 89' lang='lat' dir='ltr'><strong>propinquos</strong></span> <span class='ocrx_word' id='word_1_301' title='bbox 866 3594 953 3637; x_wconf 90' lang='lat' dir='ltr'><strong>aut</strong></span> <span class='ocrx_word' id='word_1_302' title='bbox 991 3585 1288 3645; x_wconf 85' lang='lat' dir='ltr'><strong>familiares,</strong></span> <span class='ocrx_word' id='word_1_303' title='bbox 1326 3583 1467 3636; x_wconf 89' lang='lat' dir='ltr'><strong>nulla</strong></span> <span class='ocrx_word' id='word_1_304' title='bbox 1506 3585 1645 3635; x_wconf 91' lang='lat' dir='ltr'><strong>inter</strong></span> <span class='ocrx_word' id='word_1_305' title='bbox 1677 3583 1895 3636; x_wconf 91' lang='lat' dir='ltr'><strong>clericos</strong></span> <span class='ocrx_word' id='word_1_306' title='bbox 1928 3591 2018 3634; x_wconf 91' lang='lat' dir='ltr'><strong>aut</strong></span> 
     </span>
    </p>
   </div>
   <div class='ocr_carea' id='block_1_41' title="bbox 520 3671 2017 3741">
    <p class='ocr_par' dir='ltr' id='par_1_41' title="bbox 520 3671 2017 3741">
     <span class='ocr_line' id='line_1_41' title="bbox 520 3671 2017 3741; baseline -0.002 -15"><span class='ocrx_word' id='word_1_307' title='bbox 520 3676 737 3735; x_wconf 85' lang='lat' dir='ltr'><strong>vicinos,</strong></span> <span class='ocrx_word' id='word_1_308' title='bbox 785 3675 971 3741; x_wconf 53' lang='lat' dir='ltr'><strong>quibus</strong></span> <span class='ocrx_word' id='word_1_309' title='bbox 1010 3675 1083 3735; x_wconf 91' lang='lat' dir='ltr'><strong>hi,</strong></span> <span class='ocrx_word' id='word_1_310' title='bbox 1127 3674 1189 3725; x_wconf 91' lang='lat' dir='ltr'><strong>de</strong></span> <span class='ocrx_word' id='word_1_311' title='bbox 1233 3672 1419 3739; x_wconf 87' lang='lat' dir='ltr'><strong>quibus</strong></span> <span class='ocrx_word' id='word_1_312' title='bbox 1458 3671 1727 3738; x_wconf 70' lang='lat' dir='ltr'><strong>qnmritur,</strong></span> <span class='ocrx_word' id='word_1_313' title='bbox 1772 3673 2017 3737; x_wconf 80' lang='lat' dir='ltr'><strong>baptizati</strong></span> 
     </span>
    </p>
   </div>
   <div class='ocr_carea' id='block_1_42' title="bbox 514 3762 2019 3830">
    <p class='ocr_par' dir='ltr' id='par_1_42' title="bbox 514 3762 2019 3830">
     <span class='ocr_line' id='line_1_42' title="bbox 514 3762 2019 3830; baseline -0.002 -14"><span class='ocrx_word' id='word_1_314' title='bbox 514 3764 679 3816; x_wconf 68' lang='lat' dir='ltr'><strong>fuisse</strong></span> <span class='ocrx_word' id='word_1_315' title='bbox 716 3765 1012 3823; x_wconf 86' lang='lat' dir='ltr'><strong>doceantur,</strong></span> <span class='ocrx_word' id='word_1_316' title='bbox 1045 3762 1297 3830; x_wconf 85' lang='lat' dir='ltr'><strong>agendum</strong></span> <span class='ocrx_word' id='word_1_317' title='bbox 1332 3771 1410 3813; x_wconf 88' lang='lat' dir='ltr'><strong>est</strong></span> <span class='ocrx_word' id='word_1_318' title='bbox 1448 3770 1503 3812; x_wconf 90' lang='lat' dir='ltr'><strong>ut</strong></span> <span class='ocrx_word' id='word_1_319' title='bbox 1541 3768 1881 3812; x_wconf 87' lang='lat' dir='ltr'><strong>renascantur</strong></span> <span class='ocrx_word' id='word_1_320' title='bbox 1913 3778 1924 3811; x_wconf 92' lang='lat'><strong>:</strong></span> <span class='ocrx_word' id='word_1_321' title='bbox 1955 3775 2019 3813; x_wconf 89' lang='lat' dir='ltr'><strong>ne</strong></span> 
     </span>
    </p>
   </div>
   <div class='ocr_carea' id='block_1_43' title="bbox 475 3846 2020 3918">
    <p class='ocr_par' dir='ltr' id='par_1_43' title="bbox 475 3846 2020 3918">
     <span class='ocr_line' id='line_1_43' title="bbox 475 3846 2020 3918; baseline -0.003 -15"><span class='ocrx_word' id='word_1_322' title='bbox 475 3846 479 3851; x_wconf 76' lang='grc'><strong>’</strong></span> <span class='ocrx_word' id='word_1_323' title='bbox 522 3851 790 3904; x_wconf 84' lang='lat' dir='ltr'><strong>manifeste</strong></span> <span class='ocrx_word' id='word_1_324' title='bbox 830 3858 1063 3918; x_wconf 86' lang='lat' dir='ltr'><strong>pereant,</strong></span> <span class='ocrx_word' id='word_1_325' title='bbox 1108 3850 1158 3901; x_wconf 93' lang='lat' dir='ltr'><strong>in</strong></span> <span class='ocrx_word' id='word_1_326' title='bbox 1200 3849 1385 3915; x_wconf 88' lang='lat' dir='ltr'><strong>quibus</strong></span> <span class='ocrx_word' id='word_1_327' title='bbox 1423 3849 1558 3915; x_wconf 92' lang='lat' dir='ltr'><strong>quod</strong></span> <span class='ocrx_word' id='word_1_328' title='bbox 1595 3862 1697 3899; x_wconf 92' lang='lat' dir='ltr'><strong>non</strong></span> <span class='ocrx_word' id='word_1_329' title='bbox 1732 3848 2020 3899; x_wconf 88' lang='lat' dir='ltr'><strong>ostenditur</strong></span> 
     </span>
    </p>
   </div>
   <div class='ocr_carea' id='block_1_44' title="bbox 521 3936 2014 4007">
    <p class='ocr_par' dir='ltr' id='par_1_44' title="bbox 521 3936 2014 4007">
     <span class='ocr_line' id='line_1_44' title="bbox 521 3936 2014 4007; baseline -0.003 -16"><span class='ocrx_word' id='word_1_330' title='bbox 521 3947 739 4007; x_wconf 86' lang='lat' dir='ltr'><strong>gestum,</strong></span> <span class='ocrx_word' id='word_1_331' title='bbox 772 3939 904 3991; x_wconf 89' lang='lat' dir='ltr'><strong>sicut</strong></span> <span class='ocrx_word' id='word_1_332' title='bbox 931 3940 1062 3990; x_wconf 89' lang='lat' dir='ltr'><strong>ratio</strong></span> <span class='ocrx_word' id='word_1_333' title='bbox 1088 3952 1189 3989; x_wconf 90' lang='lat' dir='ltr'><strong>non</strong></span> <span class='ocrx_word' id='word_1_334' title='bbox 1213 3938 1333 3989; x_wconf 89' lang='lat' dir='ltr'><strong>sinit</strong></span> <span class='ocrx_word' id='word_1_335' title='bbox 1360 3946 1417 3987; x_wconf 91' lang='lat' dir='ltr'><strong>ut</strong></span> <span class='ocrx_word' id='word_1_336' title='bbox 1443 3937 1677 3989; x_wconf 76' lang='lat' dir='ltr'><strong>videatur</strong></span> <span class='ocrx_word' id='word_1_337' title='bbox 1706 3936 1965 3988; x_wconf 89' lang='lat' dir='ltr'><strong>iteratum.</strong></span> <span class='ocrx_word' id='word_1_338' title='bbox 1997 3956 2014 3986; x_wconf 75' lang='grc' dir='ltr'><strong>ι</strong></span> 
     </span>
    </p>
   </div>
   <div class='ocr_carea' id='block_1_45' title="bbox 522 4012 2021 4090">
    <p class='ocr_par' dir='ltr' id='par_1_45' title="bbox 522 4012 2021 4090">
     <span class='ocr_line' id='line_1_45' title="bbox 522 4012 2021 4090; baseline -0.003 -14"><span class='ocrx_word' id='word_1_339' title='bbox 522 4024 714 4076; x_wconf 81' lang='lat' dir='ltr'><strong>Eadem</strong></span> <span class='ocrx_word' id='word_1_340' title='bbox 760 4012 1076 4090; x_wconf 81' lang='lat' dir='ltr'><strong>respondens</strong></span> <span class='ocrx_word' id='word_1_341' title='bbox 1120 4022 1372 4088; x_wconf 74' lang='lat' dir='ltr'><strong>Troianus</strong></span> <span class='ocrx_word' id='word_1_342' title='bbox 1419 4021 1688 4089; x_wconf 83' lang='lat' dir='ltr'><strong>episcOpus</strong></span> <span class='ocrx_word' id='word_1_343' title='bbox 1733 4022 1798 4074; x_wconf 88' lang='lat' dir='ltr'><strong>ad</strong></span> <span class='ocrx_word' id='word_1_344' title='bbox 1836 4022 2021 4073; x_wconf 86' lang='lat' dir='ltr'><strong>Eume-</strong></span> 
     </span>
    </p>
   </div>
   <div class='ocr_carea' id='block_1_46' title="bbox 522 4109 2021 4179">
    <p class='ocr_par' dir='ltr' id='par_1_46' title="bbox 522 4109 2021 4179">
     <span class='ocr_line' id='line_1_46' title="bbox 522 4109 2021 4179; baseline -0.003 -14"><span class='ocrx_word' id='word_1_345' title='bbox 522 4114 656 4167; x_wconf 90' lang='lat' dir='ltr'><strong>rium</strong></span> <span class='ocrx_word' id='word_1_346' title='bbox 677 4114 969 4179; x_wconf 83' lang='lat' dir='ltr'><strong>episcopum</strong></span> <span class='ocrx_word' id='word_1_347' title='bbox 1004 4109 1275 4177; x_wconf 87' lang='lat' dir='ltr'><strong>proﬁtetur</strong></span> <span class='ocrx_word' id='word_1_348' title='bbox 1302 4124 1356 4161; x_wconf 90' lang='lat' dir='ltr'><strong>se</strong></span> <span class='ocrx_word' id='word_1_349' title='bbox 1380 4111 1514 4175; x_wconf 91' lang='lat' dir='ltr'><strong>quod</strong></span> <span class='ocrx_word' id='word_1_350' title='bbox 1550 4126 1576 4160; x_wconf 91' lang='lat' dir='ltr'><strong>a</strong></span> <span class='ocrx_word' id='word_1_351' title='bbox 1605 4109 1887 4176; x_wconf 89' lang='lat' dir='ltr'><strong>majoribus</strong></span> <span class='ocrx_word' id='word_1_352' title='bbox 1916 4118 2021 4161; x_wconf 88' lang='lat' dir='ltr'><strong>sta-</strong></span> 
     </span>
    </p>
   </div>
   <div class='ocr_carea' id='block_1_47' title="bbox 525 4180 2023 4263">
    <p class='ocr_par' dir='ltr' id='par_1_47' title="bbox 525 4180 2023 4263">
     <span class='ocr_line' id='line_1_47' title="bbox 525 4180 2023 4263; baseline -0.002 -12"><span class='ocrx_word' id='word_1_353' title='bbox 525 4207 691 4251; x_wconf 92' lang='lat' dir='ltr'><strong>tutum</strong></span> <span class='ocrx_word' id='word_1_354' title='bbox 712 4207 827 4257; x_wconf 79' lang='lat' dir='ltr'><strong>est,</strong></span> <span class='ocrx_word' id='word_1_355' title='bbox 865 4198 1214 4250; x_wconf 90' lang='lat' dir='ltr'><strong>indubitanter</strong></span> <span class='ocrx_word' id='word_1_356' title='bbox 1240 4196 1491 4262; x_wconf 89' lang='lat' dir='ltr'><strong>judicare,</strong></span> <span class='ocrx_word' id='word_1_357' title='bbox 1520 4180 1680 4263; x_wconf 83' lang='lat' dir='ltr'><strong>quare</strong></span> <span class='ocrx_word' id='word_1_358' title='bbox 1720 4198 1789 4247; x_wconf 87' lang='lat' dir='ltr'><strong>ita</strong></span> <span class='ocrx_word' id='word_1_359' title='bbox 1818 4197 2023 4249; x_wconf 84' lang='lat' dir='ltr'><strong>conclu-</strong></span> 
     </span>
    </p>
   </div>
   <div class='ocr_carea' id='block_1_48' title="bbox 2104 488 3633 555">
    <p class='ocr_par' dir='ltr' id='par_1_48' title="bbox 2104 488 3633 555">
     <span class='ocr_line' id='line_1_48' title="bbox 2104 488 3633 555; baseline -0.002 -13"><span class='ocrx_word' id='word_1_360' title='bbox 2104 492 2253 543; x_wconf 78' lang='lat' dir='ltr'><strong>l.uc:e</strong></span> <span class='ocrx_word' id='word_1_361' title='bbox 2281 491 2504 547; x_wconf 74' lang='lat' dir='ltr'><strong>Aeherii,</strong></span> <span class='ocrx_word' id='word_1_362' title='bbox 2543 498 2666 539; x_wconf 87' lang='lat' dir='ltr'><strong>tom.</strong></span> <span class='ocrx_word' id='word_1_363' title='bbox 2716 488 2799 539; x_wconf 83' lang='lat'><strong>|.\&#39;.</strong></span> <span class='ocrx_word' id='word_1_364' title='bbox 2855 488 3099 555; x_wconf 76' lang='lat' dir='ltr'><strong>Magister</strong></span> <span class='ocrx_word' id='word_1_365' title='bbox 3125 488 3384 541; x_wconf 79' lang='lat' dir='ltr'><strong>Robertus</strong></span> <span class='ocrx_word' id='word_1_366' title='bbox 3410 490 3475 539; x_wconf 83' lang='lat' dir='ltr'><strong>de</strong></span> <span class='ocrx_word' id='word_1_367' title='bbox 3502 489 3633 540; x_wconf 79' lang='lat' dir='ltr'><strong>Fla-</strong></span> 
     </span>
    </p>
   </div>
   <div class='ocr_carea' id='block_1_49' title="bbox 2104 577 3633 644">
    <p class='ocr_par' dir='ltr' id='par_1_49' title="bbox 2104 577 3633 644">
     <span class='ocr_line' id='line_1_49' title="bbox 2104 577 3633 644; baseline -0.003 -13"><span class='ocrx_word' id='word_1_368' title='bbox 2104 582 2340 631; x_wconf 70' lang='lat' dir='ltr'><strong>inesbure</strong></span> <span class='ocrx_word' id='word_1_369' title='bbox 2371 580 2419 630; x_wconf 90' lang='lat' dir='ltr'><strong>in</strong></span> <span class='ocrx_word' id='word_1_370' title='bbox 2461 593 2553 629; x_wconf 86' lang='lat' dir='ltr'><strong>suo</strong></span> <span class='ocrx_word' id='word_1_371' title='bbox 2581 577 2929 628; x_wconf 76' lang='lat' dir='ltr'><strong>Pmnitentiali</strong></span> <span class='ocrx_word' id='word_1_372' title='bbox 2963 585 3111 643; x_wconf 89' lang='lat' dir='ltr'><strong>putat</strong></span> <span class='ocrx_word' id='word_1_373' title='bbox 3138 577 3371 644; x_wconf 86' lang='lat' dir='ltr'><strong>Dionysii</strong></span> <span class='ocrx_word' id='word_1_374' title='bbox 3400 578 3633 629; x_wconf 73' lang='lat' dir='ltr'><strong>Alexan-</strong></span> 
     </span>
    </p>
   </div>
   <div class='ocr_carea' id='block_1_50' title="bbox 2104 665 3635 724">
    <p class='ocr_par' dir='ltr' id='par_1_50' title="bbox 2104 665 3635 724">
     <span class='ocr_line' id='line_1_50' title="bbox 2104 665 3635 724; baseline -0.002 -5"><span class='ocrx_word' id='word_1_375' title='bbox 2104 668 2237 719; x_wconf 86' lang='lat' dir='ltr'><strong>drini</strong></span> <span class='ocrx_word' id='word_1_376' title='bbox 2286 668 2594 719; x_wconf 86' lang='lat' dir='ltr'><strong>sententiam</strong></span> <span class='ocrx_word' id='word_1_377' title='bbox 2645 680 2747 716; x_wconf 87' lang='lat' dir='ltr'><strong>non</strong></span> <span class='ocrx_word' id='word_1_378' title='bbox 2784 680 2898 715; x_wconf 84' lang='lat' dir='ltr'><strong>esse</strong></span> <span class='ocrx_word' id='word_1_379' title='bbox 2937 665 3305 724; x_wconf 86' lang='lat' dir='ltr'><strong>damnandam,</strong></span> <span class='ocrx_word' id='word_1_380' title='bbox 3340 666 3435 716; x_wconf 83' lang='lat' dir='ltr'><strong>etsi</strong></span> <span class='ocrx_word' id='word_1_381' title='bbox 3481 678 3635 717; x_wconf 58' lang='lat' dir='ltr'><strong>como</strong></span> 
     </span>
    </p>
   </div>
   <div class='ocr_carea' id='block_1_51' title="bbox 2106 752 3317 817">
    <p class='ocr_par' dir='ltr' id='par_1_51' title="bbox 2106 752 3317 817">
     <span class='ocr_line' id='line_1_51' title="bbox 2106 752 3317 817; baseline -0.002 -13"><span class='ocrx_word' id='word_1_382' title='bbox 2106 754 2310 805; x_wconf 84' lang='lat' dir='ltr'><strong>numius</strong></span> <span class='ocrx_word' id='word_1_383' title='bbox 2338 754 2556 804; x_wconf 90' lang='lat' dir='ltr'><strong>aliorum</strong></span> <span class='ocrx_word' id='word_1_384' title='bbox 2575 752 2827 817; x_wconf 84' lang='lat' dir='ltr'><strong>judicium</strong></span> <span class='ocrx_word' id='word_1_385' title='bbox 2855 752 3015 803; x_wconf 90' lang='lat' dir='ltr'><strong>tutius</strong></span> <span class='ocrx_word' id='word_1_386' title='bbox 3039 753 3317 805; x_wconf 80' lang='lat' dir='ltr'><strong>existimet.</strong></span> 
     </span>
    </p>
   </div>
   <div class='ocr_carea' id='block_1_52' title="bbox 2106 860 3631 923">
    <p class='ocr_par' dir='ltr' id='par_1_52' title="bbox 2106 860 3631 923">
     <span class='ocr_line' id='line_1_52' title="bbox 2106 860 3631 923; baseline 0 -8"><span class='ocrx_word' id='word_1_387' title='bbox 2106 863 2300 915; x_wconf 80' lang='lat' dir='ltr'><strong>Selecta</strong></span> <span class='ocrx_word' id='word_1_388' title='bbox 2316 880 2375 914; x_wconf 70' lang='lat' dir='ltr'><strong>ca:</strong></span> <span class='ocrx_word' id='word_1_389' title='bbox 2392 862 2727 917; x_wconf 63' lang='lat' dir='ltr'><strong>Pa-Iiitcntiat&#39;i</strong></span> <span class='ocrx_word' id='word_1_390' title='bbox 2743 877 2836 912; x_wconf 79' lang='lat' dir='ltr'><strong>ms.</strong></span> <span class='ocrx_word' id='word_1_391' title='bbox 2858 860 3060 913; x_wconf 82' lang='lat' dir='ltr'><strong>Roberti</strong></span> <span class='ocrx_word' id='word_1_392' title='bbox 3075 860 3420 923; x_wconf 75' lang='lat' dir='ltr'><strong>Flamesbure,</strong></span> <span class='ocrx_word' id='word_1_393' title='bbox 3437 862 3525 914; x_wconf 80' lang='lat' dir='ltr'><strong>lib.</strong></span> <span class='ocrx_word' id='word_1_394' title='bbox 3544 878 3631 915; x_wconf 77' lang='lat' dir='ltr'><strong>nr.</strong></span> 
     </span>
    </p>
   </div>
   <div class='ocr_carea' id='block_1_53' title="bbox 2128 950 3631 1017">
    <p class='ocr_par' dir='ltr' id='par_1_53' title="bbox 2128 950 3631 1017">
     <span class='ocr_line' id='line_1_53' title="bbox 2128 950 3631 1017; baseline -0.001 -17"><span class='ocrx_word' id='word_1_395' title='bbox 2128 951 2467 1017; x_wconf 47' lang='lat' dir='ltr'><strong>,Baptismus</strong></span> <span class='ocrx_word' id='word_1_396' title='bbox 2540 958 2617 1001; x_wconf 90' lang='lat' dir='ltr'><strong>est</strong></span> <span class='ocrx_word' id='word_1_397' title='bbox 2674 950 2831 1001; x_wconf 87' lang='lat' dir='ltr'><strong>etiam</strong></span> <span class='ocrx_word' id='word_1_398' title='bbox 2887 950 2949 1000; x_wconf 87' lang='lat' dir='ltr'><strong>de</strong></span> <span class='ocrx_word' id='word_1_399' title='bbox 3016 950 3306 1001; x_wconf 86' lang='lat' dir='ltr'><strong>substantia</strong></span> <span class='ocrx_word' id='word_1_400' title='bbox 3359 951 3559 1003; x_wconf 89' lang='lat' dir='ltr'><strong>ordinis</strong></span> <span class='ocrx_word' id='word_1_401' title='bbox 3616 967 3631 999; x_wconf 90' lang='lat'>:</span> 
     </span>
    </p>
   </div>
   <div class='ocr_carea' id='block_1_54' title="bbox 2104 1035 3633 1103">
    <p class='ocr_par' dir='ltr' id='par_1_54' title="bbox 2104 1035 3633 1103">
     <span class='ocr_line' id='line_1_54' title="bbox 2104 1035 3633 1103; baseline -0.001 -15"><span class='ocrx_word' id='word_1_402' title='bbox 2104 1038 2224 1103; x_wconf 85' lang='lat' dir='ltr'><strong>quia</strong></span> <span class='ocrx_word' id='word_1_403' title='bbox 2273 1038 2557 1103; x_wconf 84' lang='lat' dir='ltr'><strong>baptismus</strong></span> <span class='ocrx_word' id='word_1_404' title='bbox 2601 1045 2679 1088; x_wconf 90' lang='lat' dir='ltr'><strong>est</strong></span> <span class='ocrx_word' id='word_1_405' title='bbox 2720 1037 2879 1103; x_wconf 83' lang='lat' dir='ltr'><strong>janua</strong></span> <span class='ocrx_word' id='word_1_406' title='bbox 2924 1044 2978 1087; x_wconf 90' lang='lat' dir='ltr'><strong>et</strong></span> <span class='ocrx_word' id='word_1_407' title='bbox 3022 1035 3412 1088; x_wconf 80' lang='lat' dir='ltr'><strong>fumiamcntum</strong></span> <span class='ocrx_word' id='word_1_408' title='bbox 3440 1078 3455 1097; x_wconf 92' lang='lat'><strong>,</strong></span> <span class='ocrx_word' id='word_1_409' title='bbox 3522 1053 3633 1088; x_wconf 83' lang='lat' dir='ltr'><strong>non</strong></span> 
     </span>
    </p>
   </div>
   <div class='ocr_carea' id='block_1_55' title="bbox 2106 1122 3631 1185">
    <p class='ocr_par' dir='ltr' id='par_1_55' title="bbox 2106 1122 3631 1185">
     <span class='ocr_line' id='line_1_55' title="bbox 2106 1122 3631 1185; baseline -0.001 -10"><span class='ocrx_word' id='word_1_410' title='bbox 2106 1125 2269 1175; x_wconf 87' lang='lat' dir='ltr'><strong>solum</strong></span> <span class='ocrx_word' id='word_1_411' title='bbox 2294 1125 2558 1185; x_wconf 90' lang='lat' dir='ltr'><strong>ordinum,</strong></span> <span class='ocrx_word' id='word_1_412' title='bbox 2590 1122 2680 1174; x_wconf 89' lang='lat' dir='ltr'><strong>sed</strong></span> <span class='ocrx_word' id='word_1_413' title='bbox 2707 1124 2863 1175; x_wconf 89' lang='lat' dir='ltr'><strong>etiam</strong></span> <span class='ocrx_word' id='word_1_414' title='bbox 2888 1124 3118 1185; x_wconf 84' lang='lat' dir='ltr'><strong>omnium</strong></span> <span class='ocrx_word' id='word_1_415' title='bbox 3156 1133 3631 1176; x_wconf 88' lang='lat' dir='ltr'><strong>sacramentorum.</strong></span> 
     </span>
    </p>
   </div>
   <div class='ocr_carea' id='block_1_56' title="bbox 2108 1216 3634 1279">
    <p class='ocr_par' dir='ltr' id='par_1_56' title="bbox 2108 1216 3634 1279">
     <span class='ocr_line' id='line_1_56' title="bbox 2108 1216 3634 1279; baseline 0 -11"><span class='ocrx_word' id='word_1_416' title='bbox 2108 1216 2251 1268; x_wconf 88' lang='lat' dir='ltr'><strong>Unde</strong></span> <span class='ocrx_word' id='word_1_417' title='bbox 2299 1216 2558 1279; x_wconf 89' lang='lat' dir='ltr'><strong>baptismo</strong></span> <span class='ocrx_word' id='word_1_418' title='bbox 2608 1230 2709 1267; x_wconf 82' lang='lat' dir='ltr'><strong>non</strong></span> <span class='ocrx_word' id='word_1_419' title='bbox 2760 1216 2964 1277; x_wconf 89' lang='lat' dir='ltr'><strong>habito,</strong></span> <span class='ocrx_word' id='word_1_420' title='bbox 3014 1216 3185 1268; x_wconf 90' lang='lat' dir='ltr'><strong>nullus</strong></span> <span class='ocrx_word' id='word_1_421' title='bbox 3224 1217 3380 1275; x_wconf 88' lang='lat' dir='ltr'><strong>ordo,</strong></span> <span class='ocrx_word' id='word_1_422' title='bbox 3426 1216 3634 1268; x_wconf 85' lang='lat' dir='ltr'><strong>nullum</strong></span> 
     </span>
    </p>
   </div>
   <div class='ocr_carea' id='block_1_57' title="bbox 2107 1302 3636 1367">
    <p class='ocr_par' dir='ltr' id='par_1_57' title="bbox 2107 1302 3636 1367">
     <span class='ocr_line' id='line_1_57' title="bbox 2107 1302 3636 1367; baseline -0.001 -14"><span class='ocrx_word' id='word_1_423' title='bbox 2107 1311 2485 1354; x_wconf 84' lang='lat' dir='ltr'><strong>sacramentum</strong></span> <span class='ocrx_word' id='word_1_424' title='bbox 2518 1303 2815 1367; x_wconf 91' lang='lat' dir='ltr'><strong>suscipitur.</strong></span> <span class='ocrx_word' id='word_1_425' title='bbox 2857 1302 2992 1354; x_wconf 87' lang='lat' dir='ltr'><strong>Dicit</strong></span> <span class='ocrx_word' id='word_1_426' title='bbox 3021 1312 3193 1355; x_wconf 89' lang='lat' dir='ltr'><strong>tamen</strong></span> <span class='ocrx_word' id='word_1_427' title='bbox 3225 1307 3443 1357; x_wconf 84' lang='lat' dir='ltr'><strong>domnus</strong></span> <span class='ocrx_word' id='word_1_428' title='bbox 3470 1303 3636 1356; x_wconf 78' lang='lat' dir='ltr'><strong>Inno-</strong></span> 
     </span>
    </p>
   </div>
   <div class='ocr_carea' id='block_1_58' title="bbox 2106 1392 3635 1460">
    <p class='ocr_par' dir='ltr' id='par_1_58' title="bbox 2106 1392 3635 1460">
     <span class='ocr_line' id='line_1_58' title="bbox 2106 1392 3635 1460; baseline 0.001 -18"><span class='ocrx_word' id='word_1_429' title='bbox 2106 1392 2309 1442; x_wconf 86' lang='lat' dir='ltr'><strong>centius</strong></span> <span class='ocrx_word' id='word_1_430' title='bbox 2340 1407 2350 1440; x_wconf 87' lang='lat'><strong>:</strong></span> <span class='ocrx_word' id='word_1_431' title='bbox 2380 1392 2516 1457; x_wconf 88' lang='lat' dir='ltr'><strong>quod</strong></span> <span class='ocrx_word' id='word_1_432' title='bbox 2554 1392 2597 1443; x_wconf 90' lang='lat' dir='ltr'><strong>si</strong></span> <span class='ocrx_word' id='word_1_433' title='bbox 2640 1392 2757 1457; x_wconf 89' lang='lat' dir='ltr'><strong>quis</strong></span> <span class='ocrx_word' id='word_1_434' title='bbox 2790 1393 2947 1443; x_wconf 88' lang='lat' dir='ltr'><strong>habet</strong></span> <span class='ocrx_word' id='word_1_435' title='bbox 2986 1392 3158 1453; x_wconf 85' lang='lat' dir='ltr'><strong>ﬁdem,</strong></span> <span class='ocrx_word' id='word_1_436' title='bbox 3198 1392 3321 1445; x_wconf 89' lang='lat' dir='ltr'><strong>licet</strong></span> <span class='ocrx_word' id='word_1_437' title='bbox 3357 1409 3450 1446; x_wconf 91' lang='lat' dir='ltr'><strong>nec</strong></span> <span class='ocrx_word' id='word_1_438' title='bbox 3491 1410 3635 1460; x_wconf 79' lang='lat' dir='ltr'><strong>aqua</strong></span> 
     </span>
    </p>
   </div>
   <div class='ocr_carea' id='block_1_59' title="bbox 2108 1478 3637 1548">
    <p class='ocr_par' dir='ltr' id='par_1_59' title="bbox 2108 1478 3637 1548">
     <span class='ocr_line' id='line_1_59' title="bbox 2108 1478 3637 1548; baseline 0 -17"><span class='ocrx_word' id='word_1_439' title='bbox 2108 1479 2403 1543; x_wconf 87' lang='lat' dir='ltr'><strong>baptizatus</strong></span> <span class='ocrx_word' id='word_1_440' title='bbox 2457 1478 2632 1540; x_wconf 82' lang='lat' dir='ltr'><strong>fuerit,</strong></span> <span class='ocrx_word' id='word_1_441' title='bbox 2680 1494 2775 1530; x_wconf 87' lang='lat' dir='ltr'><strong>nec</strong></span> <span class='ocrx_word' id='word_1_442' title='bbox 2823 1480 3074 1545; x_wconf 81' lang='lat' dir='ltr'><strong>sanguine.</strong></span> <span class='ocrx_word' id='word_1_443' title='bbox 3116 1482 3347 1548; x_wconf 84' lang='lat' dir='ltr'><strong>proprio,</strong></span> <span class='ocrx_word' id='word_1_444' title='bbox 3386 1490 3440 1533; x_wconf 89' lang='lat' dir='ltr'><strong>ut</strong></span> <span class='ocrx_word' id='word_1_445' title='bbox 3483 1482 3540 1533; x_wconf 89' lang='lat' dir='ltr'><strong>ﬁt</strong></span> <span class='ocrx_word' id='word_1_446' title='bbox 3583 1484 3637 1532; x_wconf 88' lang='lat' dir='ltr'><strong>iu</strong></span> 
     </span>
    </p>
   </div>
   <div class='ocr_carea' id='block_1_60' title="bbox 2109 1565 3637 1634">
    <p class='ocr_par' dir='ltr' id='par_1_60' title="bbox 2109 1565 3637 1634">
     <span class='ocr_line' id='line_1_60' title="bbox 2109 1565 3637 1634; baseline 0.002 -18"><span class='ocrx_word' id='word_1_447' title='bbox 2109 1566 2378 1633; x_wconf 82' lang='lat' dir='ltr'><strong>martyrio,</strong></span> <span class='ocrx_word' id='word_1_448' title='bbox 2408 1566 2643 1617; x_wconf 88' lang='lat' dir='ltr'><strong>ordinem</strong></span> <span class='ocrx_word' id='word_1_449' title='bbox 2674 1566 2905 1632; x_wconf 89' lang='lat' dir='ltr'><strong>suscipit.</strong></span> <span class='ocrx_word' id='word_1_450' title='bbox 2934 1565 3239 1633; x_wconf 86' lang='lat' dir='ltr'><strong>Baptizatur</strong></span> <span class='ocrx_word' id='word_1_451' title='bbox 3262 1569 3399 1619; x_wconf 89' lang='lat' dir='ltr'><strong>enim</strong></span> <span class='ocrx_word' id='word_1_452' title='bbox 3425 1570 3541 1634; x_wconf 84' lang='lat' dir='ltr'><strong>quis</strong></span> <span class='ocrx_word' id='word_1_453' title='bbox 3582 1570 3637 1619; x_wconf 87' lang='lat' dir='ltr'><strong>iu</strong></span> 
     </span>
    </p>
   </div>
   <div class='ocr_carea' id='block_1_61' title="bbox 2111 1652 3636 1719">
    <p class='ocr_par' dir='ltr' id='par_1_61' title="bbox 2111 1652 3636 1719">
     <span class='ocr_line' id='line_1_61' title="bbox 2111 1652 3636 1719; baseline 0 -14"><span class='ocrx_word' id='word_1_454' title='bbox 2111 1653 2295 1719; x_wconf 89' lang='lat' dir='ltr'><strong>spiritu</strong></span> <span class='ocrx_word' id='word_1_455' title='bbox 2328 1670 2338 1702; x_wconf 92' lang='lat'>:</span> <span class='ocrx_word' id='word_1_456' title='bbox 2368 1660 2420 1704; x_wconf 91' lang='lat' dir='ltr'><strong>et</strong></span> <span class='ocrx_word' id='word_1_457' title='bbox 2447 1668 2510 1704; x_wconf 80' lang='lat' dir='ltr'><strong>ex</strong></span> <span class='ocrx_word' id='word_1_458' title='bbox 2545 1667 2649 1719; x_wconf 91' lang='lat' dir='ltr'><strong>quo</strong></span> <span class='ocrx_word' id='word_1_459' title='bbox 2676 1653 2832 1704; x_wconf 87' lang='lat' dir='ltr'><strong>habet</strong></span> <span class='ocrx_word' id='word_1_460' title='bbox 2867 1652 3040 1713; x_wconf 80' lang='lat' dir='ltr'><strong>ﬁdem,</strong></span> <span class='ocrx_word' id='word_1_461' title='bbox 3072 1653 3231 1705; x_wconf 87' lang='lat' dir='ltr'><strong>habet</strong></span> <span class='ocrx_word' id='word_1_462' title='bbox 3258 1664 3311 1706; x_wconf 85' lang='lat' dir='ltr'><strong>et</strong></span> <span class='ocrx_word' id='word_1_463' title='bbox 3332 1654 3598 1707; x_wconf 84' lang='lat' dir='ltr'><strong>Christum</strong></span> <span class='ocrx_word' id='word_1_464' title='bbox 3625 1674 3636 1705; x_wconf 83' lang='lat'><strong>;</strong></span> 
     </span>
    </p>
   </div>
   <div class='ocr_carea' id='block_1_62' title="bbox 2112 1742 3640 1809">
    <p class='ocr_par' dir='ltr' id='par_1_62' title="bbox 2112 1742 3640 1809">
     <span class='ocr_line' id='line_1_62' title="bbox 2112 1742 3640 1809; baseline 0.001 -16"><span class='ocrx_word' id='word_1_465' title='bbox 2112 1751 2165 1793; x_wconf 91' lang='lat' dir='ltr'><strong>et</strong></span> <span class='ocrx_word' id='word_1_466' title='bbox 2193 1744 2262 1793; x_wconf 92' lang='lat' dir='ltr'><strong>ita</strong></span> <span class='ocrx_word' id='word_1_467' title='bbox 2303 1742 2354 1793; x_wconf 94' lang='lat' dir='ltr'><strong>in</strong></span> <span class='ocrx_word' id='word_1_468' title='bbox 2382 1742 2591 1795; x_wconf 91' lang='lat' dir='ltr'><strong>Christo</strong></span> <span class='ocrx_word' id='word_1_469' title='bbox 2618 1743 2910 1809; x_wconf 85' lang='lat' dir='ltr'><strong>baptizatus</strong></span> <span class='ocrx_word' id='word_1_470' title='bbox 2954 1750 3055 1805; x_wconf 90' lang='lat' dir='ltr'><strong>est,</strong></span> <span class='ocrx_word' id='word_1_471' title='bbox 3085 1743 3172 1808; x_wconf 91' lang='lat' dir='ltr'><strong>qui</strong></span> <span class='ocrx_word' id='word_1_472' title='bbox 3209 1752 3289 1794; x_wconf 88' lang='lat' dir='ltr'><strong>est</strong></span> <span class='ocrx_word' id='word_1_473' title='bbox 3322 1743 3640 1795; x_wconf 80' lang='lat' dir='ltr'><strong>fnudameu-</strong></span> 
     </span>
    </p>
   </div>
   <div class='ocr_carea' id='block_1_63' title="bbox 2111 1828 3642 1882">
    <p class='ocr_par' dir='ltr' id='par_1_63' title="bbox 2111 1828 3642 1882">
     <span class='ocr_line' id='line_1_63' title="bbox 2111 1828 3642 1882; baseline 0.001 -2"><span class='ocrx_word' id='word_1_474' title='bbox 2111 1838 2219 1880; x_wconf 91' lang='lat' dir='ltr'><strong>tum</strong></span> <span class='ocrx_word' id='word_1_475' title='bbox 2256 1830 2486 1881; x_wconf 91' lang='lat' dir='ltr'><strong>omnium</strong></span> <span class='ocrx_word' id='word_1_476' title='bbox 2515 1830 2789 1881; x_wconf 89' lang='lat' dir='ltr'><strong>bonorum.</strong></span> <span class='ocrx_word' id='word_1_477' title='bbox 2833 1828 3169 1882; x_wconf 90' lang='lat' dir='ltr'><strong>Sacerdotem</strong></span> <span class='ocrx_word' id='word_1_478' title='bbox 3201 1839 3370 1881; x_wconf 80' lang='lat' dir='ltr'><strong>tamen</strong></span> <span class='ocrx_word' id='word_1_479' title='bbox 3410 1847 3513 1882; x_wconf 85' lang='lat' dir='ltr'><strong>non</strong></span> <span class='ocrx_word' id='word_1_480' title='bbox 3548 1833 3642 1882; x_wconf 67' lang='lat' dir='ltr'><strong>Ita-</strong></span> 
     </span>
    </p>
   </div>
   <div class='ocr_carea' id='block_1_64' title="bbox 2108 1915 3642 1983">
    <p class='ocr_par' dir='ltr' id='par_1_64' title="bbox 2108 1915 3642 1983">
     <span class='ocr_line' id='line_1_64' title="bbox 2108 1915 3642 1983; baseline -0.001 -16"><span class='ocrx_word' id='word_1_481' title='bbox 2108 1916 2359 1983; x_wconf 90' lang='lat' dir='ltr'><strong>ptizatum</strong></span> <span class='ocrx_word' id='word_1_482' title='bbox 2412 1915 2534 1967; x_wconf 82' lang='lat' dir='ltr'><strong>fecit</strong></span> <span class='ocrx_word' id='word_1_483' title='bbox 2595 1915 2847 1981; x_wconf 85' lang='lat' dir='ltr'><strong>baptizari</strong></span> <span class='ocrx_word' id='word_1_484' title='bbox 2898 1924 2949 1967; x_wconf 91' lang='lat' dir='ltr'><strong>et</strong></span> <span class='ocrx_word' id='word_1_485' title='bbox 3001 1917 3327 1971; x_wconf 83' lang='lat' dir='ltr'><strong>reordiuari,</strong></span> <span class='ocrx_word' id='word_1_486' title='bbox 3383 1918 3505 1983; x_wconf 89' lang='lat' dir='ltr'><strong>quia</strong></span> <span class='ocrx_word' id='word_1_487' title='bbox 3561 1919 3642 1969; x_wconf 72' lang='lat' dir='ltr'><strong>sic</strong></span> 
     </span>
    </p>
   </div>
   <div class='ocr_carea' id='block_1_65' title="bbox 2111 1986 3493 2072">
    <p class='ocr_par' dir='ltr' id='par_1_65' title="bbox 2111 1986 3493 2072">
     <span class='ocr_line' id='line_1_65' title="bbox 2111 1986 3493 2072; baseline -0.002 -15"><span class='ocrx_word' id='word_1_488' title='bbox 2111 1986 2385 2057; x_wconf 73' lang='lat' dir='ltr'><strong>senserunt</strong></span> <span class='ocrx_word' id='word_1_489' title='bbox 2406 2004 2816 2072; x_wconf 56' lang='lat' dir='ltr'><strong>pradecessores</strong></span> <span class='ocrx_word' id='word_1_490' title='bbox 2842 2002 2953 2069; x_wconf 89' lang='lat' dir='ltr'><strong>ejus</strong></span> <span class='ocrx_word' id='word_1_491' title='bbox 2977 2021 2989 2054; x_wconf 89' lang='lat'><strong>:</strong></span> <span class='ocrx_word' id='word_1_492' title='bbox 3014 2012 3067 2055; x_wconf 92' lang='lat' dir='ltr'><strong>et</strong></span> <span class='ocrx_word' id='word_1_493' title='bbox 3092 2004 3191 2056; x_wconf 91' lang='lat' dir='ltr'><strong>hoc</strong></span> <span class='ocrx_word' id='word_1_494' title='bbox 3218 2006 3377 2055; x_wconf 88' lang='lat' dir='ltr'><strong>tutius</strong></span> <span class='ocrx_word' id='word_1_495' title='bbox 3396 2014 3493 2056; x_wconf 85' lang='lat' dir='ltr'><strong>est.</strong></span> 
     </span>
    </p>
   </div>
   <div class='ocr_carea' id='block_1_66' title="bbox 2182 2092 3645 2161">
    <p class='ocr_par' dir='ltr' id='par_1_66' title="bbox 2182 2092 3645 2161">
     <span class='ocr_line' id='line_1_66' title="bbox 2182 2092 3645 2161; baseline -0.003 -16"><span class='ocrx_word' id='word_1_496' title='bbox 2182 2095 2248 2145; x_wconf 80' lang='lat' dir='ltr'><strong>Et</strong></span> <span class='ocrx_word' id='word_1_497' title='bbox 2275 2106 2443 2146; x_wconf 76' lang='lat' dir='ltr'><strong>omnes</strong></span> <span class='ocrx_word' id='word_1_498' title='bbox 2464 2110 2589 2161; x_wconf 77' lang='lat' dir='ltr'><strong>quos</strong></span> <span class='ocrx_word' id='word_1_499' title='bbox 2619 2094 2759 2160; x_wconf 71' lang='lat' dir='ltr'><strong>prius</strong></span> <span class='ocrx_word' id='word_1_500' title='bbox 2790 2093 3077 2160; x_wconf 75' lang='lat' dir='ltr'><strong>baptizavit.</strong></span> <span class='ocrx_word' id='word_1_501' title='bbox 3122 2092 3399 2160; x_wconf 73' lang='lat' dir='ltr'><strong>Presbyter</strong></span> <span class='ocrx_word' id='word_1_502' title='bbox 3424 2094 3516 2158; x_wconf 90' lang='lat' dir='ltr'><strong>qui</strong></span> <span class='ocrx_word' id='word_1_503' title='bbox 3548 2094 3645 2143; x_wconf 79' lang='lat' dir='ltr'><strong>de-</strong></span> 
     </span>
    </p>
   </div>
   <div class='ocr_carea' id='block_1_67' title="bbox 2111 2178 3643 2249">
    <p class='ocr_par' dir='ltr' id='par_1_67' title="bbox 2111 2178 3643 2249">
     <span class='ocr_line' id='line_1_67' title="bbox 2111 2178 3643 2249; baseline -0.004 -15"><span class='ocrx_word' id='word_1_504' title='bbox 2111 2182 2388 2249; x_wconf 87' lang='lat' dir='ltr'><strong>prehendit</strong></span> <span class='ocrx_word' id='word_1_505' title='bbox 2417 2195 2473 2233; x_wconf 90' lang='lat' dir='ltr'><strong>se</strong></span> <span class='ocrx_word' id='word_1_506' title='bbox 2520 2195 2621 2232; x_wconf 89' lang='lat' dir='ltr'><strong>non</strong></span> <span class='ocrx_word' id='word_1_507' title='bbox 2650 2194 2764 2232; x_wconf 90' lang='lat' dir='ltr'><strong>esse</strong></span> <span class='ocrx_word' id='word_1_508' title='bbox 2792 2180 3134 2245; x_wconf 89' lang='lat' dir='ltr'><strong>baptizatum.</strong></span> <span class='ocrx_word' id='word_1_509' title='bbox 3190 2178 3251 2229; x_wconf 85' lang='lat' dir='ltr'><strong>Et</strong></span> <span class='ocrx_word' id='word_1_510' title='bbox 3277 2178 3484 2244; x_wconf 84' lang='lat' dir='ltr'><strong>quidem</strong></span> <span class='ocrx_word' id='word_1_511' title='bbox 3525 2180 3643 2229; x_wconf 76' lang='lat' dir='ltr'><strong>fue-</strong></span> 
     </span>
    </p>
   </div>
   <div class='ocr_carea' id='block_1_68' title="bbox 2112 2265 3645 2337">
    <p class='ocr_par' dir='ltr' id='par_1_68' title="bbox 2112 2265 3645 2337">
     <span class='ocr_line' id='line_1_68' title="bbox 2112 2265 3645 2337; baseline -0.001 -17"><span class='ocrx_word' id='word_1_512' title='bbox 2112 2278 2231 2321; x_wconf 92' lang='lat' dir='ltr'><strong>runt</strong></span> <span class='ocrx_word' id='word_1_513' title='bbox 2281 2269 2368 2337; x_wconf 90' lang='lat' dir='ltr'><strong>qui</strong></span> <span class='ocrx_word' id='word_1_514' title='bbox 2412 2269 2663 2320; x_wconf 87' lang='lat' dir='ltr'><strong>rebantur</strong></span> <span class='ocrx_word' id='word_1_515' title='bbox 2709 2282 2799 2320; x_wconf 88' lang='lat' dir='ltr'><strong>eos</strong></span> <span class='ocrx_word' id='word_1_516' title='bbox 2841 2267 2928 2333; x_wconf 91' lang='lat' dir='ltr'><strong>qui</strong></span> <span class='ocrx_word' id='word_1_517' title='bbox 2972 2266 3089 2318; x_wconf 91' lang='lat' dir='ltr'><strong>laici</strong></span> <span class='ocrx_word' id='word_1_518' title='bbox 3132 2265 3301 2318; x_wconf 79' lang='lat' dir='ltr'><strong>eﬁ&#39;ecti</strong></span> <span class='ocrx_word' id='word_1_519' title='bbox 3348 2274 3489 2326; x_wconf 89' lang='lat' dir='ltr'><strong>sunt,</strong></span> <span class='ocrx_word' id='word_1_520' title='bbox 3540 2282 3645 2318; x_wconf 89' lang='lat' dir='ltr'><strong>nec</strong></span> 
     </span>
    </p>
   </div>
   <div class='ocr_carea' id='block_1_69' title="bbox 2111 2353 3647 2423">
    <p class='ocr_par' dir='ltr' id='par_1_69' title="bbox 2111 2353 3647 2423">
     <span class='ocr_line' id='line_1_69' title="bbox 2111 2353 3647 2423; baseline -0.002 -14"><span class='ocrx_word' id='word_1_521' title='bbox 2111 2356 2405 2423; x_wconf 89' lang='lat' dir='ltr'><strong>baptizandi</strong></span> <span class='ocrx_word' id='word_1_522' title='bbox 2447 2356 2639 2408; x_wconf 89' lang='lat' dir='ltr'><strong>habere</strong></span> <span class='ocrx_word' id='word_1_523' title='bbox 2680 2362 3019 2422; x_wconf 88' lang='lat' dir='ltr'><strong>potestatem,</strong></span> <span class='ocrx_word' id='word_1_524' title='bbox 3060 2362 3117 2406; x_wconf 91' lang='lat' dir='ltr'><strong>ut</strong></span> <span class='ocrx_word' id='word_1_525' title='bbox 3160 2362 3371 2407; x_wconf 88' lang='lat' dir='ltr'><strong>sanctus</strong></span> <span class='ocrx_word' id='word_1_526' title='bbox 3410 2353 3647 2406; x_wconf 82' lang='lat' dir='ltr'><strong>Basilius</strong></span> 
     </span>
    </p>
   </div>
   <div class='ocr_carea' id='block_1_70' title="bbox 2113 2440 3640 2509">
    <p class='ocr_par' dir='ltr' id='par_1_70' title="bbox 2113 2440 3640 2509">
     <span class='ocr_line' id='line_1_70' title="bbox 2113 2440 3640 2509; baseline -0.003 -13"><span class='ocrx_word' id='word_1_527' title='bbox 2113 2452 2335 2496; x_wconf 86' lang='lat' dir='ltr'><strong>testatur</strong></span> <span class='ocrx_word' id='word_1_528' title='bbox 2376 2444 2427 2494; x_wconf 91' lang='lat' dir='ltr'><strong>in</strong></span> <span class='ocrx_word' id='word_1_529' title='bbox 2464 2443 2616 2509; x_wconf 90' lang='lat' dir='ltr'><strong>epist.</strong></span> <span class='ocrx_word' id='word_1_530' title='bbox 2649 2443 2899 2495; x_wconf 90' lang='lat' dir='ltr'><strong>canonica</strong></span> <span class='ocrx_word' id='word_1_531' title='bbox 2928 2443 2992 2493; x_wconf 90' lang='lat' dir='ltr'><strong>ad</strong></span> <span class='ocrx_word' id='word_1_532' title='bbox 3016 2440 3456 2507; x_wconf 79' lang='lat' dir='ltr'><strong>Amphilochium,</strong></span> <span class='ocrx_word' id='word_1_533' title='bbox 3487 2456 3537 2493; x_wconf 92' lang='lat' dir='ltr'><strong>c.</strong></span> <span class='ocrx_word' id='word_1_534' title='bbox 3570 2442 3596 2493; x_wconf 79' lang='grc'><strong>1</strong></span> <span class='ocrx_word' id='word_1_535' title='bbox 3626 2459 3640 2491; x_wconf 94' lang='lat'>:</span> 
     </span>
    </p>
   </div>
   <div class='ocr_carea' id='block_1_71' title="bbox 2119 2529 3647 2597">
    <p class='ocr_par' dir='ltr' id='par_1_71' title="bbox 2119 2529 3647 2597">
     <span class='ocr_line' id='line_1_71' title="bbox 2119 2529 3647 2597; baseline -0.001 -16"><span class='ocrx_word' id='word_1_536' title='bbox 2119 2552 2135 2581; x_wconf 70' lang='grc' dir='ltr'><em>ς</em></span> <span class='ocrx_word' id='word_1_537' title='bbox 2172 2532 2268 2596; x_wconf 79' lang='lat' dir='ltr'><strong>Qui</strong></span> <span class='ocrx_word' id='word_1_538' title='bbox 2312 2540 2485 2584; x_wconf 85' lang='lat' dir='ltr'><strong>autem</strong></span> <span class='ocrx_word' id='word_1_539' title='bbox 2525 2530 2730 2597; x_wconf 87' lang='lat' dir='ltr'><strong>abrupti</strong></span> <span class='ocrx_word' id='word_1_540' title='bbox 2771 2538 2911 2592; x_wconf 91' lang='lat' dir='ltr'><strong>sunt,</strong></span> <span class='ocrx_word' id='word_1_541' title='bbox 2959 2530 3075 2581; x_wconf 89' lang='lat' dir='ltr'><strong>laici</strong></span> <span class='ocrx_word' id='word_1_542' title='bbox 3121 2529 3289 2582; x_wconf 78' lang='lat' dir='ltr'><strong>eﬁ‘cCti</strong></span> <span class='ocrx_word' id='word_1_543' title='bbox 3330 2544 3426 2581; x_wconf 87' lang='lat' dir='ltr'><strong>nec</strong></span> <span class='ocrx_word' id='word_1_544' title='bbox 3469 2530 3647 2594; x_wconf 81' lang='lat' dir='ltr'><strong>bapti-</strong></span> 
     </span>
    </p>
   </div>
   <div class='ocr_carea' id='block_1_72' title="bbox 2113 2618 3646 2686">
    <p class='ocr_par' dir='ltr' id='par_1_72' title="bbox 2113 2618 3646 2686">
     <span class='ocr_line' id='line_1_72' title="bbox 2113 2618 3646 2686; baseline -0.002 -15"><span class='ocrx_word' id='word_1_545' title='bbox 2113 2620 2263 2671; x_wconf 88' lang='lat' dir='ltr'><strong>zandi</strong></span> <span class='ocrx_word' id='word_1_546' title='bbox 2289 2634 2384 2671; x_wconf 90' lang='lat' dir='ltr'><strong>nec</strong></span> <span class='ocrx_word' id='word_1_547' title='bbox 2404 2619 2677 2670; x_wconf 91' lang='lat' dir='ltr'><strong>ordinandi</strong></span> <span class='ocrx_word' id='word_1_548' title='bbox 2705 2618 2896 2670; x_wconf 87' lang='lat' dir='ltr'><strong>habent</strong></span> <span class='ocrx_word' id='word_1_549' title='bbox 2918 2626 3247 2686; x_wconf 85' lang='lat' dir='ltr'><strong>potestatem,</strong></span> <span class='ocrx_word' id='word_1_550' title='bbox 3278 2626 3377 2670; x_wconf 90' lang='lat' dir='ltr'><strong>etc.</strong></span> <span class='ocrx_word' id='word_1_551' title='bbox 3412 2638 3426 2667; x_wconf 76' lang='grc' dir='ltr'><strong>ι</strong></span> <span class='ocrx_word' id='word_1_552' title='bbox 3461 2620 3646 2680; x_wconf 66' lang='lat' dir='ltr'><strong>01am</strong></span> 
     </span>
    </p>
   </div>
   <div class='ocr_carea' id='block_1_73' title="bbox 2112 2708 3641 2775">
    <p class='ocr_par' dir='ltr' id='par_1_73' title="bbox 2112 2708 3641 2775">
     <span class='ocr_line' id='line_1_73' title="bbox 2112 2708 3641 2775; baseline -0.003 -14"><span class='ocrx_word' id='word_1_553' title='bbox 2112 2724 2202 2761; x_wconf 90' lang='lat' dir='ltr'><strong>eos</strong></span> <span class='ocrx_word' id='word_1_554' title='bbox 2230 2708 2317 2775; x_wconf 91' lang='lat' dir='ltr'><strong>qui</strong></span> <span class='ocrx_word' id='word_1_555' title='bbox 2360 2708 2425 2759; x_wconf 89' lang='lat' dir='ltr'><strong>ab</strong></span> <span class='ocrx_word' id='word_1_556' title='bbox 2466 2708 2590 2773; x_wconf 87' lang='lat' dir='ltr'><strong>ipsis</strong></span> <span class='ocrx_word' id='word_1_557' title='bbox 2628 2708 2875 2774; x_wconf 90' lang='lat' dir='ltr'><strong>baptizati</strong></span> <span class='ocrx_word' id='word_1_558' title='bbox 2915 2715 3084 2766; x_wconf 88' lang='lat' dir='ltr'><strong>erant,</strong></span> <span class='ocrx_word' id='word_1_559' title='bbox 3125 2715 3366 2773; x_wconf 90' lang='lat' dir='ltr'><strong>tanquam</strong></span> <span class='ocrx_word' id='word_1_560' title='bbox 3416 2722 3443 2758; x_wconf 90' lang='lat' dir='ltr'><strong>a</strong></span> <span class='ocrx_word' id='word_1_561' title='bbox 3486 2708 3641 2759; x_wconf 75' lang='lat' dir='ltr'><strong>laicis</strong></span> 
     </span>
    </p>
   </div>
   <div class='ocr_carea' id='block_1_74' title="bbox 2112 2793 3647 2862">
    <p class='ocr_par' dir='ltr' id='par_1_74' title="bbox 2112 2793 3647 2862">
     <span class='ocr_line' id='line_1_74' title="bbox 2112 2793 3647 2862; baseline -0.002 -14"><span class='ocrx_word' id='word_1_562' title='bbox 2112 2796 2430 2861; x_wconf 85' lang='lat' dir='ltr'><strong>baptizatos,</strong></span> <span class='ocrx_word' id='word_1_563' title='bbox 2469 2795 2735 2862; x_wconf 87' lang='lat' dir='ltr'><strong>jusserunt</strong></span> <span class='ocrx_word' id='word_1_564' title='bbox 2780 2794 2845 2846; x_wconf 92' lang='lat' dir='ltr'><strong>ad</strong></span> <span class='ocrx_word' id='word_1_565' title='bbox 2888 2793 3161 2847; x_wconf 85' lang='lat' dir='ltr'><strong>ecclesiam</strong></span> <span class='ocrx_word' id='word_1_566' title='bbox 3200 2795 3467 2847; x_wconf 79' lang='lat' dir='ltr'><strong>venientes</strong></span> <span class='ocrx_word' id='word_1_567' title='bbox 3512 2810 3647 2847; x_wconf 76' lang='lat' dir='ltr'><strong>vero</strong></span> 
     </span>
    </p>
   </div>
   <div class='ocr_carea' id='block_1_75' title="bbox 2115 2881 3644 2950">
    <p class='ocr_par' dir='ltr' id='par_1_75' title="bbox 2115 2881 3644 2950">
     <span class='ocr_line' id='line_1_75' title="bbox 2115 2881 3644 2950; baseline 0 -15"><span class='ocrx_word' id='word_1_568' title='bbox 2115 2883 2359 2937; x_wconf 61' lang='lat' dir='ltr'><strong>Ecclesia!</strong></span> <span class='ocrx_word' id='word_1_569' title='bbox 2415 2883 2674 2950; x_wconf 89' lang='lat' dir='ltr'><strong>baptismo</strong></span> <span class='ocrx_word' id='word_1_570' title='bbox 2705 2884 3000 2950; x_wconf 72' lang='lat' dir='ltr'><strong>expurgaii.</strong></span> <span class='ocrx_word' id='word_1_571' title='bbox 3032 2881 3195 2935; x_wconf 85' lang='lat' dir='ltr'><strong>Porro</strong></span> <span class='ocrx_word' id='word_1_572' title='bbox 3243 2884 3463 2949; x_wconf 67' lang='lat' dir='ltr'><strong>quaestio</strong></span> <span class='ocrx_word' id='word_1_573' title='bbox 3491 2890 3644 2935; x_wconf 84' lang='lat' dir='ltr'><strong>tanta</strong></span> 
     </span>
    </p>
   </div>
   <div class='ocr_carea' id='block_1_76' title="bbox 2113 2968 3645 3035">
    <p class='ocr_par' dir='ltr' id='par_1_76' title="bbox 2113 2968 3645 3035">
     <span class='ocr_line' id='line_1_76' title="bbox 2113 2968 3645 3035; baseline -0.002 -13"><span class='ocrx_word' id='word_1_574' title='bbox 2113 2979 2212 3033; x_wconf 90' lang='lat' dir='ltr'><strong>est,</strong></span> <span class='ocrx_word' id='word_1_575' title='bbox 2236 2979 2409 3022; x_wconf 88' lang='lat' dir='ltr'><strong>utrum</strong></span> <span class='ocrx_word' id='word_1_576' title='bbox 2436 2978 2490 3021; x_wconf 87' lang='lat' dir='ltr'><strong>et</strong></span> <span class='ocrx_word' id='word_1_577' title='bbox 2515 2970 2579 3021; x_wconf 94' lang='lat' dir='ltr'><strong>ab</strong></span> <span class='ocrx_word' id='word_1_578' title='bbox 2606 2970 2669 3021; x_wconf 90' lang='lat' dir='ltr'><strong>iis</strong></span> <span class='ocrx_word' id='word_1_579' title='bbox 2688 2970 2776 3035; x_wconf 90' lang='lat' dir='ltr'><strong>qui</strong></span> <span class='ocrx_word' id='word_1_580' title='bbox 2804 2984 3069 3035; x_wconf 90' lang='lat' dir='ltr'><strong>nunquam</strong></span> <span class='ocrx_word' id='word_1_581' title='bbox 3095 2968 3305 3022; x_wconf 77' lang='lat' dir='ltr'><strong>{uerunt</strong></span> <span class='ocrx_word' id='word_1_582' title='bbox 3325 2969 3645 3029; x_wconf 75' lang='lat' dir='ltr'><strong>Christiani,</strong></span> 
     </span>
    </p>
   </div>
   <div class='ocr_carea' id='block_1_77' title="bbox 2114 3052 3645 3126">
    <p class='ocr_par' dir='ltr' id='par_1_77' title="bbox 2114 3052 3645 3126">
     <span class='ocr_line' id='line_1_77' title="bbox 2114 3052 3645 3126; baseline 0.001 -16"><span class='ocrx_word' id='word_1_583' title='bbox 2114 3059 2277 3125; x_wconf 87' lang='lat' dir='ltr'><strong>possit</strong></span> <span class='ocrx_word' id='word_1_584' title='bbox 2315 3058 2602 3124; x_wconf 89' lang='lat' dir='ltr'><strong>baptismus</strong></span> <span class='ocrx_word' id='word_1_585' title='bbox 2638 3057 2771 3118; x_wconf 90' lang='lat' dir='ltr'><strong>dari,</strong></span> <span class='ocrx_word' id='word_1_586' title='bbox 2808 3064 2866 3108; x_wconf 91' lang='lat' dir='ltr'><strong>ut</strong></span> <span class='ocrx_word' id='word_1_587' title='bbox 2895 3052 3106 3109; x_wconf 84' lang='lat' dir='ltr'><strong>sanctus</strong></span> <span class='ocrx_word' id='word_1_588' title='bbox 3131 3056 3451 3126; x_wconf 82' lang='lat' dir='ltr'><strong>Augustinus</strong></span> <span class='ocrx_word' id='word_1_589' title='bbox 3480 3058 3547 3111; x_wconf 92' lang='lat' dir='ltr'><strong>dc</strong></span> <span class='ocrx_word' id='word_1_590' title='bbox 3576 3074 3645 3111; x_wconf 72' lang='lat' dir='ltr'><strong>ea</strong></span> 
     </span>
    </p>
   </div>
   <div class='ocr_carea' id='block_1_78' title="bbox 2114 3138 3735 3214">
    <p class='ocr_par' dir='ltr' id='par_1_78' title="bbox 2114 3138 3735 3214">
     <span class='ocr_line' id='line_1_78' title="bbox 2114 3138 3735 3214; baseline 0.001 -15"><span class='ocrx_word' id='word_1_591' title='bbox 2114 3145 2243 3199; x_wconf 90' lang='lat' dir='ltr'><strong>nihil</strong></span> <span class='ocrx_word' id='word_1_592' title='bbox 2269 3145 2458 3197; x_wconf 86' lang='lat' dir='ltr'><strong>audeat</strong></span> <span class='ocrx_word' id='word_1_593' title='bbox 2490 3144 2749 3198; x_wconf 83' lang='lat' dir='ltr'><strong>aﬁirmare</strong></span> <span class='ocrx_word' id='word_1_594' title='bbox 2777 3144 2910 3199; x_wconf 91' lang='lat' dir='ltr'><strong>libro</strong></span> <span class='ocrx_word' id='word_1_595' title='bbox 2938 3161 2975 3198; x_wconf 88' lang='grc' dir='ltr'>ιι</span> <span class='ocrx_word' id='word_1_596' title='bbox 3003 3156 3183 3199; x_wconf 88' lang='lat' dir='ltr'><strong>contra</strong></span> <span class='ocrx_word' id='word_1_597' title='bbox 3210 3148 3486 3214; x_wconf 84' lang='lat' dir='ltr'><strong>epistolam</strong></span> <span class='ocrx_word' id='word_1_598' title='bbox 3508 3147 3649 3201; x_wconf 79' lang='lat' dir='ltr'><strong>Par-</strong></span> <span class='ocrx_word' id='word_1_599' title='bbox 3718 3138 3735 3147; x_wconf 74' lang='grc'><em>’</em></span> 
     </span>
    </p>
   </div>
   <div class='ocr_carea' id='block_1_79' title="bbox 2114 3231 3647 3301">
    <p class='ocr_par' dir='ltr' id='par_1_79' title="bbox 2114 3231 3647 3301">
     <span class='ocr_line' id='line_1_79' title="bbox 2114 3231 3647 3301; baseline 0.002 -16"><span class='ocrx_word' id='word_1_600' title='bbox 2114 3233 2361 3293; x_wconf 90' lang='lat' dir='ltr'><strong>meniani,</strong></span> <span class='ocrx_word' id='word_1_601' title='bbox 2411 3247 2526 3301; x_wconf 91' lang='lat' dir='ltr'><strong>cap.</strong></span> <span class='ocrx_word' id='word_1_602' title='bbox 2558 3232 2640 3283; x_wconf 76' lang='grc'><strong>12.</strong></span> <span class='ocrx_word' id='word_1_603' title='bbox 2691 3250 2708 3281; x_wconf 75' lang='grc' dir='ltr'><strong>ι</strong></span> <span class='ocrx_word' id='word_1_604' title='bbox 2750 3232 2816 3284; x_wconf 91' lang='lat' dir='ltr'><strong>Et</strong></span> <span class='ocrx_word' id='word_1_605' title='bbox 2863 3231 2974 3285; x_wconf 77' lang='lat' dir='ltr'><strong>hzec</strong></span> <span class='ocrx_word' id='word_1_606' title='bbox 3017 3234 3249 3299; x_wconf 89' lang='lat' dir='ltr'><strong>quidem,</strong></span> <span class='ocrx_word' id='word_1_607' title='bbox 3301 3235 3486 3301; x_wconf 86' lang='lat' dir='ltr'><strong>inquit,</strong></span> <span class='ocrx_word' id='word_1_608' title='bbox 3537 3235 3647 3288; x_wconf 74' lang='lat' dir='ltr'><strong>alia</strong></span> 
     </span>
    </p>
   </div>
   <div class='ocr_carea' id='block_1_80' title="bbox 2113 3320 3647 3390">
    <p class='ocr_par' dir='ltr' id='par_1_80' title="bbox 2113 3320 3647 3390">
     <span class='ocr_line' id='line_1_80' title="bbox 2113 3320 3647 3390; baseline 0.004 -19"><span class='ocrx_word' id='word_1_609' title='bbox 2113 3320 2331 3387; x_wconf 73' lang='lat' dir='ltr'><strong>quaastio</strong></span> <span class='ocrx_word' id='word_1_610' title='bbox 2367 3327 2465 3381; x_wconf 90' lang='lat' dir='ltr'><strong>est,</strong></span> <span class='ocrx_word' id='word_1_611' title='bbox 2506 3329 2680 3371; x_wconf 91' lang='lat' dir='ltr'><strong>utrum</strong></span> <span class='ocrx_word' id='word_1_612' title='bbox 2709 3330 2761 3371; x_wconf 92' lang='lat' dir='ltr'><strong>et</strong></span> <span class='ocrx_word' id='word_1_613' title='bbox 2797 3320 2863 3371; x_wconf 92' lang='lat' dir='ltr'><strong>ab</strong></span> <span class='ocrx_word' id='word_1_614' title='bbox 2895 3320 2959 3372; x_wconf 87' lang='lat' dir='ltr'><strong>iis</strong></span> <span class='ocrx_word' id='word_1_615' title='bbox 2996 3321 3085 3387; x_wconf 90' lang='lat' dir='ltr'><strong>qui</strong></span> <span class='ocrx_word' id='word_1_616' title='bbox 3122 3336 3386 3390; x_wconf 87' lang='lat' dir='ltr'><strong>nunquam</strong></span> <span class='ocrx_word' id='word_1_617' title='bbox 3422 3323 3647 3377; x_wconf 78' lang='lat' dir='ltr'><strong>fuerunt</strong></span> 
     </span>
    </p>
   </div>
   <div class='ocr_carea' id='block_1_81' title="bbox 2113 3407 3643 3477">
    <p class='ocr_par' dir='ltr' id='par_1_81' title="bbox 2113 3407 3643 3477">
     <span class='ocr_line' id='line_1_81' title="bbox 2113 3407 3643 3477; baseline 0.003 -17"><span class='ocrx_word' id='word_1_618' title='bbox 2113 3407 2417 3469; x_wconf 90' lang='lat' dir='ltr'><strong>Christiani,</strong></span> <span class='ocrx_word' id='word_1_619' title='bbox 2450 3409 2614 3475; x_wconf 91' lang='lat' dir='ltr'><strong>possit</strong></span> <span class='ocrx_word' id='word_1_620' title='bbox 2650 3408 2939 3475; x_wconf 90' lang='lat' dir='ltr'><strong>baptismus</strong></span> <span class='ocrx_word' id='word_1_621' title='bbox 2979 3408 3089 3460; x_wconf 89' lang='lat' dir='ltr'><strong>dari</strong></span> <span class='ocrx_word' id='word_1_622' title='bbox 3125 3424 3137 3459; x_wconf 89' lang='lat'><strong>:</strong></span> <span class='ocrx_word' id='word_1_623' title='bbox 3175 3425 3271 3461; x_wconf 90' lang='lat' dir='ltr'><strong>nec</strong></span> <span class='ocrx_word' id='word_1_624' title='bbox 3311 3410 3508 3477; x_wconf 86' lang='lat' dir='ltr'><strong>aliquid</strong></span> <span class='ocrx_word' id='word_1_625' title='bbox 3557 3422 3643 3464; x_wconf 82' lang='lat' dir='ltr'><strong>te-</strong></span> 
     </span>
    </p>
   </div>
   <div class='ocr_carea' id='block_1_82' title="bbox 2114 3494 3644 3550">
    <p class='ocr_par' dir='ltr' id='par_1_82' title="bbox 2114 3494 3644 3550">
     <span class='ocr_line' id='line_1_82' title="bbox 2114 3494 3644 3550; baseline 0.002 -3"><span class='ocrx_word' id='word_1_626' title='bbox 2114 3508 2257 3547; x_wconf 88' lang='lat' dir='ltr'><strong>mere</strong></span> <span class='ocrx_word' id='word_1_627' title='bbox 2305 3495 2422 3547; x_wconf 92' lang='lat' dir='ltr'><strong>inde</strong></span> <span class='ocrx_word' id='word_1_628' title='bbox 2466 3494 2829 3547; x_wconf 64' lang='lat' dir='ltr'><strong>aﬁirmandum&#39;</strong></span> <span class='ocrx_word' id='word_1_629' title='bbox 2870 3504 2953 3548; x_wconf 92' lang='lat' dir='ltr'><strong>est</strong></span> <span class='ocrx_word' id='word_1_630' title='bbox 3005 3496 3117 3548; x_wconf 88' lang='lat' dir='ltr'><strong>sine</strong></span> <span class='ocrx_word' id='word_1_631' title='bbox 3162 3498 3471 3549; x_wconf 86' lang='lat' dir='ltr'><strong>auctoritate</strong></span> <span class='ocrx_word' id='word_1_632' title='bbox 3502 3506 3644 3550; x_wconf 78' lang='lat' dir='ltr'><strong>tant.</strong></span> 
     </span>
    </p>
   </div>
   <div class='ocr_carea' id='block_1_83' title="bbox 2115 3582 3650 3654">
    <p class='ocr_par' dir='ltr' id='par_1_83' title="bbox 2115 3582 3650 3654">
     <span class='ocr_line' id='line_1_83' title="bbox 2115 3582 3650 3654; baseline 0.003 -19"><span class='ocrx_word' id='word_1_633' title='bbox 2115 3583 2341 3645; x_wconf 89' lang='lat' dir='ltr'><strong>concilii,</strong></span> <span class='ocrx_word' id='word_1_634' title='bbox 2364 3590 2615 3651; x_wconf 91' lang='lat' dir='ltr'><strong>quantum</strong></span> <span class='ocrx_word' id='word_1_635' title='bbox 2638 3591 2793 3635; x_wconf 71' lang='lat' dir='ltr'><strong>tantm</strong></span> <span class='ocrx_word' id='word_1_636' title='bbox 2816 3584 2890 3636; x_wconf 89' lang='lat' dir='ltr'><strong>rei</strong></span> <span class='ocrx_word' id='word_1_637' title='bbox 2913 3582 3116 3637; x_wconf 82' lang='lat' dir='ltr'><strong>suﬁicit.</strong></span> <span class='ocrx_word' id='word_1_638' title='bbox 3147 3603 3165 3634; x_wconf 83' lang='grc'>›</span> <span class='ocrx_word' id='word_1_639' title='bbox 3190 3584 3300 3637; x_wconf 86' lang='lat' dir='ltr'><strong>Non</strong></span> <span class='ocrx_word' id='word_1_640' title='bbox 3328 3585 3491 3639; x_wconf 91' lang='lat' dir='ltr'><strong>multo</strong></span> <span class='ocrx_word' id='word_1_641' title='bbox 3521 3598 3650 3654; x_wconf 89' lang='lat' dir='ltr'><strong>post</strong></span> 
     </span>
    </p>
   </div>
   <div class='ocr_carea' id='block_1_84' title="bbox 2115 3672 3645 3740">
    <p class='ocr_par' dir='ltr' id='par_1_84' title="bbox 2115 3672 3645 3740">
     <span class='ocr_line' id='line_1_84' title="bbox 2115 3672 3645 3740; baseline 0.003 -15"><span class='ocrx_word' id='word_1_642' title='bbox 2115 3672 2297 3725; x_wconf 78' lang='lat' dir='ltr'><strong>Patres</strong></span> <span class='ocrx_word' id='word_1_643' title='bbox 2340 3673 2541 3725; x_wconf 88' lang='lat' dir='ltr'><strong>concilii</strong></span> <span class='ocrx_word' id='word_1_644' title='bbox 2570 3673 2992 3739; x_wconf 84' lang='lat' dir='ltr'><strong>Compendiensis</strong></span> <span class='ocrx_word' id='word_1_645' title='bbox 3027 3674 3363 3740; x_wconf 69' lang='lat' dir='ltr'><strong>quaestionem</strong></span> <span class='ocrx_word' id='word_1_646' title='bbox 3419 3675 3645 3730; x_wconf 81' lang='lat' dir='ltr'><strong>deﬁnie-</strong></span> 
     </span>
    </p>
   </div>
   <div class='ocr_carea' id='block_1_85' title="bbox 2119 3758 3648 3832">
    <p class='ocr_par' dir='ltr' id='par_1_85' title="bbox 2119 3758 3648 3832">
     <span class='ocr_line' id='line_1_85' title="bbox 2119 3758 3648 3832; baseline 0.002 -22"><span class='ocrx_word' id='word_1_647' title='bbox 2119 3768 2257 3818; x_wconf 90' lang='lat' dir='ltr'><strong>runt,</strong></span> <span class='ocrx_word' id='word_1_648' title='bbox 2292 3772 2406 3810; x_wconf 85' lang='lat' dir='ltr'><strong>can.</strong></span> <span class='ocrx_word' id='word_1_649' title='bbox 2438 3760 2469 3811; x_wconf 90' lang='lat'><strong>9</strong></span> <span class='ocrx_word' id='word_1_650' title='bbox 2498 3776 2507 3807; x_wconf 92' lang='lat'>:</span> <span class='ocrx_word' id='word_1_651' title='bbox 2550 3776 2568 3806; x_wconf 84' lang='grc'><em>‹</em></span> <span class='ocrx_word' id='word_1_652' title='bbox 2604 3758 2659 3811; x_wconf 89' lang='lat' dir='ltr'><strong>Si</strong></span> <span class='ocrx_word' id='word_1_653' title='bbox 2696 3760 2813 3826; x_wconf 90' lang='lat' dir='ltr'><strong>quis</strong></span> <span class='ocrx_word' id='word_1_654' title='bbox 2841 3760 3133 3828; x_wconf 88' lang='lat' dir='ltr'><strong>baptizatus</strong></span> <span class='ocrx_word' id='word_1_655' title='bbox 3172 3768 3251 3813; x_wconf 87' lang='lat' dir='ltr'><strong>est</strong></span> <span class='ocrx_word' id='word_1_656' title='bbox 3276 3776 3305 3812; x_wconf 90' lang='lat' dir='ltr'><strong>a</strong></span> <span class='ocrx_word' id='word_1_657' title='bbox 3331 3764 3648 3832; x_wconf 80' lang='lat' dir='ltr'><strong>presbytero</strong></span> 
     </span>
    </p>
   </div>
   <div class='ocr_carea' id='block_1_86' title="bbox 2117 3847 3648 3916">
    <p class='ocr_par' dir='ltr' id='par_1_86' title="bbox 2117 3847 3648 3916">
     <span class='ocr_line' id='line_1_86' title="bbox 2117 3847 3648 3916; baseline -0.001 -17"><span class='ocrx_word' id='word_1_658' title='bbox 2117 3863 2217 3899; x_wconf 89' lang='lat' dir='ltr'><strong>non</strong></span> <span class='ocrx_word' id='word_1_659' title='bbox 2255 3847 2545 3913; x_wconf 73' lang='lat' dir='ltr'><strong>haptizato,’</strong></span> <span class='ocrx_word' id='word_1_660' title='bbox 2574 3856 2627 3898; x_wconf 89' lang='lat' dir='ltr'><strong>et</strong></span> <span class='ocrx_word' id='word_1_661' title='bbox 2670 3854 2848 3899; x_wconf 86' lang='lat' dir='ltr'><strong>sancta</strong></span> <span class='ocrx_word' id='word_1_662' title='bbox 2875 3847 3105 3901; x_wconf 87' lang='lat' dir='ltr'><strong>Trinitas</strong></span> <span class='ocrx_word' id='word_1_663' title='bbox 3141 3848 3192 3900; x_wconf 91' lang='lat' dir='ltr'><strong>in</strong></span> <span class='ocrx_word' id='word_1_664' title='bbox 3232 3849 3345 3915; x_wconf 68' lang='lat' dir='ltr'><strong>ipso</strong></span> <span class='ocrx_word' id='word_1_665' title='bbox 3372 3848 3648 3916; x_wconf 79' lang='lat' dir='ltr'><strong>baptismo</strong></span> 
     </span>
    </p>
   </div>
   <div class='ocr_carea' id='block_1_87' title="bbox 2119 3933 3647 4006">
    <p class='ocr_par' dir='ltr' id='par_1_87' title="bbox 2119 3933 3647 4006">
     <span class='ocr_line' id='line_1_87' title="bbox 2119 3933 3647 4006; baseline 0.005 -22"><span class='ocrx_word' id='word_1_666' title='bbox 2119 3934 2353 3985; x_wconf 89' lang='lat' dir='ltr'><strong>invocata</strong></span> <span class='ocrx_word' id='word_1_667' title='bbox 2392 3933 2569 3995; x_wconf 84' lang='lat' dir='ltr'><strong>fuerit,</strong></span> <span class='ocrx_word' id='word_1_668' title='bbox 2629 3934 2919 4000; x_wconf 89' lang='lat' dir='ltr'><strong>baptizatus</strong></span> <span class='ocrx_word' id='word_1_669' title='bbox 2956 3944 3067 3996; x_wconf 89' lang='lat' dir='ltr'><strong>est,</strong></span> <span class='ocrx_word' id='word_1_670' title='bbox 3098 3936 3232 3989; x_wconf 69' lang='lat' dir='ltr'><strong>Sicut</strong></span> <span class='ocrx_word' id='word_1_671' title='bbox 3259 3935 3474 4005; x_wconf 87' lang='lat' dir='ltr'><strong>Sergius</strong></span> <span class='ocrx_word' id='word_1_672' title='bbox 3504 3952 3647 4006; x_wconf 74' lang='lat' dir='ltr'><strong>papa</strong></span> 
     </span>
    </p>
   </div>
   <div class='ocr_carea' id='block_1_88' title="bbox 2118 4020 3644 4089">
    <p class='ocr_par' dir='ltr' id='par_1_88' title="bbox 2118 4020 3644 4089">
     <span class='ocr_line' id='line_1_88' title="bbox 2118 4020 3644 4089; baseline 0.006 -18"><span class='ocrx_word' id='word_1_673' title='bbox 2118 4022 2265 4072; x_wconf 80' lang='lat' dir='ltr'><strong>dixit.</strong></span> <span class='ocrx_word' id='word_1_674' title='bbox 2304 4040 2320 4070; x_wconf 74' lang='grc' dir='ltr'><strong>ι</strong></span> <span class='ocrx_word' id='word_1_675' title='bbox 2392 4020 2536 4073; x_wconf 91' lang='lat' dir='ltr'><strong>Unde</strong></span> <span class='ocrx_word' id='word_1_676' title='bbox 2572 4022 2818 4089; x_wconf 82' lang='lat' dir='ltr'><strong>magister</strong></span> <span class='ocrx_word' id='word_1_677' title='bbox 2864 4021 3120 4075; x_wconf 82' lang='lat' dir='ltr'><strong>Robertus</strong></span> <span class='ocrx_word' id='word_1_678' title='bbox 3152 4024 3217 4075; x_wconf 90' lang='lat' dir='ltr'><strong>de</strong></span> <span class='ocrx_word' id='word_1_679' title='bbox 3253 4024 3494 4088; x_wconf 76' lang='lat' dir='ltr'><strong>Chorcon</strong></span> <span class='ocrx_word' id='word_1_680' title='bbox 3532 4043 3644 4080; x_wconf 84' lang='lat' dir='ltr'><strong>non</strong></span> 
     </span>
    </p>
   </div>
   <div class='ocr_carea' id='block_1_89' title="bbox 2117 4094 3638 4174">
    <p class='ocr_par' dir='ltr' id='par_1_89' title="bbox 2117 4094 3638 4174">
     <span class='ocr_line' id='line_1_89' title="bbox 2117 4094 3638 4174; baseline 0.006 -17"><span class='ocrx_word' id='word_1_681' title='bbox 2117 4094 2318 4159; x_wconf 84' lang='lat' dir='ltr'><strong>dubitat</strong></span> <span class='ocrx_word' id='word_1_682' title='bbox 2363 4122 2596 4159; x_wconf 89' lang='lat' dir='ltr'><strong>asserere</strong></span> <span class='ocrx_word' id='word_1_683' title='bbox 2639 4109 2948 4174; x_wconf 87' lang='lat' dir='ltr'><strong>baptismum</strong></span> <span class='ocrx_word' id='word_1_684' title='bbox 2992 4111 3056 4162; x_wconf 90' lang='lat' dir='ltr'><strong>ab</strong></span> <span class='ocrx_word' id='word_1_685' title='bbox 3087 4110 3277 4162; x_wconf 69' lang='lat' dir='ltr'><strong>inﬁdeli</strong></span> <span class='ocrx_word' id='word_1_686' title='bbox 3300 4127 3421 4166; x_wconf 88' lang='lat' dir='ltr'><strong>vere</strong></span> <span class='ocrx_word' id='word_1_687' title='bbox 3445 4112 3638 4167; x_wconf 83' lang='lat' dir='ltr'><strong>datum</strong></span> 
     </span>
    </p>
   </div>
   <div class='ocr_carea' id='block_1_90' title="bbox 2118 4195 3645 4269">
    <p class='ocr_par' dir='ltr' id='par_1_90' title="bbox 2118 4195 3645 4269">
     <span class='ocr_line' id='line_1_90' title="bbox 2118 4195 3645 4269; baseline 0.007 -23"><span class='ocrx_word' id='word_1_688' title='bbox 2118 4209 2272 4247; x_wconf 88' lang='lat' dir='ltr'><strong>esse:</strong></span> <span class='ocrx_word' id='word_1_689' title='bbox 2306 4196 2349 4247; x_wconf 89' lang='lat' dir='ltr'><strong>si</strong></span> <span class='ocrx_word' id='word_1_690' title='bbox 2387 4195 2619 4248; x_wconf 89' lang='lat' dir='ltr'><strong>intendat</strong></span> <span class='ocrx_word' id='word_1_691' title='bbox 2660 4197 2968 4266; x_wconf 83' lang='lat' dir='ltr'><strong>immergere</strong></span> <span class='ocrx_word' id='word_1_692' title='bbox 2992 4239 3005 4262; x_wconf 96' lang='lat'><strong>,</strong></span> <span class='ocrx_word' id='word_1_693' title='bbox 3045 4215 3108 4253; x_wconf 94' lang='lat' dir='ltr'><strong>eo</strong></span> <span class='ocrx_word' id='word_1_694' title='bbox 3146 4201 3298 4254; x_wconf 90' lang='lat' dir='ltr'><strong>modo</strong></span> <span class='ocrx_word' id='word_1_695' title='bbox 3333 4217 3437 4269; x_wconf 90' lang='lat' dir='ltr'><strong>quo</strong></span> <span class='ocrx_word' id='word_1_696' title='bbox 3479 4204 3645 4256; x_wconf 84' lang='lat' dir='ltr'><strong>docet</strong></span> 
     </span>
    </p>
   </div>
   <div class='ocr_carea' id='block_1_91' title="bbox 524 4282 3644 4353">
    <p class='ocr_par' dir='ltr' id='par_1_91' title="bbox 524 4282 3644 4353">
     <span class='ocr_line' id='line_1_91' title="bbox 524 4282 3644 4353; baseline 0.002 -16"><span class='ocrx_word' id='word_1_697' title='bbox 524 4285 633 4337; x_wconf 90' lang='lat' dir='ltr'><strong>dit:</strong></span> <span class='ocrx_word' id='word_1_698' title='bbox 668 4302 685 4331; x_wconf 74' lang='grc' dir='ltr'><strong>ι</strong></span> <span class='ocrx_word' id='word_1_699' title='bbox 719 4284 975 4335; x_wconf 90' lang='lat' dir='ltr'><strong>Statutum</strong></span> <span class='ocrx_word' id='word_1_700' title='bbox 1004 4284 1206 4335; x_wconf 81' lang='lat' dir='ltr'><strong>noveris</strong></span> <span class='ocrx_word' id='word_1_701' title='bbox 1237 4290 1293 4333; x_wconf 93' lang='lat' dir='ltr'><strong>ut</strong></span> <span class='ocrx_word' id='word_1_702' title='bbox 1318 4283 1609 4349; x_wconf 88' lang='lat' dir='ltr'><strong>quicunque</strong></span> <span class='ocrx_word' id='word_1_703' title='bbox 1634 4298 1688 4335; x_wconf 91' lang='lat' dir='ltr'><strong>se</strong></span> <span class='ocrx_word' id='word_1_704' title='bbox 1708 4284 2021 4350; x_wconf 86' lang='lat' dir='ltr'><strong>baptizatum</strong></span> <span class='ocrx_word' id='word_1_705' title='bbox 2051 4296 2095 4353; x_wconf 74' lang='grc' dir='ltr'><strong>Ι)</strong></span> <span class='ocrx_word' id='word_1_706' title='bbox 2122 4282 2371 4344; x_wconf 86' lang='lat' dir='ltr'><strong>Ecclesia,</strong></span> <span class='ocrx_word' id='word_1_707' title='bbox 2416 4284 2652 4348; x_wconf 83' lang='lat' dir='ltr'><strong>quamvis</strong></span> <span class='ocrx_word' id='word_1_708' title='bbox 2700 4300 2799 4335; x_wconf 90' lang='lat' dir='ltr'><strong>non</strong></span> <span class='ocrx_word' id='word_1_709' title='bbox 2846 4285 2978 4338; x_wconf 80' lang='lat' dir='ltr'><strong>ferat</strong></span> <span class='ocrx_word' id='word_1_710' title='bbox 3023 4287 3251 4339; x_wconf 89' lang='lat' dir='ltr'><strong>animum</strong></span> <span class='ocrx_word' id='word_1_711' title='bbox 3295 4289 3361 4341; x_wconf 87' lang='lat' dir='ltr'><strong>ad</strong></span> <span class='ocrx_word' id='word_1_712' title='bbox 3406 4289 3644 4343; x_wconf 74' lang='lat' dir='ltr'><strong>fructum</strong></span> 
     </span>
    </p>
   </div>
   <div class='ocr_carea' id='block_1_92' title="bbox 527 4371 2020 4437">
    <p class='ocr_par' dir='ltr' id='par_1_92' title="bbox 527 4371 2020 4437">
     <span class='ocr_line' id='line_1_92' title="bbox 527 4371 2020 4437; baseline -0.001 -12"><span class='ocrx_word' id='word_1_713' title='bbox 527 4375 684 4427; x_wconf 83' lang='lat' dir='ltr'><strong>fuisse</strong></span> <span class='ocrx_word' id='word_1_714' title='bbox 728 4388 827 4425; x_wconf 90' lang='lat' dir='ltr'><strong>non</strong></span> <span class='ocrx_word' id='word_1_715' title='bbox 876 4374 1070 4431; x_wconf 89' lang='lat' dir='ltr'><strong>recolit,</strong></span> <span class='ocrx_word' id='word_1_716' title='bbox 1115 4387 1211 4425; x_wconf 89' lang='lat' dir='ltr'><strong>nec</strong></span> <span class='ocrx_word' id='word_1_717' title='bbox 1253 4373 1317 4424; x_wconf 93' lang='lat' dir='ltr'><strong>ab</strong></span> <span class='ocrx_word' id='word_1_718' title='bbox 1365 4371 1461 4423; x_wconf 89' lang='lat' dir='ltr'><strong>alia</strong></span> <span class='ocrx_word' id='word_1_719' title='bbox 1487 4387 1704 4437; x_wconf 85' lang='lat' dir='ltr'><strong>persona</strong></span> <span class='ocrx_word' id='word_1_720' title='bbox 1752 4374 1801 4425; x_wconf 92' lang='lat' dir='ltr'><strong>id</strong></span> <span class='ocrx_word' id='word_1_721' title='bbox 1829 4373 2020 4424; x_wconf 85' lang='lat' dir='ltr'><strong>lactqu</strong></span> 
     </span>
    </p>
   </div>
   <div class='ocr_carea' id='block_1_93' title="bbox 530 4458 2023 4526">
    <p class='ocr_par' dir='ltr' id='par_1_93' title="bbox 530 4458 2023 4526">
     <span class='ocr_line' id='line_1_93' title="bbox 530 4458 2023 4526; baseline 0.001 -16"><span class='ocrx_word' id='word_1_722' title='bbox 530 4461 683 4511; x_wconf 79' lang='lat' dir='ltr'><strong>fuisse</strong></span> <span class='ocrx_word' id='word_1_723' title='bbox 725 4460 993 4526; x_wconf 89' lang='lat' dir='ltr'><strong>probatur,</strong></span> <span class='ocrx_word' id='word_1_724' title='bbox 1040 4458 1352 4524; x_wconf 88' lang='lat' dir='ltr'><strong>baptismum</strong></span> <span class='ocrx_word' id='word_1_725' title='bbox 1404 4458 1594 4523; x_wconf 86' lang='lat' dir='ltr'><strong>absque</strong></span> <span class='ocrx_word' id='word_1_726' title='bbox 1636 4458 1736 4509; x_wconf 85' lang='lat' dir='ltr'><strong>ulla</strong></span> <span class='ocrx_word' id='word_1_727' title='bbox 1782 4458 2023 4512; x_wconf 88' lang='lat' dir='ltr'><strong>dilatione</strong></span> 
     </span>
    </p>
   </div>
   <div class='ocr_carea' id='block_1_94' title="bbox 527 4546 2023 4615">
    <p class='ocr_par' dir='ltr' id='par_1_94' title="bbox 527 4546 2023 4615">
     <span class='ocr_line' id='line_1_94' title="bbox 527 4546 2023 4615; baseline -0.001 -16"><span class='ocrx_word' id='word_1_728' title='bbox 527 4550 793 4615; x_wconf 86' lang='lat' dir='ltr'><strong>percipiat,</strong></span> <span class='ocrx_word' id='word_1_729' title='bbox 839 4564 901 4599; x_wconf 86' lang='lat' dir='ltr'><strong>ne</strong></span> <span class='ocrx_word' id='word_1_730' title='bbox 940 4563 967 4598; x_wconf 90' lang='lat' dir='ltr'><strong>a</strong></span> <span class='ocrx_word' id='word_1_731' title='bbox 1011 4546 1158 4599; x_wconf 88' lang='lat' dir='ltr'><strong>nobis</strong></span> <span class='ocrx_word' id='word_1_732' title='bbox 1205 4546 1343 4598; x_wconf 90' lang='lat' dir='ltr'><strong>illius</strong></span> <span class='ocrx_word' id='word_1_733' title='bbox 1388 4547 1559 4597; x_wconf 53' lang='lat' dir='ltr'><strong>auinta</strong></span> <span class='ocrx_word' id='word_1_734' title='bbox 1604 4547 1645 4598; x_wconf 91' lang='lat' dir='ltr'><strong>si</strong></span> <span class='ocrx_word' id='word_1_735' title='bbox 1686 4562 1712 4597; x_wconf 90' lang='lat' dir='ltr'><strong>a</strong></span> <span class='ocrx_word' id='word_1_736' title='bbox 1754 4547 2023 4612; x_wconf 89' lang='lat' dir='ltr'><strong>laptizatis</strong></span> 
     </span>
    </p>
   </div>
   <div class='ocr_carea' id='block_1_95' title="bbox 526 4632 2021 4702">
    <p class='ocr_par' dir='ltr' id='par_1_95' title="bbox 526 4632 2021 4702">
     <span class='ocr_line' id='line_1_95' title="bbox 526 4632 2021 4702; baseline -0.004 -14"><span class='ocrx_word' id='word_1_737' title='bbox 526 4642 762 4702; x_wconf 76' lang='lat' dir='ltr'><strong>separata</strong></span> <span class='ocrx_word' id='word_1_738' title='bbox 806 4632 976 4694; x_wconf 80' lang='lat' dir='ltr'><strong>fuerit,</strong></span> <span class='ocrx_word' id='word_1_739' title='bbox 1025 4634 1333 4699; x_wconf 89' lang='lat' dir='ltr'><strong>requiratur.</strong></span> <span class='ocrx_word' id='word_1_740' title='bbox 1377 4653 1393 4681; x_wconf 76' lang='grc' dir='ltr'><strong>ι</strong></span> <span class='ocrx_word' id='word_1_741' title='bbox 1445 4634 1570 4685; x_wconf 58' lang='lat' dir='ltr'><strong>Vide</strong></span> <span class='ocrx_word' id='word_1_742' title='bbox 1608 4633 1913 4699; x_wconf 83' lang='lat' dir='ltr'><strong>Gregorium</strong></span> <span class='ocrx_word' id='word_1_743' title='bbox 1960 4633 2021 4695; x_wconf 91' lang='lat' dir='ltr'><strong>ll,</strong></span> 
     </span>
    </p>
   </div>
   <div class='ocr_carea' id='block_1_96' title="bbox 526 4720 2021 4791">
    <p class='ocr_par' dir='ltr' id='par_1_96' title="bbox 526 4720 2021 4791">
     <span class='ocr_line' id='line_1_96' title="bbox 526 4720 2021 4791; baseline -0.001 -18"><span class='ocrx_word' id='word_1_744' title='bbox 526 4726 676 4791; x_wconf 87' lang='lat' dir='ltr'><strong>epist.</strong></span> <span class='ocrx_word' id='word_1_745' title='bbox 704 4724 782 4781; x_wconf 75' lang='grc'><strong>15,</strong></span> <span class='ocrx_word' id='word_1_746' title='bbox 814 4740 858 4775; x_wconf 88' lang='lat' dir='ltr'><strong>e.</strong></span> <span class='ocrx_word' id='word_1_747' title='bbox 890 4722 951 4784; x_wconf 84' lang='lat'><strong>9;</strong></span> <span class='ocrx_word' id='word_1_748' title='bbox 1010 4722 1380 4787; x_wconf 77' lang='lat' dir='ltr'><strong>Excerptiones</strong></span> <span class='ocrx_word' id='word_1_749' title='bbox 1423 4720 1629 4787; x_wconf 81' lang='lat' dir='ltr'><strong>Egberti</strong></span> <span class='ocrx_word' id='word_1_750' title='bbox 1662 4721 2021 4781; x_wconf 84' lang='lat' dir='ltr'><strong>Eboracensis,</strong></span> 
     </span>
    </p>
   </div>
   <div class='ocr_carea' id='block_1_97' title="bbox 530 4808 2026 4876">
    <p class='ocr_par' dir='ltr' id='par_1_97' title="bbox 530 4808 2026 4876">
     <span class='ocr_line' id='line_1_97' title="bbox 530 4808 2026 4876; baseline -0.003 -14"><span class='ocrx_word' id='word_1_751' title='bbox 530 4827 575 4863; x_wconf 92' lang='lat' dir='ltr'><strong>c.</strong></span> <span class='ocrx_word' id='word_1_752' title='bbox 614 4811 709 4871; x_wconf 60' lang='lat' dir='ltr'><strong>ll;</strong></span> <span class='ocrx_word' id='word_1_753' title='bbox 762 4811 1063 4876; x_wconf 79' lang='lat' dir='ltr'><strong>Gregorium</strong></span> <span class='ocrx_word' id='word_1_754' title='bbox 1109 4809 1192 4869; x_wconf 88' lang='lat' dir='ltr'><strong>lll,</strong></span> <span class='ocrx_word' id='word_1_755' title='bbox 1236 4810 1385 4875; x_wconf 84' lang='lat' dir='ltr'><strong>epist.</strong></span> <span class='ocrx_word' id='word_1_756' title='bbox 1416 4810 1463 4871; x_wconf 87' lang='grc'><strong>1,</strong></span> <span class='ocrx_word' id='word_1_757' title='bbox 1512 4824 1556 4859; x_wconf 91' lang='lat' dir='ltr'><strong>c.</strong></span> <span class='ocrx_word' id='word_1_758' title='bbox 1589 4808 1637 4859; x_wconf 82' lang='lat'><strong>5.</strong></span> <span class='ocrx_word' id='word_1_759' title='bbox 1684 4809 1825 4860; x_wconf 88' lang='lat' dir='ltr'><strong>Tunc</strong></span> <span class='ocrx_word' id='word_1_760' title='bbox 1871 4810 2026 4875; x_wconf 82' lang='lat' dir='ltr'><strong>igitur</strong></span> 
     </span>
    </p>
   </div>
   <div class='ocr_carea' id='block_1_98' title="bbox 532 4890 2023 4963">
    <p class='ocr_par' dir='ltr' id='par_1_98' title="bbox 532 4890 2023 4963">
     <span class='ocr_line' id='line_1_98' title="bbox 532 4890 2023 4963; baseline -0.001 -16"><span class='ocrx_word' id='word_1_761' title='bbox 532 4897 775 4963; x_wconf 91' lang='lat' dir='ltr'><strong>temporis</strong></span> <span class='ocrx_word' id='word_1_762' title='bbox 804 4895 936 4946; x_wconf 91' lang='lat' dir='ltr'><strong>nulla</strong></span> <span class='ocrx_word' id='word_1_763' title='bbox 976 4896 1397 4959; x_wconf 89' lang='lat' dir='ltr'><strong>interponebatur</strong></span> <span class='ocrx_word' id='word_1_764' title='bbox 1430 4890 1859 4947; x_wconf 41' lang='lat' dir='ltr'><strong>conditio.‘Actus</strong></span> <span class='ocrx_word' id='word_1_765' title='bbox 1886 4897 2023 4946; x_wconf 89' lang='lat' dir='ltr'><strong>enim</strong></span> 
     </span>
    </p>
   </div>
   <div class='ocr_carea' id='block_1_99' title="bbox 530 4982 2027 5052">
    <p class='ocr_par' dir='ltr' id='par_1_99' title="bbox 530 4982 2027 5052">
     <span class='ocr_line' id='line_1_99' title="bbox 530 4982 2027 5052; baseline -0.001 -17"><span class='ocrx_word' id='word_1_766' title='bbox 530 4985 737 5052; x_wconf 83' lang='lat' dir='ltr'><strong>legitimi</strong></span> <span class='ocrx_word' id='word_1_767' title='bbox 765 5021 778 5045; x_wconf 91' lang='lat'><strong>,</strong></span> <span class='ocrx_word' id='word_1_768' title='bbox 837 4991 893 5033; x_wconf 93' lang='lat' dir='ltr'><strong>ut</strong></span> <span class='ocrx_word' id='word_1_769' title='bbox 940 4983 1217 5048; x_wconf 89' lang='lat' dir='ltr'><strong>loquuntur</strong></span> <span class='ocrx_word' id='word_1_770' title='bbox 1258 4982 1573 5049; x_wconf 87' lang='lat' dir='ltr'><strong>jurisperiti,</strong></span> <span class='ocrx_word' id='word_1_771' title='bbox 1624 4999 1723 5035; x_wconf 91' lang='lat' dir='ltr'><strong>non</strong></span> <span class='ocrx_word' id='word_1_772' title='bbox 1774 4984 2027 5049; x_wconf 90' lang='lat' dir='ltr'><strong>rccipiunt</strong></span> 
     </span>
    </p>
   </div>
   <div class='ocr_carea' id='block_1_100' title="bbox 530 5054 2026 5135">
    <p class='ocr_par' dir='ltr' id='par_1_100' title="bbox 530 5054 2026 5135">
     <span class='ocr_line' id='line_1_100' title="bbox 530 5054 2026 5135; baseline -0.002 -11"><span class='ocrx_word' id='word_1_773' title='bbox 530 5054 891 5124; x_wconf 84' lang='lat' dir='ltr'><strong>conditionem.</strong></span> <span class='ocrx_word' id='word_1_774' title='bbox 961 5070 1014 5121; x_wconf 90' lang='lat' dir='ltr'><strong>Si</strong></span> <span class='ocrx_word' id='word_1_775' title='bbox 1067 5081 1235 5121; x_wconf 82' lang='lat' dir='ltr'><strong>tamen</strong></span> <span class='ocrx_word' id='word_1_776' title='bbox 1282 5084 1645 5135; x_wconf 88' lang='lat' dir='ltr'><strong>nonnunquam</strong></span> <span class='ocrx_word' id='word_1_777' title='bbox 1701 5071 1856 5122; x_wconf 88' lang='lat' dir='ltr'><strong>taci:e</strong></span> <span class='ocrx_word' id='word_1_778' title='bbox 1896 5071 2026 5122; x_wconf 90' lang='lat' dir='ltr'><strong>reci-</strong></span> 
     </span>
    </p>
   </div>
   <div class='ocr_carea' id='block_1_101' title="bbox 531 5150 2023 5223">
    <p class='ocr_par' dir='ltr' id='par_1_101' title="bbox 531 5150 2023 5223">
     <span class='ocr_line' id='line_1_101' title="bbox 531 5150 2023 5223; baseline -0.001 -15"><span class='ocrx_word' id='word_1_779' title='bbox 531 5160 705 5223; x_wconf 88' lang='lat' dir='ltr'><strong>piant:</strong></span> <span class='ocrx_word' id='word_1_780' title='bbox 738 5172 848 5223; x_wconf 66' lang='lat' dir='ltr'><strong>quze</strong></span> <span class='ocrx_word' id='word_1_781' title='bbox 882 5165 1056 5221; x_wconf 88' lang='lat' dir='ltr'><strong>aperte</strong></span> <span class='ocrx_word' id='word_1_782' title='bbox 1080 5158 1450 5221; x_wconf 88' lang='lat' dir='ltr'><strong>comprehensa</strong></span> <span class='ocrx_word' id='word_1_783' title='bbox 1480 5158 1660 5207; x_wconf 89' lang='lat' dir='ltr'><strong>vitium</strong></span> <span class='ocrx_word' id='word_1_784' title='bbox 1701 5150 2023 5207; x_wconf 41' lang='lat' dir='ltr'><strong>adfert.‘At~</strong></span> 
     </span>
    </p>
   </div>
   <div class='ocr_carea' id='block_1_102' title="bbox 535 5241 2026 5310">
    <p class='ocr_par' dir='ltr' id='par_1_102' title="bbox 535 5241 2026 5310">
     <span class='ocr_line' id='line_1_102' title="bbox 535 5241 2026 5310; baseline 0 -17"><span class='ocrx_word' id='word_1_785' title='bbox 535 5253 701 5294; x_wconf 88' lang='lat' dir='ltr'><strong>tamen</strong></span> <span class='ocrx_word' id='word_1_786' title='bbox 738 5249 924 5301; x_wconf 75' lang='lat' dir='ltr'><strong>statuta</strong></span> <span class='ocrx_word' id='word_1_787' title='bbox 961 5242 1124 5293; x_wconf 88' lang='lat' dir='ltr'><strong>sancti</strong></span> <span class='ocrx_word' id='word_1_788' title='bbox 1153 5241 1397 5293; x_wconf 80' lang='lat' dir='ltr'><strong>Bouifacii</strong></span> <span class='ocrx_word' id='word_1_789' title='bbox 1427 5241 1702 5310; x_wconf 78' lang='lat' dir='ltr'><strong>Moguntini</strong></span> <span class='ocrx_word' id='word_1_790' title='bbox 1732 5244 1825 5294; x_wconf 90' lang='lat' dir='ltr'><strong>sub</strong></span> <span class='ocrx_word' id='word_1_791' title='bbox 1852 5244 2026 5294; x_wconf 79' lang='lat' dir='ltr'><strong>eundi-</strong></span> 
     </span>
    </p>
   </div>
   <div class='ocr_carea' id='block_1_103' title="bbox 532 5330 2023 5396">
    <p class='ocr_par' dir='ltr' id='par_1_103' title="bbox 532 5330 2023 5396">
     <span class='ocr_line' id='line_1_103' title="bbox 532 5330 2023 5396; baseline 0.001 -15"><span class='ocrx_word' id='word_1_792' title='bbox 532 5333 669 5382; x_wconf 89' lang='lat' dir='ltr'><strong>tione</strong></span> <span class='ocrx_word' id='word_1_793' title='bbox 709 5331 1063 5396; x_wconf 85' lang='lat' dir='ltr'><strong>baptizandum</strong></span> <span class='ocrx_word' id='word_1_794' title='bbox 1114 5330 1379 5392; x_wconf 86' lang='lat' dir='ltr'><strong>sanciunt,</strong></span> <span class='ocrx_word' id='word_1_795' title='bbox 1430 5346 1544 5396; x_wconf 88' lang='lat' dir='ltr'><strong>cap.</strong></span> <span class='ocrx_word' id='word_1_796' title='bbox 1583 5332 1666 5383; x_wconf 67' lang='lat'><strong>28.</strong></span> <span class='ocrx_word' id='word_1_797' title='bbox 1717 5331 1805 5384; x_wconf 88' lang='lat' dir='ltr'><strong>llis</strong></span> <span class='ocrx_word' id='word_1_798' title='bbox 1854 5340 2023 5383; x_wconf 87' lang='lat' dir='ltr'><strong>tamen</strong></span> 
     </span>
    </p>
   </div>
   <div class='ocr_carea' id='block_1_104' title="bbox 532 5415 2024 5484">
    <p class='ocr_par' dir='ltr' id='par_1_104' title="bbox 532 5415 2024 5484">
     <span class='ocr_line' id='line_1_104' title="bbox 532 5415 2024 5484; baseline 0.003 -19"><span class='ocrx_word' id='word_1_799' title='bbox 532 5416 702 5467; x_wconf 79' lang='lat' dir='ltr'><strong>verbis</strong></span> <span class='ocrx_word' id='word_1_800' title='bbox 728 5418 1003 5480; x_wconf 68' lang='lat' dir='ltr'><strong>prtemissis</strong></span> <span class='ocrx_word' id='word_1_801' title='bbox 1034 5434 1045 5466; x_wconf 91' lang='lat'>:</span> <span class='ocrx_word' id='word_1_802' title='bbox 1075 5415 1183 5469; x_wconf 84' lang='lat' dir='ltr'><strong>Non</strong></span> <span class='ocrx_word' id='word_1_803' title='bbox 1215 5424 1263 5470; x_wconf 88' lang='lat' dir='ltr'><strong>te</strong></span> <span class='ocrx_word' id='word_1_804' title='bbox 1298 5418 1579 5484; x_wconf 88' lang='lat' dir='ltr'><strong>rebaptizo,</strong></span> <span class='ocrx_word' id='word_1_805' title='bbox 1612 5420 1701 5470; x_wconf 90' lang='lat' dir='ltr'><strong>sed</strong></span> <span class='ocrx_word' id='word_1_806' title='bbox 1731 5420 1770 5471; x_wconf 90' lang='lat' dir='ltr'><strong>si</strong></span> <span class='ocrx_word' id='word_1_807' title='bbox 1800 5420 2024 5470; x_wconf 82' lang='lat' dir='ltr'><strong>nonduin</strong></span> 
     </span>
    </p>
   </div>
   <div class='ocr_carea' id='block_1_105' title="bbox 532 5505 2021 5574">
    <p class='ocr_par' dir='ltr' id='par_1_105' title="bbox 532 5505 2021 5574">
     <span class='ocr_line' id='line_1_105' title="bbox 532 5505 2021 5574; baseline 0.003 -21"><span class='ocrx_word' id='word_1_808' title='bbox 532 5518 586 5554; x_wconf 86' lang='lat' dir='ltr'><strong>es</strong></span> <span class='ocrx_word' id='word_1_809' title='bbox 611 5505 910 5571; x_wconf 75' lang='lat' dir='ltr'><strong>baptizatus,</strong></span> <span class='ocrx_word' id='word_1_810' title='bbox 947 5507 1151 5574; x_wconf 84' lang='lat' dir='ltr'><strong>baptizo</strong></span> <span class='ocrx_word' id='word_1_811' title='bbox 1180 5517 1225 5560; x_wconf 91' lang='lat' dir='ltr'><strong>te</strong></span> <span class='ocrx_word' id='word_1_812' title='bbox 1271 5508 1319 5559; x_wconf 90' lang='lat' dir='ltr'><strong>in</strong></span> <span class='ocrx_word' id='word_1_813' title='bbox 1347 5508 1552 5561; x_wconf 88' lang='lat' dir='ltr'><strong>nomine</strong></span> <span class='ocrx_word' id='word_1_814' title='bbox 1582 5506 1772 5571; x_wconf 83' lang='lat' dir='ltr'><strong>Patris,</strong></span> <span class='ocrx_word' id='word_1_815' title='bbox 1804 5517 1853 5561; x_wconf 82' lang='lat' dir='ltr'><strong>ct</strong></span> <span class='ocrx_word' id='word_1_816' title='bbox 1885 5507 2021 5571; x_wconf 86' lang='lat' dir='ltr'><strong>Filii,</strong></span> 
     </span>
    </p>
   </div>
   <div class='ocr_carea' id='block_1_106' title="bbox 2118 4371 3228 4453">
    <p class='ocr_par' dir='ltr' id='par_1_106' title="bbox 2118 4371 3228 4453">
     <span class='ocr_line' id='line_1_106' title="bbox 2118 4371 3228 4453; baseline 0.005 -32"><span class='ocrx_word' id='word_1_817' title='bbox 2118 4371 2457 4453; x_wconf 53' lang='lat' dir='ltr'><strong>baptisnii,.et</strong></span> <span class='ocrx_word' id='word_1_818' title='bbox 2480 4371 2621 4423; x_wconf 87' lang='lat' dir='ltr'><strong>illum</strong></span> <span class='ocrx_word' id='word_1_819' title='bbox 2655 4388 2749 4440; x_wconf 90' lang='lat' dir='ltr'><strong>pro</strong></span> <span class='ocrx_word' id='word_1_820' title='bbox 2779 4373 2994 4426; x_wconf 91' lang='lat' dir='ltr'><strong>ridiculo</strong></span> <span class='ocrx_word' id='word_1_821' title='bbox 3023 4375 3228 4427; x_wconf 85' lang='lat' dir='ltr'><strong>habeat.</strong></span> 
     </span>
    </p>
   </div>
   <div class='ocr_carea' id='block_1_107' title="bbox 2120 4474 3644 4549">
    <p class='ocr_par' dir='ltr' id='par_1_107' title="bbox 2120 4474 3644 4549">
     <span class='ocr_line' id='line_1_107' title="bbox 2120 4474 3644 4549; baseline 0.005 -18"><span class='ocrx_word' id='word_1_822' title='bbox 2120 4478 2313 4531; x_wconf 80' lang='lat' dir='ltr'><strong>Selecta</strong></span> <span class='ocrx_word' id='word_1_823' title='bbox 2332 4494 2392 4530; x_wconf 78' lang='lat' dir='ltr'><strong>ea:</strong></span> <span class='ocrx_word' id='word_1_824' title='bbox 2410 4478 2619 4530; x_wconf 83' lang='lat' dir='ltr'><strong>Summa</strong></span> <span class='ocrx_word' id='word_1_825' title='bbox 2634 4496 2727 4531; x_wconf 79' lang='lat' dir='ltr'><strong>ms.</strong></span> <span class='ocrx_word' id='word_1_826' title='bbox 2754 4479 2954 4549; x_wconf 82' lang='lat' dir='ltr'><strong>Roberti</strong></span> <span class='ocrx_word' id='word_1_827' title='bbox 2980 4482 3206 4549; x_wconf 73' lang='lat' dir='ltr'><strong>magistri</strong></span> <span class='ocrx_word' id='word_1_828' title='bbox 3225 4484 3289 4535; x_wconf 80' lang='lat' dir='ltr'><strong>de</strong></span> <span class='ocrx_word' id='word_1_829' title='bbox 3310 4474 3551 4549; x_wconf 60' lang='lat' dir='ltr'><strong>Cliorgon</strong></span> <span class='ocrx_word' id='word_1_830' title='bbox 3585 4487 3644 4539; x_wconf 75' lang='lat' dir='ltr'><strong>in</strong></span> 
     </span>
    </p>
   </div>
   <div class='ocr_carea' id='block_1_108' title="bbox 2586 4548 3152 4615">
    <p class='ocr_par' dir='ltr' id='par_1_108' title="bbox 2586 4548 3152 4615">
     <span class='ocr_line' id='line_1_108' title="bbox 2586 4548 3152 4615; baseline 0.011 -20"><span class='ocrx_word' id='word_1_831' title='bbox 2586 4557 2763 4613; x_wconf 67' lang='grc' dir='ltr'><strong>φωτί.</strong></span> <span class='ocrx_word' id='word_1_832' title='bbox 2792 4548 2858 4599; x_wconf 81' lang='lat'><strong>58</strong></span> <span class='ocrx_word' id='word_1_833' title='bbox 2878 4587 2892 4609; x_wconf 89' lang='lat'><strong>,</strong></span> <span class='ocrx_word' id='word_1_834' title='bbox 2923 4565 3034 4615; x_wconf 82' lang='lat' dir='ltr'><strong>cup.</strong></span> <span class='ocrx_word' id='word_1_835' title='bbox 3070 4548 3152 4602; x_wconf 83' lang='grc'><strong>10.</strong></span> 
     </span>
    </p>
   </div>
   <div class='ocr_carea' id='block_1_109' title="bbox 2188 4634 3643 4703">
    <p class='ocr_par' dir='ltr' id='par_1_109' title="bbox 2188 4634 3643 4703">
     <span class='ocr_line' id='line_1_109' title="bbox 2188 4634 3643 4703; baseline 0.007 -19"><span class='ocrx_word' id='word_1_836' title='bbox 2188 4634 2277 4684; x_wconf 88' lang='lat' dir='ltr'><strong>llle</strong></span> <span class='ocrx_word' id='word_1_837' title='bbox 2310 4634 2398 4698; x_wconf 90' lang='lat' dir='ltr'><strong>qui</strong></span> <span class='ocrx_word' id='word_1_838' title='bbox 2422 4634 2703 4698; x_wconf 81' lang='lat' dir='ltr'><strong>immergit,</strong></span> <span class='ocrx_word' id='word_1_839' title='bbox 2741 4634 2783 4684; x_wconf 93' lang='lat' dir='ltr'><strong>si</strong></span> <span class='ocrx_word' id='word_1_840' title='bbox 2808 4635 3026 4687; x_wconf 88' lang='lat' dir='ltr'><strong>intendit</strong></span> <span class='ocrx_word' id='word_1_841' title='bbox 3052 4637 3102 4689; x_wconf 93' lang='lat' dir='ltr'><strong>id</strong></span> <span class='ocrx_word' id='word_1_842' title='bbox 3135 4639 3274 4703; x_wconf 91' lang='lat' dir='ltr'><strong>quod</strong></span> <span class='ocrx_word' id='word_1_843' title='bbox 3299 4638 3422 4691; x_wconf 84' lang='lat' dir='ltr'><strong>facit</strong></span> <span class='ocrx_word' id='word_1_844' title='bbox 3449 4639 3643 4694; x_wconf 76' lang='lat' dir='ltr'><strong>Eccle-</strong></span> 
     </span>
    </p>
   </div>
   <div class='ocr_carea' id='block_1_110' title="bbox 2119 4720 3643 4786">
    <p class='ocr_par' dir='ltr' id='par_1_110' title="bbox 2119 4720 3643 4786">
     <span class='ocr_line' id='line_1_110' title="bbox 2119 4720 3643 4786; baseline 0.005 -13"><span class='ocrx_word' id='word_1_845' title='bbox 2119 4723 2195 4773; x_wconf 91' lang='lat' dir='ltr'><strong>sia</strong></span> <span class='ocrx_word' id='word_1_846' title='bbox 2221 4720 2414 4781; x_wconf 87' lang='lat' dir='ltr'><strong>t‘acere,</strong></span> <span class='ocrx_word' id='word_1_847' title='bbox 2445 4728 2497 4772; x_wconf 86' lang='lat' dir='ltr'><strong>et</strong></span> <span class='ocrx_word' id='word_1_848' title='bbox 2520 4736 2583 4772; x_wconf 84' lang='lat' dir='ltr'><strong>eo</strong></span> <span class='ocrx_word' id='word_1_849' title='bbox 2605 4720 2705 4773; x_wconf 91' lang='lat' dir='ltr'><strong>ﬁne</strong></span> <span class='ocrx_word' id='word_1_850' title='bbox 2729 4736 2829 4786; x_wconf 90' lang='lat' dir='ltr'><strong>quo</strong></span> <span class='ocrx_word' id='word_1_851' title='bbox 2852 4722 2975 4775; x_wconf 81' lang='lat' dir='ltr'><strong>facit</strong></span> <span class='ocrx_word' id='word_1_852' title='bbox 3000 4723 3231 4777; x_wconf 87' lang='lat' dir='ltr'><strong>Ecclesia</strong></span> <span class='ocrx_word' id='word_1_853' title='bbox 3250 4764 3264 4786; x_wconf 93' lang='lat'><strong>,</strong></span> <span class='ocrx_word' id='word_1_854' title='bbox 3296 4741 3399 4778; x_wconf 88' lang='lat' dir='ltr'><strong>non</strong></span> <span class='ocrx_word' id='word_1_855' title='bbox 3426 4735 3514 4780; x_wconf 78' lang='lat' dir='ltr'><strong>est</strong></span> <span class='ocrx_word' id='word_1_856' title='bbox 3540 4731 3643 4781; x_wconf 85' lang='lat' dir='ltr'><strong>du-</strong></span> 
     </span>
    </p>
   </div>
   <div class='ocr_carea' id='block_1_111' title="bbox 2120 4810 3644 4881">
    <p class='ocr_par' dir='ltr' id='par_1_111' title="bbox 2120 4810 3644 4881">
     <span class='ocr_line' id='line_1_111' title="bbox 2120 4810 3644 4881; baseline 0.007 -22"><span class='ocrx_word' id='word_1_857' title='bbox 2120 4810 2257 4860; x_wconf 92' lang='lat' dir='ltr'><strong>bium</strong></span> <span class='ocrx_word' id='word_1_858' title='bbox 2286 4811 2410 4876; x_wconf 87' lang='lat' dir='ltr'><strong>quin</strong></span> <span class='ocrx_word' id='word_1_859' title='bbox 2436 4811 2681 4877; x_wconf 84' lang='lat' dir='ltr'><strong>baptizet.</strong></span> <span class='ocrx_word' id='word_1_860' title='bbox 2721 4811 2820 4862; x_wconf 88' lang='lat' dir='ltr'><strong>Sed</strong></span> <span class='ocrx_word' id='word_1_861' title='bbox 2852 4813 2938 4877; x_wconf 91' lang='lat' dir='ltr'><strong>qui</strong></span> <span class='ocrx_word' id='word_1_862' title='bbox 2975 4812 3194 4864; x_wconf 87' lang='lat' dir='ltr'><strong>intendit</strong></span> <span class='ocrx_word' id='word_1_863' title='bbox 3222 4812 3541 4881; x_wconf 80' lang='lat' dir='ltr'><strong>immergere</strong></span> <span class='ocrx_word' id='word_1_864' title='bbox 3573 4832 3644 4869; x_wconf 79' lang='lat' dir='ltr'><strong>eo</strong></span> 
     </span>
    </p>
   </div>
   <div class='ocr_carea' id='block_1_112' title="bbox 2122 4897 3640 4963">
    <p class='ocr_par' dir='ltr' id='par_1_112' title="bbox 2122 4897 3640 4963">
     <span class='ocr_line' id='line_1_112' title="bbox 2122 4897 3640 4963; baseline 0.007 -18"><span class='ocrx_word' id='word_1_865' title='bbox 2122 4897 2272 4948; x_wconf 88' lang='lat' dir='ltr'><strong>modo</strong></span> <span class='ocrx_word' id='word_1_866' title='bbox 2300 4912 2401 4962; x_wconf 89' lang='lat' dir='ltr'><strong>quo</strong></span> <span class='ocrx_word' id='word_1_867' title='bbox 2442 4897 2671 4949; x_wconf 87' lang='lat' dir='ltr'><strong>Ecclesia</strong></span> <span class='ocrx_word' id='word_1_868' title='bbox 2701 4899 2849 4949; x_wconf 84' lang='lat' dir='ltr'><strong>ducet</strong></span> <span class='ocrx_word' id='word_1_869' title='bbox 2872 4938 2884 4959; x_wconf 92' lang='lat'><strong>,</strong></span> <span class='ocrx_word' id='word_1_870' title='bbox 2930 4900 3019 4951; x_wconf 84' lang='lat' dir='ltr'><strong>sed</strong></span> <span class='ocrx_word' id='word_1_871' title='bbox 3048 4908 3216 4950; x_wconf 90' lang='lat' dir='ltr'><strong>tamen</strong></span> <span class='ocrx_word' id='word_1_872' title='bbox 3252 4913 3354 4950; x_wconf 86' lang='lat' dir='ltr'><strong>non</strong></span> <span class='ocrx_word' id='word_1_873' title='bbox 3383 4900 3640 4963; x_wconf 86' lang='lat' dir='ltr'><strong>intendit,</strong></span> 
     </span>
    </p>
   </div>
   <div class='ocr_carea' id='block_1_113' title="bbox 2121 4983 3644 5053">
    <p class='ocr_par' dir='ltr' id='par_1_113' title="bbox 2121 4983 3644 5053">
     <span class='ocr_line' id='line_1_113' title="bbox 2121 4983 3644 5053; baseline 0.007 -18"><span class='ocrx_word' id='word_1_874' title='bbox 2121 4984 2354 5035; x_wconf 78' lang='lat' dir='ltr'><strong>conferre</strong></span> <span class='ocrx_word' id='word_1_875' title='bbox 2395 4983 2619 5036; x_wconf 79' lang='lat' dir='ltr'><strong>fructum</strong></span> <span class='ocrx_word' id='word_1_876' title='bbox 2660 4986 2935 5050; x_wconf 83' lang='lat' dir='ltr'><strong>baptismi,</strong></span> <span class='ocrx_word' id='word_1_877' title='bbox 2986 4987 3139 5040; x_wconf 90' lang='lat' dir='ltr'><strong>alicui</strong></span> <span class='ocrx_word' id='word_1_878' title='bbox 3176 4997 3346 5053; x_wconf 89' lang='lat' dir='ltr'><strong>potest</strong></span> <span class='ocrx_word' id='word_1_879' title='bbox 3382 5003 3504 5043; x_wconf 81' lang='lat' dir='ltr'><strong>esse</strong></span> <span class='ocrx_word' id='word_1_880' title='bbox 3539 4991 3644 5045; x_wconf 83' lang='lat' dir='ltr'><strong>du-</strong></span> 
     </span>
    </p>
   </div>
   <div class='ocr_carea' id='block_1_114' title="bbox 2121 5071 3645 5141">
    <p class='ocr_par' dir='ltr' id='par_1_114' title="bbox 2121 5071 3645 5141">
     <span class='ocr_line' id='line_1_114' title="bbox 2121 5071 3645 5141; baseline 0.009 -20"><span class='ocrx_word' id='word_1_881' title='bbox 2121 5071 2279 5131; x_wconf 89' lang='lat' dir='ltr'><strong>bium,</strong></span> <span class='ocrx_word' id='word_1_882' title='bbox 2312 5073 2435 5138; x_wconf 90' lang='lat' dir='ltr'><strong>quin</strong></span> <span class='ocrx_word' id='word_1_883' title='bbox 2474 5072 2735 5139; x_wconf 86' lang='lat' dir='ltr'><strong>baptizet:</strong></span> <span class='ocrx_word' id='word_1_884' title='bbox 2764 5084 2884 5139; x_wconf 89' lang='lat' dir='ltr'><strong>puta</strong></span> <span class='ocrx_word' id='word_1_885' title='bbox 2931 5074 3119 5141; x_wconf 77' lang='lat' dir='ltr'><strong>aliquis</strong></span> <span class='ocrx_word' id='word_1_886' title='bbox 3160 5075 3325 5128; x_wconf 89' lang='lat' dir='ltr'><strong>ﬁdelis</strong></span> <span class='ocrx_word' id='word_1_887' title='bbox 3362 5079 3645 5134; x_wconf 76' lang='lat' dir='ltr'><strong>commisit</strong></span> 
     </span>
    </p>
   </div>
   <div class='ocr_carea' id='block_1_115' title="bbox 2120 5158 3641 5230">
    <p class='ocr_par' dir='ltr' id='par_1_115' title="bbox 2120 5158 3641 5230">
     <span class='ocr_line' id='line_1_115' title="bbox 2120 5158 3641 5230; baseline 0.006 -21"><span class='ocrx_word' id='word_1_888' title='bbox 2120 5158 2389 5224; x_wconf 87' lang='lat' dir='ltr'><strong>parvulum</strong></span> <span class='ocrx_word' id='word_1_889' title='bbox 2436 5175 2585 5210; x_wconf 90' lang='lat' dir='ltr'><strong>suum</strong></span> <span class='ocrx_word' id='word_1_890' title='bbox 2609 5160 2803 5211; x_wconf 85' lang='lat' dir='ltr'><strong>inﬁdeli</strong></span> <span class='ocrx_word' id='word_1_891' title='bbox 2843 5176 2957 5212; x_wconf 86' lang='lat' dir='ltr'><strong>cum</strong></span> <span class='ocrx_word' id='word_1_892' title='bbox 3000 5174 3216 5229; x_wconf 81' lang='lat' dir='ltr'><strong>peregre</strong></span> <span class='ocrx_word' id='word_1_893' title='bbox 3238 5163 3509 5230; x_wconf 80' lang='lat' dir='ltr'><strong>profectus</strong></span> <span class='ocrx_word' id='word_1_894' title='bbox 3528 5176 3641 5227; x_wconf 86' lang='lat' dir='ltr'><strong>est,</strong></span> 
     </span>
    </p>
   </div>
   <div class='ocr_carea' id='block_1_116' title="bbox 2123 5244 3638 5317">
    <p class='ocr_par' dir='ltr' id='par_1_116' title="bbox 2123 5244 3638 5317">
     <span class='ocr_line' id='line_1_116' title="bbox 2123 5244 3638 5317; baseline 0.008 -22"><span class='ocrx_word' id='word_1_895' title='bbox 2123 5247 2209 5296; x_wconf 90' lang='lat' dir='ltr'><strong>tali</strong></span> <span class='ocrx_word' id='word_1_896' title='bbox 2241 5244 2441 5311; x_wconf 79' lang='lat' dir='ltr'><strong>adjecta</strong></span> <span class='ocrx_word' id='word_1_897' title='bbox 2470 5248 2791 5307; x_wconf 88' lang='lat' dir='ltr'><strong>conditione,</strong></span> <span class='ocrx_word' id='word_1_898' title='bbox 2823 5251 2960 5313; x_wconf 89' lang='lat' dir='ltr'><strong>quod</strong></span> <span class='ocrx_word' id='word_1_899' title='bbox 2985 5250 3026 5300; x_wconf 91' lang='lat' dir='ltr'><strong>si</strong></span> <span class='ocrx_word' id='word_1_900' title='bbox 3058 5250 3245 5302; x_wconf 88' lang='lat' dir='ltr'><strong>viderit</strong></span> <span class='ocrx_word' id='word_1_901' title='bbox 3266 5251 3548 5317; x_wconf 82' lang='lat' dir='ltr'><strong>parvulum</strong></span> <span class='ocrx_word' id='word_1_902' title='bbox 3582 5256 3638 5307; x_wconf 84' lang='lat' dir='ltr'><strong>iu</strong></span> 
     </span>
    </p>
   </div>
   <div class='ocr_carea' id='block_1_117' title="bbox 2120 5332 3637 5402">
    <p class='ocr_par' dir='ltr' id='par_1_117' title="bbox 2120 5332 3637 5402">
     <span class='ocr_line' id='line_1_117' title="bbox 2120 5332 3637 5402; baseline 0.007 -21"><span class='ocrx_word' id='word_1_903' title='bbox 2120 5334 2367 5384; x_wconf 75' lang='lat' dir='ltr'><strong>extremis</strong></span> <span class='ocrx_word' id='word_1_904' title='bbox 2397 5332 2715 5385; x_wconf 88' lang='lat' dir='ltr'><strong>laborantem</strong></span> <span class='ocrx_word' id='word_1_905' title='bbox 2736 5371 2749 5393; x_wconf 94' lang='lat'><strong>,</strong></span> <span class='ocrx_word' id='word_1_906' title='bbox 2780 5349 2895 5384; x_wconf 89' lang='lat' dir='ltr'><strong>eum</strong></span> <span class='ocrx_word' id='word_1_907' title='bbox 2923 5336 3057 5386; x_wconf 90' lang='lat' dir='ltr'><strong>trina</strong></span> <span class='ocrx_word' id='word_1_908' title='bbox 3082 5336 3306 5402; x_wconf 85' lang='lat' dir='ltr'><strong>baptizet</strong></span> <span class='ocrx_word' id='word_1_909' title='bbox 3333 5337 3637 5392; x_wconf 69' lang='lat' dir='ltr'><strong>immersit)-</strong></span> 
     </span>
    </p>
   </div>
   <div class='ocr_carea' id='block_1_118' title="bbox 2122 5420 3641 5492">
    <p class='ocr_par' dir='ltr' id='par_1_118' title="bbox 2122 5420 3641 5492">
     <span class='ocr_line' id='line_1_118' title="bbox 2122 5420 3641 5492; baseline 0.005 -22"><span class='ocrx_word' id='word_1_910' title='bbox 2122 5436 2207 5481; x_wconf 89' lang='lat' dir='ltr'><strong>ne,</strong></span> <span class='ocrx_word' id='word_1_911' title='bbox 2234 5420 2329 5472; x_wconf 91' lang='lat' dir='ltr'><strong>sub</strong></span> <span class='ocrx_word' id='word_1_912' title='bbox 2354 5421 2595 5486; x_wconf 68' lang='lat' dir='ltr'><strong>prredicta</strong></span> <span class='ocrx_word' id='word_1_913' title='bbox 2632 5420 2792 5474; x_wconf 67' lang='lat' dir='ltr'><strong>forma</strong></span> <span class='ocrx_word' id='word_1_914' title='bbox 2827 5425 3098 5475; x_wconf 79' lang='lat' dir='ltr'><strong>verborum</strong></span> <span class='ocrx_word' id='word_1_915' title='bbox 3119 5463 3133 5485; x_wconf 89' lang='lat'><strong>,</strong></span> <span class='ocrx_word' id='word_1_916' title='bbox 3178 5437 3334 5490; x_wconf 84' lang='lat' dir='ltr'><strong>quam</strong></span> <span class='ocrx_word' id='word_1_917' title='bbox 3376 5425 3465 5480; x_wconf 87' lang='lat' dir='ltr'><strong>ille</strong></span> <span class='ocrx_word' id='word_1_918' title='bbox 3488 5426 3641 5492; x_wconf 54' lang='grc' dir='ltr'><strong>θεῷ.-</strong></span> 
     </span>
    </p>
   </div>
   <div class='ocr_carea' id='block_1_119' title="bbox 2123 5507 3639 5578">
    <p class='ocr_par' dir='ltr' id='par_1_119' title="bbox 2123 5507 3639 5578">
     <span class='ocr_line' id='line_1_119' title="bbox 2123 5507 3639 5578; baseline 0.006 -19"><span class='ocrx_word' id='word_1_919' title='bbox 2123 5509 2206 5559; x_wconf 89' lang='lat' dir='ltr'><strong>cit.</strong></span> <span class='ocrx_word' id='word_1_920' title='bbox 2247 5507 2299 5557; x_wconf 88' lang='grc' dir='ltr'><strong>ιιι</strong></span> <span class='ocrx_word' id='word_1_921' title='bbox 2333 5507 2417 5559; x_wconf 90' lang='lat' dir='ltr'><strong>tali</strong></span> <span class='ocrx_word' id='word_1_922' title='bbox 2450 5522 2571 5559; x_wconf 89' lang='lat' dir='ltr'><strong>casu</strong></span> <span class='ocrx_word' id='word_1_923' title='bbox 2598 5509 2818 5561; x_wconf 88' lang='lat' dir='ltr'><strong>dicimus</strong></span> <span class='ocrx_word' id='word_1_924' title='bbox 2845 5511 2980 5574; x_wconf 89' lang='lat' dir='ltr'><strong>quod</strong></span> <span class='ocrx_word' id='word_1_925' title='bbox 3010 5511 3114 5575; x_wconf 90' lang='lat' dir='ltr'><strong>ille,</strong></span> <span class='ocrx_word' id='word_1_926' title='bbox 3154 5526 3213 5563; x_wconf 80' lang='lat' dir='ltr'><strong>ex</strong></span> <span class='ocrx_word' id='word_1_927' title='bbox 3243 5527 3348 5578; x_wconf 87' lang='lat' dir='ltr'><strong>quo</strong></span> <span class='ocrx_word' id='word_1_928' title='bbox 3375 5514 3520 5566; x_wconf 82' lang='lat' dir='ltr'><strong>serio</strong></span> <span class='ocrx_word' id='word_1_929' title='bbox 3548 5514 3639 5568; x_wconf 42' lang='lat' dir='ltr'><strong>iuv-</strong></span> 
     </span>
    </p>
   </div>
  </div>
