3926 6216
281 318 426 375 1125

1385 322 1931 377 OBSERVATIONES
1969 328 2051 379 ΕΤ
2093 328 2311 387 ΝΟΤᾸΞ.

3293 333 3426 383 1:26

273 431 454 482 lc::dit
498 430 763 498 baptizare
791 470 802 492 ,
850 445 911 483 eo
960 433 1110 484 modo
1144 447 1246 499 quo
1276 431 1503 498 baptizat
1544 430 1796 492 Ecclesia,

1911 446 1997 482 nec
2046 432 2179 483 ultra
2232 443 2462 506 leuorem
2516 434 2746 499 paternis
2786 435 3074 490 canOuibus
3121 437 3420 502 deputatum

273 515 397 582 ipse
419 518 532 570 sine
557 518 714 570 dubio
743 521 966 586 baptizat
993 539 1002 570 :
1031 521 1267 586 quamvis
1291 536 1390 571 non
1420 519 1553 572 ferat
1575 521 1807 571 animum

273 603 346 653 ad
382 603 609 658 fructum
653 607 924 674 baptismi,
971 608 1076 662 imo
1107 623 1202 675 pro
1230 608 1451 660 ridiculo
1477 608 1665 660 habeat
1691 621 1804 658 om-

276 699 407 744 nem
433 692 680 746 fructum.

355 778 474 832 Non
519 781 633 834 licet
683 782 897 834 diacono
941 783 1069 835 {dico
1108 783 1445 851 penitentiam
1490 782 1632 833 dare.
1689 779 1804 832 Non

277 870 389 922 nisi
419 880 635 938 cogente
664 873 976 924 necessitate
1003 873 1158 924 licere
1186 873 1311 924 dicit
1339 869 1613 924 concilium
1636 869 1807 920 Elibe—

277 959 542 1023 ritanum,
571 976 686 1013 can.
723 961 790 1013 52
817 978 826 1012 :
873 979 889 1009 ι
919 960 1066 1027 Apud
1099 962 1463 1028 presbyterum
1485 958 1529 1010 si
1553 957 1669 1024 quis
1691 968 1807 1023 gra-

277 1047 334 1098 vi
369 1049 515 1115 lapsu
562 1049 614 1100 in
662 1050 864 1101 ruinam
911 1049 1095 1102 mortis
1137 1049 1399 1110 inciderit,
1434 1047 1628 1115 placuit
1653 1060 1806 1111 agere

275 1135 648 1199 penitentiam
678 1151 781 1188 non
810 1137 1020 1197 debere,
1051 1136 1141 1188 sed
1171 1137 1344 1203 potius
1371 1135 1436 1186 ad
1466 1136 1803 1201 episcopum:

275 1229 503 1286 cogente
531 1229 702 1300 tamen
733 1222 1064 1283 inﬁrmitate,
1099 1237 1312 1275 necesse
1336 1230 1416 1274 est
1444 1221 1803 1289 presbyterum

277 1308 704 1362 eomtnunioncm
727 1320 977 1377 prtestare
1003 1310 1210 1370 debere,
1254 1318 1306 1362 et
1336 1309 1609 1362 diaconum
1636 1347 1651 1370 ,
1688 1309 1730 1360 si
1758 1307 1805 1359 ei

269 1395 498 1462 jusserit
538 1397 798 1450 sacerdos.
831 1416 848 1447 ι
893 1397 1119 1450 Sanctus
1166 1396 1456 1466 Cyprianus
1503 1397 1554 1448 in
1593 1411 1677 1463 ep.
1704 1394 1803 1446 12:

283 1500 302 1530 α
334 1481 392 1534 Si
439 1484 769 1537 incommodo
798 1483 971 1550 aliquo
1020 1494 1072 1536 ct
1120 1483 1435 1536 inlirtnihitis
1460 1480 1694 1549 periculo
1720 1494 1807 1531 oc-

278 1571 463 1637 cupati
489 1570 704 1632 fuerint,
730 1586 834 1623 non
856 1581 1152 1638 exspectata
1176 1572 1448 1639 praesentia
1472 1577 1648 1622 nostra
1671 1567 1805 1634 apud

280 1661 651 1728 presbyterum
679 1675 940 1727 quemque
979 1664 1287 1728 praesentem
1307 1699 1320 1718 .
1349 1660 1430 1712 vel
1465 1660 1506 1711 si
1536 1658 1807 1725 presbyter

281 1757 526 1815 repertus
553 1763 656 1801 non
685 1747 958 1811 fuerit,.et
980 1718 1170 1816 urgere
1205 1749 1374 1800 exitus
1399 1747 1646 1813 coeperit,
1674 1744 1809 1812 apud
1842 1718 1882 1773 Β

279 1835 561 1887 diaconum
604 1849 809 1902 quoque
851 1834 1252 1902 exornologesim
1303 1833 1474 1886 facere
1519 1832 1692 1884 delicti
1732 1832 1810 1882 sui

279 1923 507 1989 possint,
539 1930 595 1974 ut
627 1938 781 1974 manu
811 1923 888 1975 eis
925 1922 974 1973 iu
1003 1922 1308 1990 pmnitentia
1331 1921 1566 1988 imposita
1600 1921 1813 1972 veniant

279 2009 350 2060 ad
396 2008 669 2060 Dominum
713 2023 830 2061 cum
886 2023 1032 2075 pace.
1071 2028 1088 2058 ι
1152 2005 1217 2060 Et
1269 2008 1477 2075 quidem
1527 2007 1810 2058 secundum

278 2093 530 2159 Optatum
571 2101 624 2147 et
660 2094 1033 2162 Hieronymum
1059 2095 1261 2147 diaconi
1288 2101 1411 2146 sunt
1439 2092 1489 2145 in
1518 2092 1670 2144 tertio
1696 2106 1814 2159 gra-

277 2184 350 2232 du
379 2183 674 2235 sacerdotii.
712 2168 840 2236 Vide
886 2183 1228 2249 Halitgarium
1271 2182 1321 2234 in
1365 2179 1670 2249 praefatione
1695 2178 1814 2232 Ρω-

281 2269 571 2322 nitcntialis
606 2270 861 2332 Romani;
913 2270 1232 2338 Regiuonem
1259 2309 1274 2332 ,
1319 2269 1408 2320 lib.
1438 2285 1453 2320 ι
1479 2270 1541 2321 de
1567 2267 1814 2321 ecclesia-

278 2359 434 2412 sticis
460 2359 774 2425 Disciplinis,
792 2358 993 2419 295,ex
1018 2356 1366 2410 Pceuitentiali
1385 2357 1647 2415 Romano;
1676 2355 1812 2408 sicut

281 2451 424 2500 enim
448 2448 762 2501 sacrilieium
787 2446 976 2500 oli‘errc
1012 2461 1114 2498 non
1145 2446 1334 2498 debent
1367 2445 1465 2496 nisi
1506 2443 1734 2511 episcopi
1763 2450 1815 2496 et

281 2537 619 2605 presbyteri,
667 2535 858 2602 quibus
905 2533 1078 2588 claves
1131 2532 1274 2601 rqni
1326 2529 1553 2605 caelestis
1608 2527 1818 2582 traditze

281 2604 408 2677 Sunt
427 2663 441 2685 ,
491 2623 567 2676 sic
591 2636 686 2675 nec
708 2621 1074 2690 pmnitentium
1099 2619 1294 2685 judicia
1323 2604 1410 2668 alii
1439 2618 1702 2681 usurpare‘
1719 2625 1810 2666 oe—

282 2714 427 2766 lreut.
457 2712 594 2765 296:
641 2730 660 2761 ι
690 2709 746 2763 Si
787 2718 959 2762 autem
985 2708 1268 2760 necessitas
1292 2704 1548 2766 evenerit,
1580 2710 1633 2754 et
1659 2716 1811 2769 pres-

279 2805 438 2871 byter
465 2816 568 2854 non
608 2800 763 2853 fuerit
793 2813 1023 2868 praesens
1043 2837 1057 2860 ,
1094 2797 1346 2850 diaconus
1368 2791 1616 2858 suscipiat
1643 2790 1814 2858 paeni-

283 2897 486 2941 tentem
541 2888 605 2940 ad
672 2894 908 2938 sanctam
969 2881 1405 2935 communionem.
1435 2897 1451 2927 ι
1505 2877 1813 2928 Theodorus

282 2976 553 3044 subjungit
577 2990 591 3026 :
620 2993 637 3024 ι
663 2973 764 3027 Sed
782 2971 1010 3039 episcopi
1028 2978 1120 3022 aut
1131 2966 1419 3035 presbyteri
1441 2955 1566 3016 dare
1588 2963 1808 3062 debent;
1837 3002 1881 3062 Ο

283 3068 332 3120 si
360 3066 653 3134 presbyteri
697 3065 923 3118 habeant
966 3068 1303 3131 potestatem,
1353 3071 1456 3108 non
1497 3064 1668 3107 tamen
1698 3055 1811 3107 sine

278 3151 431 3218 jussu
476 3151 744 3219 episcopi,
791 3150 925 3202 sicut
964 3147 1240 3217 declarant
1279 3141 1543 3210 prmdictze
1593 3140 1808 3193 Patrum

287 3241 649 3292 auctoritates.
696 3257 714 3288 ι
758 3235 905 3300 Quod
947 3235 1223 3288 conlirmat
1266 3229 1516 3297 magister
1556 3227 1813 3280 Robcrtus

288 3325 356 3378 de
379 3324 618 3398 Chprcon
642 3324 695 3374 in
719 3336 814 3374 sua
839 3319 1075 3373 Summa.

293 3431 495 3484 Selecta
524 3446 585 3482 ex
601 3427 811 3482 Summa
844 3443 936 3478 ms.
972 3425 1202 3494 magistri
1231 3425 1435 3478 Roberti
1463 3425 1526 3494 de
1558 3423 1812 3484 Chorgon,

279 3507 298 3517 '
565 3498 620 3547 in
649 3495 842 3557 Quam.
873 3495 935 3546 de
967 3491 1424 3562 Paehitentia,‘cap.
1455 3492 1540 3545 46.

365 3587 595 3640 Dicimus
622 3584 761 3650 quod
790 3585 891 3636 duo
927 3583 1194 3648 prmmissa
1212 3620 1228 3643 ,
1267 3583 1465 3634 scilicet
1491 3581 1617 3633 dare
1645 3578 1818 3632 consi-

293 3676 447 3734 lium,
474 3681 526 3725 ct
563 3671 920 3739 pmoitentiam
963 3669 1224 3732 indicere,
1265 3670 1578 3722 conveniunt
1606 3667 1818 3720 cuilibet

294 3763 472 3816 alieno
491 3759 750 3813 sacerdoti
775 3775 794 3814 ε,
819 3759 862 3811 si
891 3766 1064 3810 tamen
1106 3758 1298 3810 habeat
1323 3757 1447 3809 illud
1473 3772 1566 3822 per
1594 3755 1818 3822 speciale

297 3849 604 3910 Ii‘iandatum
631 3845 916 3912 superioris
935 3883 950 3905 ,
985 3853 1041 3895 ut
1061 3845 1288 3911 episcopi
1318 3844 1416 3895 loci
1443 3843 1522 3894 vel
1543 3842 1699 3907 legati
1727 3842 1818 3892 do-

229 3930 235 3936 ’
294 3935 427 3987 mini
463 3947 627 4000 papte.
669 3929 816 3983 Unde
847 3929 1152 3982 claustrales
1181 3928 1236 3980 S.
1267 3927 1490 3981 Victoris
1526 3942 1626 3979 non
1659 3926 1820 3978 hahe-

294 4031 417 4074 reut
440 4023 538 4073 hoc
560 4019 657 4072 nisi
689 4019 752 4071 de
777 4017 1021 4070 mandato
1043 4017 1268 4084 episc0pi
1292 4016 1620 4068 Parisiensis.
1673 4013 1819 4066 Unde

295 4121 401 4161 nec
423 4107 520 4172 ipsi
547 4120 643 4158 nec
669 4105 831 4172 aliqui
864 4103 950 4156 alii
981 4105 1092 4156 sine
1131 4104 1375 4156 mandato
1400 4102 1591 4155 domini
1618 4101 1819 4169 cpisco-

293 4193 350 4262 pi
375 4200 591 4261 possunt
613 4204 669 4242 se
697 4191 761 4241 ad
791 4190 888 4242 hoc
912 4189 1196 4240 intrudere.

1905 522 2169 588 quidpiam
2204 532 2403 574 tentare
2431 524 2780 589 permittimus
2805 542 2816 574 τ
2845 526 2968 575 nihil
3006 541 3184 576 eorum
3222 527 3429 591 penit's

1906 626 2000 663 suo
2029 615 2319 666 ministerio
2349 614 2608 680 applicare
2636 629 2751 679 qum
2788 615 2970 680 primis
3008 615 3278 666 ordinibus
3301 631 3427 682 pro-
3505 598 3510 602 I

1903 701 2016 765 prie
2042 701 2271 753 decrevit
2298 701 2601 768 antiquitas.
2653 702 2863 767 Absque
2900 702 3142 767 episcopo
3167 701 3245 753 vel
3274 716 3419 768 pres-

1903 788 2088 856 bytero
2130 789 2398 854 baptizare
2448 803 2548 840 non
2590 792 2839 851 audeant,
2871 791 2999 850 nisi,
3031 790 3291 856 prmdictis
3313 790 3422 841 for-

1905 885 2042 927 tasse
2069 875 2252 928 oiliciis
2280 877 2480 943 longius
2517 877 2843 936 constitutis,
2889 876 3170 929 necessitas
3198 886 3430 928 extrema

1905 963 2066 1026 cogit,
2116 964 2254 1028 quod
2297 971 2350 1014 et
2389 964 2534 1016 laicis
2576 964 2889 1017 Christianis
2934 963 3104 1016 facere
3129 965 3432 1033 plerumque

1904 1049 2223 1101 conceditur.
2257 1069 2275 1099 ›
2729 1068 2733 1072 π

1975 1138 2091 1189 Non
2117 1155 2298 1205 panem
2326 1140 2468 1191 dare.
2501 1138 2658 1191 Cone.
2680 1141 2917 1202 'Lao:lic.,
2945 1155 3061 1194 can.
3091 1141 3158 1192 9.5
3182 1159 3194 1193 :
3239 1162 3255 1188 ι
3282 1140 3430 1205 Quo'l

1904 1239 2006 1276 non
2026 1233 2264 1291 oporteat
2291 1225 2559 1278 ministros
2592 1241 2779 1291 panem
2820 1228 2964 1288 dare,
2993 1227 3072 1278 vel
3108 1227 3322 1280 calicem
3344 1227 3434 1278 bc-

1903 1312 2163 1364 nedicerc.
2205 1313 2458 1364 Diaconos
2485 1312 2674 1380 priscis
2714 1313 2956 1366 Ecclesie
2991 1314 3192 1366 saeculis
3223 1314 3430 1367 dedisse

1904 1412 2090 1464 panem
2119 1391 2170 1450 in
2195 1413 2297 1465 quo
2323 1400 2612 1466 gratiarum
2637 1399 2867 1451 actiones
2892 1408 3013 1451 sunt
3040 1408 3195 1461 actm,
3231 1408 3284 1452 et
3304 1399 3431 1452 cali-

1906 1500 2020 1538 cem
2052 1487 2382 1552 propinasse,
2420 1487 2548 1538 satis
2574 1501 2835 1554 superque
2857 1486 3222 1538 demonstrant
3246 1487 3432 1539 horum

1907 1580 2196 1639 temporum
2219 1571 2428 1624 Patres.
2462 1592 2479 1622 ι
2523 1572 2747 1626 Sanctus
2790 1572 3024 1626 Justinus
3075 1573 3128 1641 in
3185 1573 3434 1641 Apologia

1902 1635 2052 1726 juxta
2090 1659 2369 1710 Eusebium
2411 1659 2617 1725 prima:
2669 1677 2685 1706 ι
2711 1659 2921 1711 Diaconi
2962 1635 3279 1712 distribuunt
3319 1635 3434 1711 uni-

1909 1746 2097 1812 cuique
2136 1746 2469 1812 prtesentium
2498 1786 2511 1807 ,
2561 1760 2698 1807 eum,
2727 1746 2778 1797 in
2805 1760 2907 1812 quo
2931 1746 3111 1813 gratia:
3136 1754 3267 1799 actte
3293 1753 3432 1806 sunt;

1908 1846 2119 1900 panem,
2155 1841 2257 1885 etc.
2300 1833 2464 1885 Porro
2507 1833 2810 1885 alimentum
2852 1833 2951 1884 hoc
2975 1833 3110 1900 apud
3138 1847 3238 1885 nos
3263 1833 3435 1900 appel-

1909 1922 2045 1974 latur
2085 1922 2431 1973 Eucharistia.
2463 1941 2481 1971 ›
2523 1920 2745 1973 Sanctus
2780 1919 3074 1989 Cyprianus
3111 1919 3177 1972 de
3211 1920 3429 1986 Lapsis:

1915 2027 1932 2057 ί
1963 2008 2059 2061 Ubi
2087 2023 2211 2061 vero
2238 2007 2555 2061 solemnibus
2598 2008 2893 2074 adimpletis
2942 2007 3156 2060 calicem
3184 2007 3435 2059 diaconus

1909 2095 2100 2149 offerre
2126 2096 2469 2163 prmsentibus
2512 2095 2698 2161 cmpit,
2740 2103 2842 2147 etc.
2872 2113 2889 2144 ι
2935 2093 3131 2145 Tamen
3160 2093 3443 2146 Tertullia-

1910 2199 2010 2236 nus
2050 2183 2295 2251 Cypriani
2349 2183 2598 2248 magister
2646 2181 2986 2234 Eucharistize
3047 2189 3431 2233 sacramentum

1911 2283 2006 2326 nec
2033 2273 2096 2325 de
2121 2273 2344 2324 aliorum
2387 2286 2542 2324 manu
2583 2285 2739 2337 quam
2776 2270 3163 2338 prmsidentium
3193 2269 3325 2322 sumi
3357 2278 3434 2322 tc-

1909 2370 2078 2415 statur
2099 2361 2189 2413 lib.
2222 2361 2287 2413 de
2313 2360 2539 2422 Corona,
2562 2375 2676 2426 cap.
2707 2360 2760 2411 2.
2803 2359 2990 2412 Postea
3013 2359 3240 2412 Sanctus
3265 2357 3432 2410 Atha-

1909 2449 2088 2502 nasius
2114 2449 2176 2500 de
2199 2447 2521 2515 propinando
2549 2447 2801 2514 sanguine
2844 2446 3038 2499 Christi
3083 2445 3311 2497 atlirmat
3341 2460 3433 2497 ne—

1909 2536 2035 2587 mini
2063 2536 2162 2587 hoc
2187 2533 2366 2596 licere,
2412 2533 2511 2585 nisi
2551 2531 2945 2585 sacerdotibus:
2994 2549 3011 2579 ι
3042 2531 3315 2592 Vestrum,
3349 2530 3431 2582 in-

1910 2622 2025 2688 quit
2069 2621 2118 2672 in
2145 2620 2397 2687 Apol0gia
2437 2621 2683 2680 secunda,
2712 2618 3033 2671 solummodo
3053 2625 3134 2670 est
3154 2617 3434 2684 prepinare

1909 2708 2097 2777 populo
2141 2707 2446 2774 sanguinem
2494 2706 2689 2759 Christi
2714 2744 2730 2768 ,
2757 2715 2828 2762 .et
2873 2715 3126 2773 prmterea
3164 2705 3371 2758 nullius.
3412 2725 3428 2754 ι

1909 2796 2037 2850 Cum
2085 2795 2372 2847 Athanasio
2400 2793 2625 2847 Joannes
2659 2793 3062 2862 Chrysostomus
3098 2794 3174 2848 sic
3206 2795 3436 2862 loquitur

1909 2883 1962 2935 in
1985 2881 2197 2934 bomilia
2224 2880 2291 2933 46
2321 2881 2372 2932 in
2410 2889 2566 2946 caput
2610 2895 2701 2932 χιιι
2727 2880 2953 2933 Matthxi
2979 2897 2991 2930 :
3028 2899 3044 2928 ι
3078 2879 3260 2933 Nonne
3287 2880 3434 2931 vides

1910 2969 2030 3035 quia
2060 2969 2155 3020 soli
2183 2967 2442 3020 sacerdoti
2473 2966 2551 3020 fas
2580 2976 2660 3020 est
2681 2967 2947 3034 sanguinis
2972 2967 3192 3020 calicem
3215 2966 3304 3018 tibi
3330 2974 3432 3018 tra-

1911 3057 2074 3110 dere?
2104 3077 2120 3107 »
2154 3056 2318 3109 Porro
2344 3057 2407 3108 de
2430 3056 2579 3108 istius
2608 3057 2746 3109 modi
2782 3057 2967 3110 ritibus
2995 3064 3200 3123 oportet
3227 3071 3434 3122 semper

1911 3141 2181 3194 attendere
2225 3142 2350 3194 non
2382 3141 2549 3194 solum
2597 3151 2828 3208 tempora
2855 3180 2868 3203 ,
2923 3141 3012 3193 scd
3053 3148 3106 3193 et
3127 3141 3258 3193 loca.
3302 3141 3430 3193 Nam

1909 3231 2049 3284 circa
2077 3239 2307 3297 tempora
2332 3229 2547 3283 Joannis
2572 3224 2956 3298 Chrysostomi,
2986 3229 3044 3281 in
3068 3230 3217 3296 cujus
3254 3229 3436 3284 Eccle-

1910 3316 1988 3368 sia
2015 3316 2111 3368 soli
2147 3315 2447 3369 sacerdotes
2471 3317 2683 3368 calicem
2716 3317 3095 3384 propinabant,
3119 3317 3168 3368 in
3202 3309 3432 3370 Ecclesia

1911 3403 2282 3456 Mediolanensi
2327 3411 2548 3456 testatur
2573 3403 2877 3456 Ambrosius
2917 3405 3073 3455 etiam
3111 3404 3294 3456 viduas
3320 3419 3436 3456 cor-

1911 3508 2014 3562 pus
2052 3500 2107 3544 et
2153 3492 2459 3559 sanguinem
2501 3490 2696 3543 Christi
2734 3491 3074 3552 ministrasse,
3099 3490 3228 3543 libro
3252 3492 3315 3542 de
3344 3491 3441 3542 Via

1914 3579 2066 3632 duis:
2100 3596 2116 3626 ι
2145 3576 2313 3629 Simul
2340 3577 2511 3652 qualis
2541 3591 2657 3630 esse
2699 3577 2884 3629 debeat
2908 3593 3022 3644 qua:
3046 3577 3256 3630 Christo
3279 3578 3431 3629 mini-

1914 3676 2067 3732 strat,
2091 3667 2400 3721 ostenditur.
2450 3666 2667 3733 Oportet
2709 3681 2824 3718 eam
2863 3667 3031 3732 primo
3063 3680 3242 3718 carere
3265 3665 3436 3717 varia-

1918 3774 2035 3812 rum
2062 3757 2322 3811 illecebris
2359 3756 2698 3823 voluptatum,
2716 3756 2888 3825 ,vitare
2916 3757 3175 3808 internum
3200 3756 3436 3821 corporis

1917 3847 2182 3912 animique
2206 3845 2528 3912 languorem,
2552 3851 2607 3894 ut
2632 3830 2818 3909 corpus
2845 3852 2894 3895 et
2916 3845 3218 3910 sanguinem
3241 3843 3435 3896 Christi

1916 3935 2200 3995 ministret,
2221 3941 2321 3986 etc.
2354 3951 2371 3982 ι
2426 3932 2701 4000 Dionysius
2729 3931 3105 3984 Alexandrinus
3143 3931 3194 3982 in
3219 3931 3436 3998 epistola

1919 4023 1982 4075 ad
2011 4022 2227 4074 Fabium
2248 4061 2262 4083 ,
2302 4021 2435 4088 apud
2474 4019 2752 4072 Eusebium
2783 4019 2899 4071 libr.
2929 4035 2980 4070 vi
3023 4018 3180 4078 Hist.,
3205 4033 3321 4085 cap.
3347 4017 3432 4076 ﬂ,

1918 4109 2099 4164 scribit
2128 4123 2290 4176 puero
2317 4107 2700 4159 Eucharistiam
2729 4108 2900 4158 datam
2925 4119 3042 4159 esse
3081 4120 3108 4156 a
3147 4106 3435 4166 sacerdote,

1921 4206 1974 4249 ut
2003 4196 2327 4248 ministraret
2353 4194 2645 4261 Serapioni.
2697 4211 2714 4241 ι
2739 4193 2840 4245 Sed
2865 4193 3130 4258 quoniam,
3164 4193 3348 4258 inquit,
3370 4193 3435 4244 .in

369 4277 585 4329 Diaconi
628 4284 833 4343 ροεειιηε
877 4276 1152 4342 baptizare.
1200 4273 1292 4326 JllS
1337 4275 1506 4362 datur,
1545 4274 1682 4362 quod
1713 4289 1814 4327 non
1848 4303 1894 4362 ο
1922 4288 2181 4340 mandatis
2207 4287 2456 4340 dederam
2485 4293 2542 4336 υι
2567 4284 2854 4343 morituris,
2883 4284 2925 4334 si
2953 4291 3209 4349 peterent,
3237 4290 3291 4334 ει
3322 4297 3430 4334 ma-

294 4365 463 4421 habet
488 4363 590 4417 nisi
612 4362 838 4430 episcopi
868 4363 1178 4413 auctoritate
1213 4371 1424 4428 propter
1460 4361 1701 4412 Ecclesiae
1727 4362 1813 4413 ho-

280 4435 513 4506 inorem.‘
535 4449 750 4503 Tertull.
777 4450 842 4501 de
863 4449 1143 4515 Baptismo,
1174 4463 1287 4514 cap.
1318 4447 1376 4498 l7
1407 4466 1418 4498 :
1460 4467 1475 4496 ‹
1506 4448 1670 4500 Damli
1697 4447 1814 4513 qui-

295 4539 420 4592 dem
446 4536 602 4590 habet
620 4535 707 4602 jus
733 4551 968 4588 summus
988 4536 1246 4597 sacerdos,
1277 4539 1363 4602 qui
1399 4545 1479 4588 est
1506 4536 1778 4602 episcopus
1801 4551 1813 4596 ;

298 4627 496 4680 dehinc
542 4624 827 4692 presbyteri
877 4634 928 4676 et
966 4625 1200 4687 diaconi;
1243 4641 1343 4678 non
1371 4636 1541 4678 tamen
1572 4627 1683 4678 sine
1711 4627 1819 4693 epi-

293 4711 450 4778 scopi
490 4711 797 4763 auctoritate
844 4719 1058 4777 propter
1100 4712 1345 4766 Ecclesiae
1385 4715 1632 4766 honorem
1665 4732 1676 4765 :
1718 4729 1820 4782 quo

302 4796 454 4849 salvo
478 4797 618 4860 salva
645 4812 745 4863 pax
773 4804 872 4848 est.
903 4814 920 4846 ι
957 4796 1179 4849 Sanctus
1200 4799 1543 4865 Hieronymus
1572 4801 1820 4852 adversus

304 4883 703 4937 Luciferianos:
738 4902 756 4933 ι
785 4883 1028 4936 Ecclesia:
1067 4883 1204 4936 salus
1230 4885 1279 4935 in
1309 4886 1494 4936 sumini
1535 4889 1821 4940 sacerdotis

305 4969 562 5040 dignitate
586 4972 810 5038 pendet:
859 4972 942 5023 cui
983 4972 1026 5023 si
1064 4985 1163 5022 non
1192 4985 1374 5024 exsors
1412 4973 1645 5039 quantam
1676 4982 1728 5026 et
1756 4976 1821 5026 ab
1851 4976 1863 4985 '

307 5055 555 5110 omnibus
593 5056 830 5110 eminens
869 5057 1022 5108 detur
1063 5065 1308 5124 potestas,
1358 5067 1433 5110 tot
1473 5058 1524 5111 in
1578 5059 1822 5112 Ecclesiis

298 5144 598 5199 'ellicientur
622 5147 902 5199 schismata
929 5155 1057 5212 quot
1083 5148 1396 5201 sacerdotes.
1434 5149 1558 5201 Inde
1593 5151 1736 5202 venit
1764 5161 1821 5203 ut

310 5235 427 5288 sine
451 5232 735 5288 chrismate
755 5241 808 5285 et
832 5233 1057 5300 episcopi
1077 5233 1329 5300 iussione,
1345 5251 1510 5302 neque
1529 5237 1819 5304 presbyter,

311 5333 484 5386 neque
506 5320 776 5379 diaconus,
797 5319 884 5385 jus
915 5320 1140 5372 habeant
1163 5320 1474 5387 baptizandi.
1508 5341 1526 5372 ι
1549 5321 1823 5375 Gelasiusl

310 5406 382 5461 ad
408 5407 678 5475 episcopos
703 5405 964 5469 Lucanite,
994 5408 1145 5475 epist.
1179 5407 1232 5470 9,
1273 5424 1388 5475 cap.
1423 5409 1453 5459 7
1480 5427 1492 5460 :
1530 5429 1547 5458 ι
1570 5410 1825 5464 Diaconos

313 5505 524 5561 quoque
559 5491 821 5558 propriam
868 5491 1231 5547 constituimus
1272 5507 1481 5546 servare
1503 5509 1821 5560 mensuram,

1915 4375 2053 4426 xime
2091 4373 2136 4426 si
2165 4381 2319 4424 antea
2359 4370 2662 4442 suppliciter
2692 4369 3068 4436 postulassent,
3095 4369 3242 4421 venia
3269 4369 3438 4421 indul-

1915 4468 2141 4528 geretur,
2164 4474 2266 4526 quo
2290 4460 2437 4511 bona:
2459 4451 2570 4525 spei
2604 4458 2741 4524 pleni
2773 4471 2836 4508 ex
2865 4457 2959 4509 hac
2985 4459 3089 4508 vita
3121 4457 3431 4523 migrarent;

1915 4548 2154 4615 exiguam
2187 4547 2525 4598 EUChal'iSliiB
2554 4555 2754 4610 partem
2779 4560 2955 4610 puero
2986 4544 3216 4604 tradidit,
3246 4543 3438 4610 iubens

1916 4642 1987 4705 ut.
2009 4635 2059 4685 in
2104 4647 2235 4698 aqua
2283 4632 2552 4684 intinctam
2594 4632 2704 4684 seni
2755 4631 2804 4682 in
2835 4646 2894 4684 os
2936 4631 3228 4683 instillaret.
3260 4650 3278 4681 ι
3309 4632 3437 4695 Qua:

1915 4720 2090 4772 omnia
2114 4727 2294 4785 postea
2324 4719 2537 4770 omnino
2565 4719 2831 4771 interdixit
2852 4722 3078 4786 synodus
3103 4718 3432 4779 Bhemensis,

1917 4821 2033 4860 can.
2078 4805 2149 4857 2:
2199 4823 2216 4854 ‹
2245 4805 2488 4858 Pervenit
2524 4807 2587 4857 ad
2620 4808 2857 4858 notitiam
2897 4814 3125 4858 nostram
3154 4805 3291 4872 quod
3319 4807 3433 4873 qui-

1918 4895 2034 4945 dam
2064 4893 2350 4961 presbyteri
2376 4893 2425 4944 in
2457 4902 2656 4944 tantum
2689 4895 2834 4959 parvi
2860 4895 3089 4959 pendant
3117 4895 3286 4947 divina
3316 4910 3430 4962 my-

1918 4983 2076 5034 steria
2102 5021 2117 5043 ,
2158 4991 2216 5032 ut
2244 4981 2374 5032 laico
2401 4981 2482 5032 vel
2523 4979 2729 5034 femina:
2772 4999 2975 5036 sacrmn
3011 4999 3198 5052 corpus
3229 4983 3432 5036 Domini

1921 5068 2128 5120 tradant
2150 5068 2214 5140 ad
2241 5067 2574 5120 deferendum
2601 5069 2822 5123 infirmis
2848 5089 2859 5121 :
2897 5079 2950 5123 et
2978 5074 3167 5138 quibus
3195 5070 3436 5138 prohibe-

1921 5164 2020 5212 tur,
2050 5167 2112 5203 ne
2141 5153 2426 5223 sacrarium
2454 5154 2829 5219 ingrediantur,
2864 5171 2929 5208 ne
2959 5158 3022 5209 ad
3049 5157 3213 5209 altare
3249 5170 3432 5223 appro-

1921 5241 2190 5307 pinquent,
2227 5240 2326 5292 illis
2340 5249 2519 5292 sancta
2541 5250 2838 5293 sanctorum
2867 5245 3270 5296 committantur.
3288 5243 3436 5308 Quod

1921 5341 2075 5394 quam
2105 5329 2172 5378 sit
2201 5327 2450 5380 horribile
2475 5328 2706 5382 omnium
2730 5319 3090 5398 religiosorum
3113 5330 3436 5384 animadver-

1923 5415 1985 5466 tit
2010 5414 2301 5490 prudentia.
2325 5413 2517 5480 Jgitur
2567 5416 2830 5470 interdicit
2874 5433 2966 5484 per
2999 5421 3172 5471 omnia
3211 5416 3438 5485 synodus

1925 5513 1987 5553 ne
2011 5499 2125 5552 talis
2155 5499 2428 5552 temeraria
2467 5503 2803 5571 prtesumptio
2845 5504 3060 5557 ulterius
3101 5504 3222 5555 ﬁat:
3253 5503 3343 5557 sed
3384 5506 3435 5558 in
