3926 6216
502 356 631 420 H27

1554 347 1643 410 AD
1682 348 2203 411 MNITENTIALE
2241 350 2575 409 THEODOM

3510 346 3651 412 ms

500 462 813 519 omnimodis
836 464 1105 533 presbyter
1129 474 1223 530 per
1236 463 1566 531 semetipsum
1588 464 1850 516 inllrmum
1875 477 2015 516 com-
2046 465 2089 519 A
2187 459 2455 530 Presbyter
2478 472 2638 530 potest
2666 463 2970 516 abbatissam
3021 477 3335 518 consecrare.
3386 464 3490 517 Sed
3540 478 3650 514 non

503 551 748 604 munieet.
790 548 935 615 Quod
966 550 1009 601 si
1043 550 1197 601 aliter
1224 548 1425 612 fecerit,
1460 551 1651 618 gradus
1676 551 1756 603 sui
1784 550 2015 618 periculo

500 636 805 704 subiacebit.
838 657 856 688 ι

570 722 807 777 Ιοηαειιί
833 736 879 777 et
907 724 1077 776 clerici
1103 734 1309 791 possunt
1330 724 1614 777 benedicere
1634 724 2015 777 cibum.Etiam

500 810 733 879 virgines
763 812 1142 865 benedicebant
1171 820 1301 865 teste
1328 821 1540 866 auctore
1560 813 1678 865 libri
1698 813 1761 865 de
1784 806 2008 881 Virgini-

501 905 627 960 tate,
650 899 737 967 qui
764 898 1099 965 legiturinter
1125 898 1295 965 Opera
1314 899 1480 952 sancti
1500 898 1771 951 Athanasii
1792 915 1804 949 :
1838 915 1855 947 ι
1876 896 2015 965 qqu

499 985 567 1048 si,
595 986 791 1053 inquit,
827 986 1089 1038 adfuerint
1112 986 1203 1039 tibi
1229 993 1335 1037 tres
1361 985 1614 1052 virgines,
1651 985 1825 1038 dicant
1853 985 2013 1037 benc-

499 1074 778 1127 dictionem
822 1086 979 1140 super
1002 1088 1207 1139 panem,
1248 1087 1348 1125 una
1386 1082 1554 1126 tecum
1585 1081 1767 1135 orent,
1794 1080 1896 1125 etc.
1936 1072 2012 1124 Tu

495 1158 638 1211 enim
664 1165 843 1211 sancta
882 1173 940 1211 es
963 1158 1205 1219 Domino,
1254 1168 1307 1211 et
1327 1158 1471 1211 cibus
1497 1166 1618 1212 tuus
1643 1168 1697 1211 et
1717 1167 1871 1225 potus
1896 1167 2016 1209 tuus

498 1244 855 1300 sanctiﬁcatus
879 1252 976 1297 est.
1013 1244 1112 1298 Per
1134 1259 1315 1313 preces
1337 1244 1477 1298 enim
1501 1254 1555 1299 et
1585 1245 1872 1298 sacratiora
1900 1258 2016 1296 ver-

496 1322 956 1401 basanctilieatur.
985 1354 1003 1385 ι
1046 1334 1271 1388 Sanctus
1292 1333 1518 1389 Joannes
1543 1333 1945 1402 Chrysostomus
1962 1333 2015 1385 in

498 1409 711 1480 humilia
738 1424 807 1478 32
825 1424 879 1477 in
899 1438 1015 1493 cap.
1053 1438 1142 1477 nx
1165 1423 1369 1485 Matth,
1394 1421 1620 1474 ostendit
1646 1436 1675 1472 a
1702 1419 1841 1473 nullo
1866 1419 2016 1472 Chri—

436 1536 439 1541 -
496 1515 668 1567 stiano
701 1527 848 1567 escas
868 1514 1002 1566 sumi
1031 1512 1245 1573 debere,
1274 1510 1371 1563 nisi
1392 1509 1690 1562 benedictas
1716 1515 1769 1561 et
1785 1506 2016 1560 sanctiﬁ-

495 1608 642 1652 catas
681 1601 921 1652 oratione
969 1612 1029 1651 ac
1073 1598 1357 1666 gratiarum
1399 1596 1711 1649 actionibus.
1763 1593 1820 1647 Si
1852 1593 2012 1655 enim,

495 1686 588 1748 ait,
635 1685 723 1753 qui
768 1699 920 1739 escas
962 1699 1085 1737 snas
1120 1696 1216 1751 per
1253 1682 1541 1736 orationem
1570 1696 1673 1733 non
1704 1678 1858 1733 oll‘ert
1885 1679 2010 1741 Deo,

2117 548 2410 602 inconsulto
2438 551 2681 617 episcopo
2711 552 3054 617 praescribunt
3072 549 3257 604 Patres
3284 549 3490 604 concilii
3513 548 3648 601 Car-

2118 636 2438 700 tliaginensis
2479 652 2570 699 Ill,
2599 652 2646 690 e.
2691 637 2757 690 56
2805 654 2817 688 :
2876 656 2893 685 ι
2927 636 2993 689 Ut
3025 637 3302 705 presbyter
3347 636 3649 691 inconsulto

2113 724 2355 791 episcopo
2376 725 2606 793 virgines
2630 739 2731 777 non
2756 733 3045 788 consecret,
3078 725 3307 778 chrisma
3352 738 3481 778 vero
3506 740 3650 778 nun-

2113 825 2269 879 quam
2292 811 2555 865 conficiat.
2587 831 2605 862 ο

2181 897 2389 953 Sancus
2416 898 2664 951 moniales
2692 887 2806 951 ivero
2846 898 3069 952 ~asilicas
3093 914 3289 965 semper
3306 899 3487 951 debent
3520 912 3651 951 cono

2112 996 2310 1039 scerare
2346 986 2606 1039 continuis
2657 998 2872 1053 precum
2922 996 2975 1038 et
3027 969 3331 1054 gratiarum
3374 988 3648 1039 actionum

2113 1074 2402 1127 sacriﬁciis.
2465 1073 2612 1127 Unde
2645 1075 2835 1144 saepius
2885 1088 2916 1126 a
2970 1073 3213 1129 Patribus
3242 1084 3496 1129 vocantur
3536 1090 3652 1128 ara

2113 1159 2203 1212 Dei
2234 1161 2458 1223 mundae,
2486 1170 2539 1214 et
2564 1160 2767 1214 altaria.
2798 1159 3020 1214 Tertull.
3042 1161 3161 1225 libr.
3200 1177 3217 1215 ι
3260 1163 3345 1216 ω.
3376 1178 3601 1215 uxorem
3631 1198 3647 1225 ,

2112 1263 2226 1315 cap.
2258 1248 2288 1299 7
2331 1266 2342 1299 :
2388 1266 2406 1298 t
2427 1247 2586 1301 Aram
2608 1250 2745 1303 enim
2770 1250 2860 1303 Dei
2884 1250 3133 1305 mundam
3158 1251 3379 1318 proponi
3402 1255 3646 1319 oportet:

2112 1344 2219 1387 tota
2250 1335 2331 1386 illa
2355 1333 2602 1407 Ecclesia:
2629 1336 2848 1390 candida
2879 1338 2942 1389 de
2972 1338 3255 1395 sanctitate
3289 1338 3651 1391 conscribitur

2112 1422 2463 1475 sacerdotium
2504 1423 2805 1485 viduitatis,
2834 1431 2887 1475 et
2920 1423 3261 1477 emliliatium.
3292 1440 3310 1473 ι
3354 1422 3557 1475 Concil.
3590 1437 3643 1475 iv

2114 1508 2440 1576 Carthagin.,
2506 1525 2554 1562 c.
2608 1510 2727 1563 105.
2776 1510 2938 1563 Vetus
2979 1518 3163 1564 auctor
3199 1508 3649 1564 Constitutionum

2112 1598 2520 1665 apostolicaqu
2568 1598 2688 1653 libr.
2717 1615 2776 1661 ιι,
2807 1613 2921 1667 cap.
2947 1599 3015 1652 26
3044 1617 3055 1651 :
3092 1617 3109 1648 ι
3133 1599 3335 1653 Habete
3360 1601 3519 1652 etiam
3550 1600 3652 1657 ho-

2112 1696 2292 1738 norem
2344 1687 2649 1754 virginibus,
2697 1697 2754 1740 ut
2806 1688 3131 1741 thuribulum
3160 1698 3214 1741 et
3240 1688 3522 1757 thymiama
3563 1704 3653 1741 re-

495 1774 862 1841 coinqninatus
892 1787 984 1826 eas
1016 1773 1328 1833 manducat,
1355 1769 1636 1823 secundum
1661 1769 1798 1837 quod
1818 1768 1884 1821 de
1909 1768 2012 1821 illis
2043 1767 2086 1824 B
2115 1773 2567 1839 prtesentantibus.
2625 1791 2643 1823 ι
2705 1773 2833 1827 Vide
2881 1772 2971 1825 lib.
3003 1788 3084 1839 In,
3134 1788 3248 1841 capt
3302 1773 3372 1837 6;
3420 1773 3510 1826 lib.
3569 1789 3650 1836 tv,

494 1861 569 1913 ait
596 1847 911 1928 Apostolus:
956 1859 1201 1927 quoniam
1247 1858 1418 1912 omnis
1463 1866 1700 1910 creatura
1736 1856 1826 1909 Dei
1853 1856 2012 1916 bena,

430 2004 431 2007 η
497 1955 553 2001 et
598 1947 729 1999 nihil
774 1935 1293 2013 rejiciendum‘quod
1333 1959 1452 1997 cum
1494 1942 1781 2012 gratiarum
1807 1941 2013 1994 actione

495 2035 785 2105 percipitur
818 2051 833 2089 ι
870 2030 1232 2087 ’ωηοιίίίωιιιι-
1275 2032 1414 2085 enim
1455 2046 1551 2099 per
1586 2031 1805 2083 verbum
1830 2028 1924 2082 Dei
1960 2038 2012 2081 et

492 2121 807 2181 orationem,
833 2119 1059 2172 ostendit
1086 2118 1208 2185 quia
1230 2117 1486 2170 macu!ata
1512 2123 1626 2177 est,
1650 2115 1752 2167 nisi
1776 2130 1871 2181 per
1892 2130 2013 2167 ora-
2048 2140 2049 2143 η

494 2209 690 2260 tionem
735 2204 893 2259 fuerit
933 2206 1105 2258 omnis
1144 2219 1263 2258 esca
1311 2204 1558 2256 mundata
1581 2209 1635 2257 et
1657 2200 2009 2255 sanctificata.

492 2294 572 2348 Ad
618 2294 1023 2347 benedicendum
1067 2307 1252 2360 panem
1294 2308 1323 2345 a
1362 2291 1673 2345 Christianis
1717 2290 2015 2359 consignari

496 2382 683 2436 indicat
715 2383 945 2436 incertus
980 2389 1163 2435 auctor
1190 2381 1560 2436 Commentarii
1594 2381 1646 2433 in
1677 2380 2014 2450 Evangelium

496 2472 723 2525 Μαιηιωί
745 2511 759 2534 ,
804 2472 941 2524 inter
977 2470 1149 2538 Opera
1195 2469 1411 2524 Joannis
1436 2469 1799 2539 Cbrysostomi
1834 2468 2013 2522 homil.

494 2561 561 2630 58
585 2578 597 2610 :
639 2577 661 2609 ι
685 2559 754 2613 Ut
774 2568 898 2626 puta
925 2560 1101 2631 signas
1126 2571 1313 2627 panem
1339 2567 1508 2621 tuum,
1531 2572 1686 2625 quem
1707 2557 2015 2618 mandueas,

499 2647 645 2699 sicut
661 2646 735 2697 ait
762 2644 951 2699 Paulus
974 2665 986 2700 :
1018 2646 1386 2699 Sanctiﬁcatur
1408 2648 1545 2699 enim
1568 2657 1664 2713 per
1684 2646 1899 2698 verbum
1923 2643 2015 2696 Dei

500 2740 556 2785 et
578 2733 885 2786 orationem.
926 2752 945 2784 ι
1004 2733 1133 2787 Vide
1179 2731 1488 2801 Gregorium
1529 2732 1921 2786 Nazianzenum
1962 2731 2017 2784 in

492 2820 734 2873 oratione
768 2820 852 2883 l9,
880 2821 969 2887 qui
995 2820 1062 2873 ibi
1096 2819 1257 2873 refert
1292 2820 1514 2888 panibus
1542 2820 1834 2874 bcnedictis
1858 2827 2017 2886 atque

496 2920 656 2960 rruce
701 2908 1019 2973 consignatis
1064 2922 1213 2960 suam
1242 2894 1479 2961 matrem
1522 2914 1773 2975 mgrotam
1806 2900 2016 2972 aluisse,

500 2994 681 3061 sicque
702 2995 1028 3048 convaluisse
1062 3009 1125 3049 ac
1152 2995 1289 3049 vires
1315 2997 1602 3065 collegisse.

1098 3122 1315 3179 CAPUT
1349 3122 1432 3177 Ill.

863 3232 939 3285 De
973 3234 1294 3286 ordinatione
1314 3232 1649 3287 diversorum.

568 3338 767 3407 Septem
798 3340 902 3391 dies
927 3339 1050 3391 velet
1077 3350 1225 3408 caput
1250 3355 1397 3397 suum
1423 3340 1625 3393 cucullo
1644 3357 1756 3394 sua.
1784 3341 2022 3399 Conven-

490 3435 588 3480 ‘tus
629 3427 1103 3495 Aquisgranensis,
1153 3442 1267 3495 cap.
1298 3427 1397 3481 35:
1440 3446 1457 3478 ι
1496 3429 1563 3482 Ut
1588 3432 1873 3485 monachus
1901 3448 2023 3500 pro-

500 3515 729 3568 fessione
773 3516 908 3568 facta
949 3517 1116 3569 tribus
1160 3517 1342 3570 diebus
1368 3518 1569 3570 euculla
1598 3528 1901 3588 emporium
1928 3522 2023 3574 ha-

503 3601 621 3653 beat
651 3612 825 3669 eaput.
855 3622 872 3653 ι

573 3688 860 3765 Secundum
885 3692 1129 3760 baptisma
1158 3704 1205 3746 et
1221 3695 1374 3761 juxta
1393 3694 1650 3763 judicium
1680 3696 1919 3762 Patrum,
1943 3701 2024 3754 ni-

501 3778 693 3830 mirum
736 3788 949 3847 propter
993 3782 1375 3848 pmniteutiam,
1420 3798 1576 3850 quam
1611 3788 2023 3853 saepissimePa-

506 3858 827 3918 treﬁoeasit
846 3868 1160 3934 luptismum
1182 3862 1500 3937 asperiorem
1528 3882 1580 3925 et
1608 3874 2019 3932 laboriosiurem.

514 3954 1045 4026 Sanctus’ﬁn'gorius
1071 3958 1319 4012 Nazianz.
1346 3962 1396 4013 in
1422 3963 1657 4017 oratione
1678 3966 1745 4019 39
1769 3982 1783 4018 :
1820 3986 1837 4016 ι
1865 3968 2025 4033 Quin-

512 4048 619 4095 tum
662 4045 829 4097 locum
871 4046 1215 4114 laetjymarum
1272 4048 1560 4113 baptismus
1603 4059 1761 4104 tenet.
1834 4054 2026 4106 Verum

515 4132 747 4198 asperior
775 4142 825 4182 et
847 4132 1187 4194 laboriosior;
1220 4148 1324 4200 quo
1360 4136 1568 4200 quidem
1596 4138 1681 4191 ille
1706 4139 1940 4207 tingitur,
1970 4148 2027 4193 ut

509 4220 595 4284 qui
619 4233 712 4295 per
744 4220 973 4286 singulas
1010 4230 1187 4273 noctes
1214 4221 1402 4277 lectum
1438 4238 1588 4276 suum
1614 4240 1678 4277 ac
1703 4236 1921 4280 stratum
1955 4228 2029 4281 la-

509 4308 702 4375 crymis
731 4307 890 4371 lavat,
912 4310 992 4362 cui
1020 4310 1143 4378 ipsa:
1170 4325 1381 4379 quoque
1406 4314 1518 4365 vitii
1544 4314 1815 4369 cicatrices
1841 4318 2024 4382 fetent,

511 4398 601 4461 qui
629 4395 811 4463 lugens
846 4406 899 4449 et
940 4400 1276 4453 centristatus
1304 4402 1607 4469 ingreditur,
1653 4407 1741 4472 qui
1773 4406 2045 4463 Manassis'

514 4480 943 4548 resipiscentiam,
974 4497 1034 4536 ac
1054 4484 1398 4539 Ninivitarum
1424 4488 1789 4554 humilitatem,
1816 4494 1901 4547 cui
1923 4496 2024 4547 mi-

509 4569 793 4621 sericordia
821 4569 1083 4637 impertita
1109 4582 1222 4636 est,
1252 4574 1505 4637 imitatur,
1532 4584 1633 4630 etc.
1658 4596 1677 4629 ι
1711 4578 1775 4631 Et
1800 4578 2029 4636 Joannes

512 4652 779 4706 Climseus
813 4656 949 4708 hunc
972 4658 1283 4723 baptismum
1322 4661 1454 4714 tanti
1490 4661 1645 4727 facit,
1683 4674 1741 4718 ut
1767 4680 1885 4719 eum
1907 4671 2027 4735 qui-

511 4740 633 4793 dem
662 4742 898 4795 videatur
922 4744 1169 4811 prmierre
1209 4747 1469 4813 baptismo
1495 4764 1642 4817 aqua
1677 4769 1691 4804 :
1736 4773 1753 4801 ι
1787 4753 1911 4808 Post
1936 4756 2030 4809 ba-

514 4831 729 4897 ptisma,
752 4832 939 4899 inquit,
971 4835 1023 4886 in
1048 4836 1210 4903 gradu
1248 4843 1370 4901 vm‘,
1406 4841 1667 4906 potentior
1699 4842 2029 4910 baptismate,

516 4915 562 4968 si
612 4916 684 4967 ita
712 4916 791 4968 l'as
834 4919 1007 4985 loqui,
1058 4919 1173 4972 fons
1220 4930 1303 4975 est
1349 4923 1714 4993 lacryma-rum.
1770 4928 2033 4996 Baptisma

514 5002 709 5069 quippe
739 5010 936 5055 tantum
966 5008 1255 5071 praeteritas
1284 5020 1614 5075 peccatorum
1645 5016 1827 5068 sordes
1853 5031 2034 5086 repur-

519 5095 630 5155 gat,
660 5090 828 5144 luctus
852 5101 1023 5145 autem
1070 5108 1235 5147 noxas
1248 5104 1366 5163 post
1386 5098 1703 5165 baptismum
1738 5112 2036 5160 contractas

518 5178 687 5232 diluit.
726 5181 985 5249 Baptisma
1027 5199 1130 5250 quo
1170 5184 1398 5240 infantes
1426 5187 1571 5242 tincti
1603 5205 1816 5257 sumus,
1853 5209 2035 5249 omnes

519 5276 701 5335 postea
724 5271 1135 5336 inquinavimus;
1157 5290 1251 5343 per
1270 5274 1464 5330 fontem
1491 5289 1664 5333 autem
1684 5280 2033 5353 lacrymarum

522 5355 681 5437 etiam
720 5356 1028 5423 baptismum
1058 5374 1155 5413 suo
1200 5362 1358 5417 nitori
1396 5364 1745 5430 restituimus;
1786 5384 1942 5437 quem
1990 5374 2035 5426 si

525 5434 927 5508 benignissimus
965 5444 1100 5501 Deus
1124 5448 1321 5503 homini
1350 5450 1567 5521 largitus
1589 5469 1691 5507 non
1716 5434 1884 5521 esset,
1930 5462 2035 5515 rari

526 5526 801 5582 admodum
832 5539 917 5583 aut
940 5537 1184 5598 ncrpauci
1208 5535 1426 5590 salutem
1445 5551 1904 5607 consequerentur.

2112 1871 2227 1910 ean.
2262 1856 2316 1910 2.

2214 1894 2227 1907 .
2262 1871 2316 1910 z.

2176 1871 2346 1998 ιἔιῖναιεὶ
2370 1945 2521 1998 simul
2564 1947 2864 1999 benedicunt
2913 1948 3119 1999 uiduam
3140 1956 3189 1999 et
3214 1948 3480 2016 virginem.
3512 1948 3651 2000 Vidn

2098 2032 2295 2088 ‘concil.
2322 2047 2375 2087 tv
2401 2034 2683 2103 Uarthag.,
2724 2050 2772 2088 c.
2808 2035 2871 2087 l2
2896 2042 2949 2088 et
2979 2035 3063 2097 15,
3096 2042 3189 2087 a..t
3232 2036 3407 2103 potius
3436 2036 3650 2087 Statum

2109 2124 2355 2177 Ecclesiae
2374 2126 2607 2190 antiqua,
2632 2139 2680 2177 c.
2708 2124 2774 2178 99
2806 2142 2817 2175 :
2856 2143 2874 2175 ι
2910 2123 3334 2179 Sanctimonialis
3357 2125 3503 2190 virgo
3519 2140 3647 2178 cum

2112 2210 2179 2262 ad
2205 2210 2675 2272 coasecrationem,
2707 2219 2835 2272 etc.;
2863 2228 2881 2259 ι
2914 2218 2967 2261 et
2995 2223 3112 2261 can.
3140 2207 3239 2266 10.0
3264 2225 3278 2259 :
3311 2226 3329 2257 ι
3358 2207 3541 2261 Viduas
3565 2210 3653 2262 vel

2113 2295 2539 2350 sanctimoniales
2573 2310 2688 2363 quae
2712 2296 2778 2347 ad
2808 2294 3179 2357 ministerium,
3209 2300 3310 2347 etc.
3345 2311 3364 2344 ι

2183 2383 2402 2437 Romani
2424 2401 2524 2437 non
2546 2384 2708 2437 velant
2737 2383 2959 2437 viduam.
2990 2382 3138 2448 Quod
3163 2383 3300 2437 idem
3327 2380 3653 2436 conﬁrmant

2116 2473 2300 2525 Patres
2353 2471 2560 2523 concilii
2610 2470 2953 2534 Turonensis,
3004 2484 3122 2523 can.
3161 2456 3248 2533 26,
3300 2468 3379 2522 bis
3420 2469 3649 2522 verbis:

2123 2579 2141 2611 ε
2179 2560 2307 2614 lllud
2343 2573 2468 2614 vero
2491 2559 2629 2627 quod
2681 2557 2842 2626 aliqui
2882 2557 3084 2621 dicunt,
3110 2555 3265 2609 vidua
3294 2572 3410 2623 qua:
3433 2552 3655 2609 benedi-

2117 2658 2202 2701 cta
2229 2662 2331 2701 non
2383 2646 2504 2710 fuit,
2533 2660 2699 2715 quare
2728 2662 2831 2699 non
2870 2646 3025 2699 debet
3075 2645 3322 2697 maritum
3364 2641 3655 2710 accipere!

2117 2750 2239 2789 cum
2267 2748 2450 2787 omnes
2499 2736 2669 2787 sciant
2695 2734 2834 2801 quod
2886 2747 3151 2801 nunquam
3189 2732 3243 2784 in
3288 2718 3564 2786 canonicis
3591 2728 3654 2783 li-

2120 2822 2234 2875 bris
2260 2820 2450 2889 legitur
2474 2819 2769 2873 benedictio
2797 2819 3056 2872 vidualis:
3094 2817 3216 2886 quia
3253 2816 3421 2871 solum
3453 2830 3656 2885 prepo-

2118 2902 2287 2964 situm
2313 2906 2387 2959 illi
2420 2904 2657 2959 sullicere
2694 2906 2867 2968 debet,
2902 2907 3038 2959 sicut
3060 2906 3114 2957 in
3144 2904 3542 2973 Epaonensibus
3559 2918 3656 2957 cas

2120 2995 2346 3049 nonibus
2371 3009 2399 3046 a
2426 3008 2559 3061 papa
2587 2993 2741 3046 Avito
2760 2993 2840 3047 vel
2861 2993 3103 3046 omnibus
3128 2992 3387 3060 episcopis
3411 2991 3655 3045 conscri-

2043 3068 2091 3131 C
2117 3090 2268 3164 ptum
2324 3090 2405 3135 est
2435 3095 2450 3133 :
2486 3100 2503 3131 ‹
2547 3081 2831 3133 Viduamm
2875 3080 3343 3141 consecrationem,
3382 3092 3515 3147 quas
3538 3076 3659 3131 dia-

2120 3185 2283 3225 conas
2308 3178 2516 3234 vocant,
2547 3168 2614 3221 ab
2634 3170 2779 3223 omni
2806 3168 3019 3247 regione
3041 3176 3217 3221 nostra
3253 3167 3464 3236 penitus
3495 3168 3659 3221 ειη-ο»

2100 3271 2325 3326 ‘gamus,
2352 3267 2479 3321 etc.;
2512 3275 2531 3308 ι
2564 3264 2619 3310 et
2644 3270 2793 3311 conc.
2835 3254 3141 3308 Triburens.
3170 3270 3219 3309 e.
3248 3254 3318 3306 22
3348 3272 3362 3307 :
3402 3271 3421 3304 ι
3458 3253 3659 3309 Viduas

2120 3359 2296 3402 autem
2323 3348 2498 3402 velare
2525 3347 2829 3416 pontiﬁcum
2854 3346 3029 3399 nullus
3058 3352 3298 3407 attentet,
3350 3351 3506 3411 prout
3526 3356 3659 3394 eon-

2122 3438 2363 3489 stitutum
2391 3444 2471 3489 est
2498 3436 2550 3488 in
2578 3434 2803 3489 decretis
2834 3447 2983 3501 papa:
3005 3432 3199 3487 Gelasii
3223 3446 3338 3499 cap.
3372 3429 3439 3482 15
3465 3445 3480 3492 ;
3512 3428 3659 3497 quod

2121 3538 2219 3577 nec
2243 3524 2528 3576 auctoritas
2574 3524 2772 3586 divina,
2818 3536 2916 3575 nec
2941 3534 3202 3583 canonum
3236 3511 3421 3572 forma
3450 3517 3657 3587 paesti-

2123 3618 2243 3670 tuit.
2285 3636 2303 3667 »
2336 3616 2464 3668 Vide
2501 3614 2640 3667 infra
2669 3623 2826 3683 caput
2853 3616 2904 3666 7.

2192 3702 2483 3755 Secundum
2515 3700 2717 3754 σταται
2744 3702 3029 3768 presbytero
3065 3700 3181 3751 licet
3221 3697 3465 3767 virginem
3504 3708 3656 3748 sacro

2122 3782 2366 3841 velamine
2395 3803 2705 3850 consecrare,
2751 3787 3078 3839 reconciliare
3121 3786 3437 3854 paenitenter»
3476 3783 3531 3834 in
3555 3796 3655 3851 pn-

2124 3876 2254 3929 blica
2285 3878 2461 3939 missa,
2496 3877 2663 3943 facere
2697 3874 2861 3929 oleum
2912 3876 3275 3937 exorcisatum,
3320 3873 3545 3940 denique
3569 3870 3655 3925 [ιδ

2124 3980 2244 4020 cere
2296 3966 2511 4018 absente
2562 3964 2805 4032 episeopo
2859 3963 3111 4031 quidquid
3154 3953 3387 4030 praesens
3420 3958 3651 4014 fecimus

2124 4056 2224 4121 Qui
2254 4071 2366 4109 mos
2417 4054 2635 4113 multum
2692 4053 2999 4107 servabatur
3026 4052 3078 4104 in
3129 4048 3446 4103 Alexandria
3481 4042 3657 4116 etper

2128 4154 2290 4196 totam
2309 4142 2613 4211 Egyptum,
2638 4142 2771 4194 sicut
2795 4140 2970 4207 plures
2993 4137 3270 4205 anirmant.
3288 4137 3487 4190 Auctor
3502 4134 3658 4190 Collab

2126 4230 2367 4281 mental-ii
2418 4230 2470 4281 in
2524 4226 2807 4295 Epistulam
2838 4225 2981 4279 Pauli
3028 4225 3091 4277 ad
3121 4224 3395 4292 Ephesios,
3422 4235 3541 4291 cap.
3567 4233 3651 4285 in,

2128 4318 2264 4386 apud
2313 4317 2666 4369 Ambrosium.
2716 4332 2733 4364 ο
2768 4314 3001 4382 Denique
3027 4310 3162 4380 apud
3192 4310 3478 4380 Aigyptum
3504 4323 3656 4378 pren-

2130 4406 2299 4475 byteri
2348 4406 2669 4473 consignant,
2702 4405 2745 4458 si
2791 4394 3018 4471 prazsens
3068 4417 3168 4453 non
3207 4401 3277 4453 sit
3300 4399 3596 4469 episcopus.
3627 4415 3648 4452 ι

2131 4493 2328 4545 Auctor
2373 4491 2724 4555 Quaestionum
2778 4491 3069 4544 Veteris'et
3115 4488 3246 4542 Novi
3307 4485 3652 4563 Testameuti.

2134 4582 2268 4649 apud
2300 4589 2538 4633 sanctum
2597 4581 2939 4647 Augustinum
2971 4596 2982 4629 :
3020 4596 3037 4626 ι
3074 4576 3202 4630 Nam
3232 4576 3285 4629 in
3310 4574 3651 4639 Alexandria,

2130 4680 2183 4724 et
2208 4686 2302 4737 per
2330 4679 2488 4723 totam
2535 4668 2839 4737 (Egyptum,
2890 4670 2933 4722 si
2955 4670 3087 4723 desit
3131 4668 3428 4737 episcopus,
3467 4678 3652 4720 conso-

2131 4766 2244 4810 crat
2264 4758 2551 4825 presbyter.
2589 4775 2607 4805 ι
2641 4756 2766 4807 Vide
2792 4756 3159 4823 Hieronymum
3186 4756 3237 4806 in
3262 4753 3414 4822 epist.
3439 4752 3506 4805 ad
3524 4751 3655 4806 Ενο

2132 4849 2330 4915 grium;
2368 4846 2637 4898 Rabanum
2668 4853 2719 4897 tn
2756 4848 2909 4912 epist.
2937 4845 3003 4896 ad
3024 4836 3436 4909 Regimbaidum.
3466 4838 3655 4907 Bitias-

2131 4950 2191 4989 ee
2218 4936 2291 4987 rei
2322 4936 2453 4987 ratio
2476 4949 2631 5000 quam
2690 4934 2842 4985 iidem
2886 4943 3205 4998 proponunt,
3254 4944 3315 4983 ea
3338 4924 3440 4994 at,
3493 4943 3652 5000 quam

2134 5026 2312 5092 paucis
2339 5023 2499 5076 refert
2542 5022 2766 5074 Hilarius
2813 5022 3081 5085 diaconus,
3132 5022 3271 5090 apud
3318 5021 3653 5076 Ambrosium

2137 5111 2187 5163 in
2219 5110 2237 5161 ι
2263 5124 2344 5178 ep.
2379 5111 2442 5162 ad
2468 5108 2797 5161 Timotheum
2828 5127 2839 5159 :
2894 5125 2911 5157 ι
2946 5109 3098 5175 Quia,
3124 5108 3315 5177 inquit,
3344 5110 3578 5182 episcopi
3599 5116 3656 5166 et

2136 5198 2428 5265 presbyteri
2465 5212 2566 5248 una
2599 5197 2857 5249 ordinatio
2902 5208 3002 5250 est.
3037 5196 3266 5265 Uterque
3283 5198 3456 5267 ,enim
3478 5212 3656 5255 αισα-

2138 5285 2233 5339 dos
2264 5296 2362 5349 est,
2391 5286 2480 5339 sed
2514 5286 2789 5355 episcOpus
2820 5287 3018 5355 primus
3060 5295 3159 5340 est.
3204 5306 3223 5339 ι
3262 5287 3392 5342 Vide
3414 5287 3658 5345 unde.

2140 5374 2193 5427 in
2219 5373 2606 5437 Qumstiouibus
2648 5374 2854 5427 Veteris
2883 5382 2937 5426 et
2964 5372 3094 5426 Novi
3146 5372 3488 5436 Testamenti,
3521 5375 3663 5447 apud

2139 5459 2497 5528 Aug.,qua:st.
2530 5459 2657 5523 l0l;
2685 5460 3053 5527 Hieronymum
3082 5460 3133 5515 in
3160 5460 3377 5530 epistola
3403 5458 3472 5517 ad
3495 5459 3671 5520 Ocea-

2143 5560 2286 5611 num,
2318 5546 2369 5599 in
2414 5545 2566 5613 epist.
2608 5546 2674 5599 ad
2701 5543 2999 5614 Evagrium,
3028 5546 3378 5604 Commentar.
3405 5548 3463 5607 in
3490 5561 3616 5621 cap.
3648 5566 3667 5607 ι
