3926 6216
217 414 353 467 1123

1347 400 1897 461 OBSERVATIONES
1936 394 2019 453 ET
2058 392 2291 469 Noras.

3233 358 3377 438 use

215 528 382 596 Epist.
422 526 487 579 ad
535 523 728 586 Titum,
768 522 855 575 ubi
891 521 1118 589 loquitur
1157 519 1292 574 sicut
1316 516 1664 588 Tertullianus
1685 516 1749 567 de
1775 518 1821 573 Α
1847 514 2150 581 byterorum
2192 505 2409 561 coasilio
2455 502 2697 556 Ecclesim
2743 499 3181 596 guberna-bantur.
3216 497 3365 555 Post-

214 616 591 671 Exbortationc
640 612 917 672 castitatis,
954 610 1171 679 cap..7;
1210 614 1445 660 sanetum
1500 601 1743 679 Augusti-

215 720 365 765 num,
392 705 448 756 vin
470 702 685 771 cpistola
726 701 790 753 ad
836 677 1225 766 Hieronymum.
1265 693 1367 747 Sed
1412 708 1478 745 ne
1506 677 1744 754 o‘mittam

214 791 429 847 Gracos
462 791 665 851 Patres,
696 786 909 841 consule
958 784 1211 837 Joannem
1239 780 1513 847 Chrysost.
1546 779 1596 829 in
1626 790 1742 843 cap.

216 896 233 934 ι
261 882 417 948 epist.
453 878 599 931 Pauli
623 876 685 929 ad
717 874 1075 942 Philippenses
1096 889 1111 935 ;
1136 870 1517 922 Thcodoretum
1548 866 1600 917 in
1626 878 1741 931 cap.

215 982 276 1021 In
308 968 473 1036 Epist.
502 967 519 1019 l
547 964 688 1018 Pauli
720 963 783 1016 ad
813 962 1160 1024 Timotheum,
1198 970 1249 1011 et
1276 957 1327 1009 in
1358 969 1471 1024 cap.
1509 971 1524 1007 ι
1552 955 1648 1022 Ep.
1681 952 1747 1004 ad

217 1056 400 1109 Titum
802 1108 805 1111 _

292 1140 522 1207 Inﬁrmi:
547 1140 764 1190 chrisma
793 1138 836 1189 si
852 1151 1045 1187 necesse
1072 1143 1165 1187 est.
1203 1131 1498 1193 Secundum
1539 1129 1749 1183 Graecos

218 1237 271 1279 et
303 1226 486 1279 Patres
515 1223 1006 1285 concilii-Toletani,
1034 1236 1151 1274 can.
1183 1221 1270 1282 20,
1307 1227 1360 1273 et
1400 1233 1548 1272 conc.
1580 1217 1750 1267 Arau-

220 1315 411 1373 sicani,
457 1314 625 1368 can.l
663 1329 676 1365 :
727 1329 747 1362 ι
783 1310 1067 1363 liaereticos
1122 1310 1173 1361 in
1224 1309 1411 1362 mortis
1449 1305 1751 1360 discrimine

220 1406 444 1473 positos,
481 1403 522 1454 si
560 1400 799 1453 catholici
833 1412 950 1452 esse
973 1398 1288 1459 desiderant,
1327 1397 1369 1448 si
1398 1393 1751 1460 desitepisco-

218 1506 341 1558 pus,
378 1504 405 1540 a
433 1486 752 1555 presbyteris
796 1498 914 1537 cum
967 1483 1249 1535 chrismate
1281 1488 1334 1533 et
1386 1479 1751 1533 benedictione

222 1575 524 1643 consignari
574 1572 790 1638 placuit.
828 1590 846 1621 ι
876 1570 1066 1622 Eadem
1100 1569 1329 1635 reperies
1357 1568 1407 1619 in
1436 1581 1584 1619 conc.
1618 1564 1751 1617 Are-
1783 1580 1800 1594 δ

223 1665 411 1717 latensi
442 1679 498 1721 ιι,
526 1677 572 1713 c.
607 1661 676 1712 26
705 1678 718 1721 ;
758 1674 904 1712 conc.
939 1659 1228 1726 Epaonens.
1248 1696 1261 1717 ,
1293 1670 1341 1708 c.
1376 1654 1458 1707 l6.

294 1749 586 1804 Secundum
614 1746 866 1798 Romanos
890 1754 1057 1797 autem
1087 1760 1183 1806 non
1212 1744 1345 1804 licet,
1378 1742 1475 1793 nisi
1519 1742 1749 1807 episcopo

1842 614 1998 669 quam
2028 612 2152 651 vero
2176 596 2530 663 unusquisque
2559 607 2652 647 eos
2677 605 2806 658 quos
2841 588 3217 655 baptizaverat,
3241 604 3366 647 suos

1841 685 2059 753 putabat
2086 696 2222 743 esse,
2253 695 2353 735 non
2376 678 2591 739 Christi,
2630 678 2679 729 in
2709 685 2825 729 toto
2838 676 2963 727 orbe
2993 674 3259 728 decretum
3283 684 3367 732 est

1843 781 1903 825 ut
1926 786 2062 824 unus
2088 770 2152 823 de
2198 767 2518 836 presbyteris
2557 764 2754 818 electus
2806 770 3265 829 superponentur,
3299 764 3371 817 ad
3416 794 3421 799 ε

1842 874 2000 925 quem
2026 856 2196 911 omnis
2224 854 2468 908 Ecclesiae
2515 867 2639 905 cura
2667 851 2976 920 pertineret,
3032 858 3083 903 et
3110 850 3369 904 schisma'

1842 956 1955 1000 tum
2001 946 2202 1000 semina
2259 944 2583 1003 tollerentur,
2644 949 2745 993 etc.
2804 940 2925 993 llzec
2981 948 3279 1007 propterea,
3310 946 3367 990 ut

1844 1037 2242 1092 ostenderemus
2270 1032 2405 1100 apud
2429 1039 2633 1083 veteres
2683 1029 2894 1082 eosdem
2925 1026 3081 1080 fuisse
3103 1026 3371 1093 presbyte-

1846 1139 1933 1177 ros
1957 1137 2088 1190 quos
2110 1129 2163 1174 et
2195 1120 2463 1189 episcopos
2489 1136 2500 1168 :
2548 1117 2793 1185 paulatim
2842 1128 2963 1167 vero
2993 1122 3047 1166 ut
3084 1113 3368 1166 dissensio-

1846 1224 1969 1262 num
1983 1207 2239 1276 plantaria
2252 1205 2620 1265 evellerentur,
2637 1204 2699 1254 ad
2714 1218 2872 1255 unum
2899 1217 3103 1255 omnem
3123 1201 3373 1253 sollicitu-

1846 1298 2020 1349 dinem
2047 1309 2165 1348 esse
2185 1294 2425 1346 delatam.
2467 1310 2483 1342 ι
2511 1289 2741 1355 Denique
2763 1297 2975 1355 propter
3002 1288 3247 1340 Ecclesiae
3273 1288 3371 1339 ho-

1846 1396 2049 1442 norem,
2079 1395 2183 1448 quo
2204 1379 2349 1433 salvo
2377 1378 2517 1433 salva
2544 1393 2644 1446 pax
2670 1385 2771 1440 est,
2804 1377 2972 1443 inquit
3003 1375 3371 1438 Tertullianus,

1847 1469 1983 1522 libro
2023 1468 2085 1521 de
2118 1467 2401 1534 Baptismo,
2438 1480 2552 1532 cap.
2612 1466 2692 1523 l7,
2745 1472 2797 1516 et
2845 1477 2995 1531 quem
3028 1472 3241 1516 sanctus
3277 1463 3376 1533 Cy-

1847 1555 2063 1621 prianus
2089 1554 2278 1620 sarpius
2312 1553 2641 1606 commendat
2678 1552 2728 1603 in
2756 1552 2863 1605 suis
2900 1551 3153 1618 epistolis,
3180 1552 3376 1604 consti-

1850 1634 2071 1693 tuerunt
2093 1640 2179 1691 illa
2216 1640 2387 1691 omnia
2444 1637 2690 1706 praedicta
2739 1637 2804 1688 ad
2838 1635 2924 1702 jus
2960 1636 3119 1690 solius
3145 1637 3375 1704 episcopi

1848 1731 2133 1797 pertinere,
2161 1738 2318 1797 atque
2342 1729 2454 1781 hazc
2479 1726 2652 1779 omnia
2688 1725 2867 1778 illicita
2889 1738 3007 1778 esse
3032 1723 3374 1792 presbyteris,

220 1838 340 1891 soli.
373 1835 583 1889 Scilicet
634 1833 887 1901 virginem
922 1846 1075 1885 sacro
1128 1830 1383 1882 velamine
1423 1840 1749 1886 consecrare,
1782 1815 1827 1871 B
1857 1819 2003 1885 quia,
2036 1826 2092 1870 ut
2119 1818 2262 1870 aiunt
2282 1816 2464 1869 Patres
2487 1814 2696 1868 concilii
2734 1813 3057 1881 Hispalensis
3086 1829 3141 1875 ιι,
3170 1826 3287 1864 ean.
3315 1811 3379 1865 7:

221 1924 565 1978 reconciliare
608 1922 948 1990 paenitentum
1000 1920 1051 1972 in
1098 1918 1303 1986 publica
1349 1917 1529 1977 missa,
1582 1914 1752 1967 facere

222 2013 402 2065 oleum
453 2009 829 2066 exorcizatum.
894 2006 981 2060 Sic
1042 2013 1277 2058 statuunt
1328 2004 1511 2056 Patres
1547 2001 1751 2055 concilii

226 2098 656 2166 Carthaginensis
703 2111 764 2157 ιι,
801 2110 918 2146 ean.
946 2094 999 2156 5,
1056 2094 1145 2159 qui
1198 2091 1425 2143 refertur
1466 2092 1520 2141 in
1555 2090 1755 2156 integro

226 2187 408 2240 codice
436 2197 692 2237 canonum
722 2182 966 2236 Ecclesiae
992 2179 1270 2240 Africanm,
1304 2194 1350 2231 c.
1378 2178 1444 2230 56
1469 2194 1481 2239 ;
1516 2176 1755 2229 Gelasius

228 2291 362 2345 papa
400 2275 451 2327 in
498 2273 649 2340 epist.
692 2271 755 2323 ad
805 2270 1075 2338 episcopos
1124 2267 1388 2328 Lucaniae,
1426 2279 1541 2331 cap.
1569 2263 1632 2323 6;
1662 2263 1758 2314 Pa-

227 2373 339 2415 tres
362 2361 566 2415 concilii
594 2359 924 2427 Agathensis,
956 2372 1072 2410 can.
1104 2356 1200 2419 H;
1231 2355 1413 2408 Patres
1433 2352 1637 2406 concilii
1669 2351 1753 2402 lli-

233 2449 495 2518 spalensis
525 2463 582 2509 n,
623 2462 738 2499 can.
776 2447 829 2508 7,
879 2446 961 2497 his
1009 2445 1218 2498 verbis:
1265 2462 1282 2494 t
1348 2444 1479 2496 Nam
1520 2440 1757 2510 quamvis

228 2554 348 2592 eum
374 2536 632 2605 episcopis
659 2520 884 2603 plurima
912 2533 1013 2585 illis
1059 2532 1428 2602 mysteriorum
1466 2528 1757 2583 communis

227 2627 298 2680 sit
325 2618 659 2692 dispenilltio,
697 2621 931 2687 quardam
958 2619 1175 2672 novellis
1197 2627 1250 2670 et
1284 2618 1655 2671 ecclesiasticis
1677 2630 1759 2668 re—

230 2714 367 2781 gulis
402 2712 500 2765 sibi
530 2709 789 2778 prohibita
837 2708 1094 2760 noverint.
1131 2706 1278 2759 Sicut
1313 2707 1755 2774 presbyterorum,

229 2810 283 2853 et
319 2801 655 2853 diaconorum
686 2810 749 2848 ac
774 2795 1032 2863 virginum
1081 2795 1407 2848 consecratio
1434 2809 1447 2856 ;
1482 2793 1618 2845 sicut
1640 2806 1760 2844 con-

231 2886 436 2941 stitutio
488 2883 689 2945 altaris,
752 2881 1067 2943 benedictio,
1097 2881 1179 2934 vel
1228 2882 1404 2932 unctio
1433 2897 1444 2932 :
1470 2910 1473 2911 ν
1502 2878 1758 2947 siquidem

230 2989 331 3030 nec
355 2974 513 3027 licere
540 2974 618 3025 eis
643 2970 927 3026 ecclesiam
958 2969 1039 3022 vel
1084 2969 1268 3022 altaria
1304 2984 1632 3031 consecrare,
1665 2983 1761 3022 nec

227 3077 328 3133 per
381 3060 763 3129 impositioncm
815 3072 1002 3111 manus
1056 3058 1291 3110 fidelibus
1339 3057 1633 3123 baptizatis,
1669 3048 1760 3108 'vel

1856 1924 1873 1955 ι
1917 1906 2256 1958 Pontilicatus
2278 1904 2477 1971 apicem
2502 1918 2604 1960 non
2632 1902 2843 1965 habent,
2867 1917 3021 1969 quem
3046 1901 3169 1955 solis
3190 1902 3380 1955 debere

1851 1995 2107 2064 episcopis
2157 1993 2469 2047 auctoritate
2511 2006 2771 2044 canonum
2823 1991 3159 2058 prmcipitur:
3199 1998 3255 2041 ut
3286 2004 3383 2058 per

1852 2088 1953 2139 hoc
2008 2093 2061 2137 et
2112 2083 2357 2137 discretio
2410 2082 2662 2151 graduum
2719 2088 2771 2133 et
2801 2081 3071 2151 dignitatis
3116 2079 3379 2150 fastigium

1853 2172 2042 2226 summi
2065 2169 2328 2238 pontiﬁcis
2354 2170 2763 2223 demonstretur.
2799 2154 2816 2219 ι

2447 2295 2666 2350 CAPUT
2704 2296 2788 2348 lV’.

2200 2403 2275 2457 De
2296 2404 2610 2472 baptismatis
2634 2404 3033 2470 conﬁrmatione.

1925 2516 1989 2571 In
2014 2518 2313 2586 baptismate
2332 2517 2657 2570 dimittuntur
2678 2533 2774 2569 non
2800 2519 3195 2585 conjunctiones.
3219 2517 3374 2591 Quia,

1855 2614 1913 2659 ut
1940 2606 2167 2672 subjicit,
2202 2607 2459 2670 baptisma
2489 2622 2588 2657 non
2624 2607 2833 2666 bonum,
2865 2607 2952 2659 sed
2989 2607 3181 2659 malum
3209 2607 3378 2660 diluit.

1858 2695 2081 2748 Sanctus
2138 2694 2422 2762 Gregorius
2478 2693 2837 2746 Nazianzenus
2882 2695 2931 2745 in
2989 2696 3228 2749 oratione
3277 2696 3380 2750 80.

1864 2807 1881 2837 ι
1912 2786 2022 2839 Non
2051 2788 2212 2849 enim,
2241 2785 2680 2853 quemadmodum
2706 2783 2971 2836 lavacrum
2997 2785 3131 2837 hanc
3156 2784 3260 2836 vim
3291 2786 3383 2838 ha-

1857 2876 1946 2929 bet
1967 2916 1980 2937 ,
2004 2884 2061 2927 ut
2087 2884 2299 2941 peccata
2328 2875 2517 2936 deleat,
2552 2874 2620 2925 ita
2654 2873 2811 2925 etiam
2840 2880 2980 2926 recte
3025 2874 3162 2926 facta
3190 2874 3386 2929 exstins

1859 2965 1986 3031 guit.
2013 2982 2029 3011 ι

1930 3052 2039 3104 Hoc
2066 3051 2388 3104 Innocentius
2411 3068 2561 3119 pupa.
2588 3050 2696 3103 lloc
2720 3034 3028 3119 argumento
3058 3050 3387 3105 innocentius

232 3120 503 3204 conversis
523 3164 595 3201 ex
628 3146 817 3200 habresi
852 3145 1181 3199 Paracletum
1226 3145 1477 3212 Spiritum
1532 3144 1757 3205 tradere,
1788 3120 1830 3180 C
1864 3156 1989 3194 usus
2033 3149 2115 3194 est
2155 3140 2205 3192 in
2243 3140 2351 3193 suis
2392 3139 2646 3206 epistolis,
2679 3138 3018 3195 nimirumrin
3062 3136 3280 3205 epistola
3323 3136 3387 3189 ad

232 3251 333 3292 nec
354 3235 579 3289 chrisma
603 3233 883 3295 conficere,
919 3247 1015 3285 nec
1064 3232 1346 3284 chrismate
1368 3231 1759 3304 baptizatorpm

238 3324 464 3377 frontem
496 3324 723 3390 signare,
774 3319 864 3374 sed
912 3335 1009 3374 nec
1049 3320 1254 3387 publice
1290 3318 1496 3385 quidem
1522 3318 1574 3371 in
1604 3318 1760 3371 missa

235 3424 552 3479 quemquam
579 3409 943 3477 ptenitentium
994 3406 1350 3469 reconciliare,
1384 3421 1479 3459 nec
1514 3404 1763 3460 formatas

236 3495 453 3551 cuilibet
490 3494 741 3562 epistolas
794 3495 1021 3546 mittere.
1060 3512 1076 3545 ι
1108 3493 1209 3545 Ista
1260 3494 1438 3559 praxis
1495 3493 1763 3545 Romano-

243 3599 363 3637 rum
385 3581 589 3635 diversa
611 3596 640 3633 a
664 3581 964 3633 Graecorum
1002 3580 1186 3633 ritibus
1222 3587 1343 3632 sua‘s
1368 3595 1574 3648 quoque
1608 3580 1765 3633 habet

238 3673 489 3733 rationes,
510 3686 641 3739 quas
668 3671 841 3724 varias
865 3670 1046 3723 Patres
1094 3670 1163 3721 ita
1210 3676 1497 3736 exponunt.
1529 3669 1630 3721 Alii
1656 3669 1765 3722 exi-

240 3759 460 3810 stimant
481 3756 606 3810 illud
641 3757 776 3821 fieri,
798 3758 920 3824 quia
966 3758 1017 3809 in
1072 3757 1314 3824 episcopo
1348 3772 1529 3810 omnes
1557 3758 1767 3809 ordines

239 3855 383 3908 sunt,
414 3854 466 3898 et
520 3860 584 3898 ne
629 3845 859 3913 vulgaris
913 3854 967 3897 et
998 3845 1248 3896 vilissima
1306 3860 1389 3897 res
1432 3845 1698 3896 videretur
1721 3845 1764 3895 si

242 3948 429 3990 omnes
477 3934 657 3986 eadem
706 3940 935 4000 possent.
990 3932 1220 3984 llilarius
1250 3932 1498 3984 diaconus
1535 3931 1585 3983 in
1615 3930 1768 3984 Com-

240 4028 404 4075 ment.
438 4020 489 4073 iu
518 4020 682 4088 Epist.
713 4020 777 4071 ad
803 4019 1054 4086 Ephesios
1089 4034 1201 4087 cap.
1250 4034 1297 4070 tv
1326 4038 1336 4069 :
1378 4036 1395 4067 ‹
1426 4018 1555 4071 Nam
1582 4018 1634 4071 in
1665 4020 1768 4085 epi-

241 4122 402 4175 scopo
430 4121 611 4159 omnes
632 4106 844 4159 ordines
864 4115 999 4169 sunt,
1029 4108 1149 4174 quia
1174 4109 1371 4173 primus
1397 4108 1641 4160 sacerdos
1665 4117 1765 4169 est,

242 4198 345 4250 hoc
369 4202 468 4256 est,
516 4194 758 4262 princeps
791 4203 872 4247 est
917 4196 1262 4257 sacerdotum,
1313 4204 1366 4247 et
1423 4196 1769 4262 propheta,et

242 4284 581 4353 evangelista,
611 4291 663 4335 et
713 4293 901 4336 caetera
956 4284 1284 4353 adimplenda
1330 4283 1497 4335 cilicia
1524 4284 1769 4336 Ecclesiae

245 4372 299 4425 in
323 4371 615 4425 ministerio
642 4370 892 4433 ﬁdelium,
924 4378 1025 4424 etc.
1061 4391 1078 4421 ι
1122 4372 1185 4423 Et
1211 4371 1340 4423 infra
1374 4390 1384 4423 :
1422 4390 1439 4421 ι
1480 4372 1546 4425 Ut
1569 4387 1770 4425 cresce—

246 4468 331 4513 ret
371 4460 518 4527 plebs
565 4464 619 4514 ει
672 4460 1121 4528 multiplicaretur,
1175 4462 1417 4513 omnibus
1464 4463 1600 4515 inter
1626 4463 1769 4515 initia

244 4559 554 4598 concessum
575 4554 675 4608 est,
697 4555 797 4598 etc.
831 4565 849 4596 ι
878 4546 945 4598 At
973 4548 1058 4600 ubi
1104 4556 1273 4600 autem
1318 4549 1490 4599 omnia
1523 4548 1633 4600 loca
1667 4549 1771 4600 cir-

246 4629 522 4697 cumplexa
551 4637 635 4683 est
661 4630 913 4695 Ecclesia,
939 4631 1293 4683 conventicula
1322 4633 1603 4685 constituta
1630 4640 1772 4696 sunt,

247 4727 305 4772 et
341 4726 595 4779 rectores,
628 4725 684 4770 et
723 4726 912 4770 cetera
942 4717 1111 4771 cilicia
1137 4718 1188 4770 in
1212 4718 1460 4771 Ecclesiis
1489 4729 1609 4772 sunt
1638 4721 1775 4774 ordi-

249 4816 396 4868 nata,
424 4815 523 4862 etc.
575 4807 746 4876 Coepit
766 4807 868 4862 alio
894 4809 1075 4862 ordine
1123 4816 1176 4861 et
1218 4809 1540 4876 providentia
1587 4813 1776 4877 guber-

250 4895 373 4947 nari
396 4894 630 4948 Ecelesia
655 4912 667 4945 :
697 4896 819 4961 quia
848 4896 889 4949 si
932 4910 1110 4949 omnes
1165 4897 1347 4948 eadem
1374 4905 1608 4963 possent,
1646 4898 1774 4950 irra-

253 4968 503 5033 tionabile
551 4988 710 5044 esset,
743 4988 797 5033 et
824 4982 1050 5050 vulgaris
1090 4997 1175 5034 res
1203 4990 1255 5034 et
1297 4982 1547 5036 vilissima
1576 4983 1777 5037 videre-

254 5076 364 5121 tur.
394 5066 527 5120 Hinc
558 5081 684 5138 ergo
710 5077 791 5121 est
818 5069 953 5121 unde
999 5084 1135 5121 nunc
1188 5085 1374 5138 neque,
1404 5079 1504 5125 etc.
1554 5071 1654 5125 Alii
1679 5073 1777 5125 hoc

257 5155 528 5211 decretum
585 5171 701 5211 esse
759 5158 954 5221 dicunt,
1014 5166 1073 5209 ut
1126 5158 1405 5211 schismata
1453 5160 1772 5213 tollerentur.

260 5240 487 5297 Sanctus
543 5242 887 5311 Hieronymus
938 5245 987 5296 in
1022 5244 1374 5297 Commentar.
1428 5248 1479 5300 in
1518 5247 1681 5315 Epist.
1710 5249 1775 5301 ad

264 5328 439 5383 Titum
482 5345 596 5399 cap.
630 5346 647 5383 ι
679 5346 693 5383 :
730 5348 747 5379 ι
784 5330 919 5383 Idem
941 5340 1018 5384 est
1053 5348 1176 5401 ergo
1201 5335 1471 5403 presbyter
1496 5338 1634 5404 quod
1668 5339 1777 5406 epi-

262 5432 494 5487 scopus:
531 5428 584 5472 et
602 5428 877 5487 antequam
904 5422 1095 5474 diaboli
1124 5423 1395 5485 instinctu,
1426 5424 1595 5477 studia
1620 5426 1671 5477 in
1697 5441 1777 5477 re~

264 5506 459 5577 ligione
508 5505 712 5569 ﬂerent,
750 5515 804 5560 et
849 5508 1081 5560 dicerent
1130 5509 1180 5560 in
1236 5509 1479 5577 populis:
1532 5511 1639 5580 Ego
1664 5529 1773 5564 sum

270 5589 443 5655 Pauli,
467 5609 554 5659 ego
578 5592 771 5658 Apollo,
803 5610 890 5660 ego
920 5603 1081 5645 autem
1110 5593 1306 5661 Cephtr,
1351 5600 1610 5649 communi
1634 5614 1777 5665 pres-

577 5683 831 5740 ΡΑτιιοι..
882 5682 1096 5742 XCIX.

1863 3229 2167 3281 \‘ictricium
2201 3229 2500 3295 episcopum
2539 3228 3036 3295 liothomagensem,
3068 3241 3182 3295 cap.
3208 3225 3269 3288 6;
3302 3240 3383 3293 ep.

1860 3316 1923 3368 ad
1974 3316 2242 3383 episcopos
2271 3314 2606 3376 Macedoniae,
2648 3329 2760 3381 cap.
2802 3315 2863 3376 ‘2;
2894 3330 2975 3381 ep.
3026 3314 3091 3367 ad
3133 3314 3386 3383 synodum

1862 3402 1912 3454 in
1960 3402 2207 3455 Toletana
2251 3402 2463 3455 civitate
2507 3402 2873 3464 constitutam,
2914 3418 2961 3455 c.
2988 3401 3046 3464 6;
3097 3395 3179 3470 ep.
3219 3402 3286 3455 25
3324 3402 3390 3462 τιὰ,

1860 3492 2131 3559 episcopos
2175 3491 2356 3558 synodi
2403 3490 2686 3543 Toletanaz.
2718 3488 3093 3557 Argumentum
3132 3488 3268 3556 quod
3308 3486 3389 3540 ln-

1862 3580 2136 3633 noccntius
2172 3580 2328 3632 toties
2372 3579 2587 3645 repetit,
2618 3593 2721 3644 quo
2766 3579 2949 3645 probet.
2995 3577 3227 3645 bigamos
3273 3590 3389 3630 esse

1862 3668 2020 3721 etiam
2063 3682 2155 3720 eos
2196 3667 2284 3735 qui
2314 3667 2532 3720 alteram
2573 3675 2689 3733 post
2719 3666 3004 3729 lavacrum,
3039 3667 3215 3735 priore
3252 3679 3392 3719 moro

1867 3766 1973 3820 tua,
2016 3758 2277 3811 duxerunt
2341 3773 2588 3819 uxorem,
2637 3758 2706 3809 ita
2760 3744 3074 3824 Hieronymo
3126 3754 3387 3823 obiectum

1863 3859 1947 3901 est
1969 3865 1998 3901 a
2034 3851 2149 3903 viro
2176 3849 2619 3915 eloquentissimo,
2656 3850 2789 3901 sicut
2834 3851 3052 3916 ipsemet
3088 3858 3309 3901 testatur
3334 3864 3387 3903 tn

1865 3938 2018 4005 epist.
2048 3938 2115 3990 ad
2155 3935 2436 3998 Oceanum,
2462 3946 2518 3987 ut
2548 3937 2681 3990 inter
2705 3936 2805 3988 alia
2850 3936 2991 3989 dicat
3034 3952 3188 3989 unius
3212 3937 3389 3990 uxoris

1865 4040 1980 4079 esse
2003 4026 2194 4087 virum,
2223 4026 2311 4092 qui
2341 4026 2571 4093 singulas
2609 4040 2712 4078 uno
2743 4033 2972 4092 tempore
2998 4026 3235 4079 habuerit
3260 4040 3387 4080 uxo-

1867 4128 1969 4165 res.
2002 4130 2019 4161 ι
2049 4112 2156 4164 Hoc
2192 4112 2330 4177 quod
2373 4112 2499 4163 dicit
2540 4112 2689 4163 unius
2726 4112 2901 4163 uxoris
2929 4113 3109 4168 virum,
3141 4119 3309 4178 potest
3336 4120 3388 4164 et

1867 4201 2018 4252 aliter
2064 4199 2270 4253 disseri.
2332 4198 2407 4249 Ex
2457 4197 2648 4249 Judzeis
2705 4205 2819 4250 erat
2872 4198 3153 4264 apostolus.
3215 4198 3386 4250 Prima

1868 4286 2061 4338 Christi
2100 4285 2330 4339 Ecclesia
2375 4285 2437 4338 de
2475 4284 2633 4336 Israel
2676 4284 2906 4351 reliquiis
2958 4284 3383 4353 congregabatur.

1873 4372 2083 4425 Sciebat
2107 4373 2219 4441 lege
2247 4388 2574 4435 concessum,
2599 4382 2652 4425 et
2692 4372 2928 4439 exemplo
2973 4373 3386 4439 patriarcharum

1874 4475 1934 4513 ac
1969 4460 2129 4527 Moysi
2161 4460 2400 4513 familiari
2442 4460 2630 4528 populo
2658 4468 2875 4511 noverat
2904 4460 2955 4512 in
2986 4459 3163 4513 multis
3206 4462 3385 4514 uxori-

1875 4552 1972 4603 bus
1996 4551 2190 4604 liberos
2212 4565 2455 4618 spargere
2479 4566 2489 4600 :
2520 4550 2644 4616 ipsis
2673 4563 2879 4616 quoque
2907 4549 3266 4603 sacerdotibus
3292 4550 3387 4602 lm-

1869 4636 1956 4703 jus
1999 4638 2221 4690 licentite
2257 4639 2466 4704 patebat
2518 4638 2812 4690 arbitrium.
2857 4636 3112 4703 Prtecepit
3152 4651 3276 4703 ergo
3320 4650 3385 4689 ne

1876 4726 2110 4777 eamdem
2137 4726 2397 4777 licentiam
2435 4726 2678 4778 Ecclesia:
2715 4725 2809 4777 sibi
2848 4724 3110 4777 vindicent
3145 4726 3388 4777 sacerdo-

1878 4821 1993 4865 tes:
2024 4828 2087 4865 ne
2130 4814 2250 4866 bina
2294 4816 2489 4880 pariter
2520 4822 2573 4865 et
2619 4814 2752 4885 trina
2799 4812 3034 4881 conjugia
3080 4814 3382 4875 sortiantur,

1876 4902 1965 4953 sed
1996 4913 2051 4953 ut
2091 4902 2318 4972 singulas
2344 4916 2469 4953 unt»
2494 4910 2723 4970 tempore
2762 4918 2952 4955 uxores
2991 4902 3231 4954 habeant.
3263 4923 3279 4954 ι
3308 4904 3385 4956 Ah

1876 4988 1959 5041 illa
2003 4988 2429 5054 interpretatione
2472 4988 2649 5055 procul
2692 4989 2847 5043 dubio
2889 5003 2989 5041 non
3035 4989 3384 5042 abhorrebant

1876 5077 2122 5143 episcopi,
2151 5090 2282 5144 quos
2323 5077 2557 5147 asperius
2581 5080 2838 5145 vituperat
2872 5077 3219 5130 Tertullianus
3253 5077 3384 5130 libro

1878 5166 1941 5219 de
1968 5165 2310 5234 Monogamia,
2344 5150 2455 5233 cap.
2488 5165 2551 5218 19.
2571 5207 2583 5229 ,
2624 5167 2705 5219 his
2746 5166 2953 5219 verbis:
2988 5185 3004 5213 ι
3034 5165 3383 5235 Prospiciebat

1880 5252 2105 5320 Spiritus
2148 5262 2359 5307 sanctus
2404 5255 2633 5306 dicturos
2676 5254 2930 5319 quosdam‘
2955 5271 2965 5303 :
2993 5253 3178 5306 Omnia
3224 5253 3381 5323 licent

1879 5339 2161 5405 episcOpis;
2202 5338 2336 5391 sicut
2371 5338 2454 5390 ille
2475 5348 2647 5393 vester
2664 5339 2931 5393 Utinensis
2956 5353 3049 5392 nec
3078 5338 3417 5393 scantiniam”

1880 5424 2071 5477 timuit.
2114 5425 2259 5488 Quod
2299 5424 2435 5477 enim
2474 5433 2525 5476 et
2561 5425 2750 5492 digami
2792 5426 3071 5493 prtesidcnt
3110 5428 3241 5494 apud
3271 5442 3384 5495 vos,

1878 5512 2187 5564 insultantes
2209 5513 2385 5579 utique
2413 5511 2677 5579 Apostolo,
2708 5522 2849 5567 certo
2876 5529 2976 5567 non
3001 5514 3388 5580 erubescentes,

1880 5617 1995 5653 cum
2032 5604 2141 5654 haec
2177 5604 2271 5654 sub
2297 5602 2397 5654 illis
2425 5601 2725 5669 leguntur.»
2761 5602 3105 5654 Nihilominus
3126 5617 3281 5669 supra
3312 5603 3388 5675 di;

2857 5690 2931 5748 36
