3926 6216
516 305 637 361 1151
1560 308 1645 361 AD
1686 303 2201 360 PGJNITENTIALE
2239 302 2573 359 TIIEODORI
3512 302 3540 352 1
3554 300 3654 353 15!

512 422 656 467 serat
675 412 808 467 libro
833 427 849 466 ι
872 415 937 468 ad
968 412 1214 479 Uxorem,
1242 429 1358 482 cap.
1381 416 1410 465 7
1439 432 1448 465 :
1484 432 1499 463 ι
1528 414 1787 479 Quantum
1814 412 2016 464 obstre-
2040 414 2086 468 Α
2114 422 2277 476 ganus
2318 409 2564 463 habuerit
2597 408 2846 483 alteram,
2880 407 3226 463 ordinandum
3263 419 3378 461 esse
3417 422 3649 461 censue-

514 508 633 572 pant
653 498 913 553 sanctitati
937 502 1125 569 nuptiae
1148 501 1402 565 secundae,
1419 500 1687 566 disciplina
1709 497 1949 551 Ecclesia:
1965 504 2017 549 et
2115 504 2254 548 runt.
2283 494 2357 550 De
2395 502 2727 549 sacramento
2754 496 2895 549 enim
2923 496 3131 563 agitur,
3152 508 3255 548 non
3297 494 3364 547 de
3405 504 3648 561 peccato.

511 586 830 652 prmscriptip
855 586 1085 654 Apostoli
1103 587 1349 648 declarat,
1373 601 1489 639 cum
1513 587 1746 652 digamos
1770 598 1872 635 non
1897 582 2021 634 sinit
2116 579 2247 633 Nam
2284 581 2335 633 in
2356 582 2613 648 baptismo
2638 590 2853 649 peccata
2880 581 3055 633 omnia
3086 581 3438 634 dimittuntur.
3463 600 3482 633 ι
3516 583 3654 636 Vide

513 670 806 737 praesidere.
829 690 847 721 ι
883 672 948 723 Ει
975 672 1027 723 in
1063 672 1197 725 libro
1237 673 1300 725 de
1334 671 1705 724 Exhortatione
1743 668 2017 730 castitatis,
2117 670 2339 724 Leonem
2385 669 2619 738 papaml
2662 671 2713 722 in
2750 684 2833 737 ep.
2879 669 2944 722 ad
2974 669 3307 722 Anastasinm
3338 670 3651 736 episcopum

514 758 566 810 in
624 773 728 826 quo
793 760 1097 812 dehortatur
1140 775 1171 811 a
1221 759 1463 812 secundis
1522 758 1746 825 nuptiis,
1788 756 2025 808 meminit
2119 760 2654 820 Thessalonicensem,
2683 774 2798 826 cap.
2824 761 2888 822 5;
2918 760 2970 811 in
3008 774 3090 828 ep.
3115 759 3181 811 ad
3212 760 3489 827 episcopos
3529 774 3656 825 pro-

514 847 765 913 quosdam
790 847 1023 916 digamos
1045 863 1073 899 a
1098 848 1211 900 loco
1237 845 1482 911 deiectos.
1510 845 1609 898 Sed
1639 846 1759 897 illud
1786 843 1946 897 refert
1966 852 2023 896 ut
2121 847 2300 899 vincia-2
2326 846 2654 908 Viennensis,
2683 860 2799 912 cap.
2826 847 2847 897 1
2872 863 2885 909 ;
2918 861 3067 899 conc.
3096 844 3431 913 Arausican.,
3463 861 3512 898 c.
3542 844 3652 907 25;

515 935 638 999 quid
669 935 881 988 omnino
924 936 1225 988 insolitum:
1259 953 1276 984 ι
1306 934 1473 1001 thue
1515 934 1661 995 adeo,
1703 932 1870 999 inquit
1903 945 2020 997 cap.

514 1023 566 1083 7,
591 1026 840 1090 quosdam
868 1026 1079 1078 memini
1104 1026 1337 1092 digamos
1373 1025 1486 1077 loco
1522 1023 1767 1089 deiectos.
1800 1022 1865 1074 Et
1891 1021 2027 1073 veri—

515 1109 682 1161 simile
710 1118 789 1163 est
827 1110 1001 1176 plures
1029 1110 1079 1161 in
1122 1110 1353 1163 Ecclesia
1387 1109 1718 1175 praesedisse;
1746 1121 1862 1159 cum
1908 1120 2028 1158 san-

2120 936 2305 988 concil.
2329 934 2717 1005 Andegavense,
2746 953 2861 990 can.
2905 939 2997 1001 ll;
3046 937 3322 990 concilium
3352 937 3655 989 Romanum

2123 1022 2218 1074 sub
2247 1021 2421 1075 Hilam
2448 1039 2601 1093 papa,
2634 1040 2749 1077 can.
2777 1024 2841 1088 2;
2873 1025 3150 1078 concilium
3178 1024 3497 1090 Agatbense,
3525 1039 3651 1075 can.

2126 1108 2174 1171 1,
2202 1115 2254 1160 et
2282 1111 2561 1163 concilium
2584 1112 2885 1165 Arelatense
2910 1128 2979 1173 Iv,
3006 1128 3125 1165 can.
3148 1115 3200 1165 5.

516 1205 630 1249 ctus
673 1197 1015 1264 Hieronymus
1042 1204 1304 1251 asseveret
1327 1205 1493 1249 totum
1540 1196 1789 1247 mundum
1816 1195 2027 1262 plenum
2194 1195 2406 1249 Nullum
2451 1198 2726 1265 perfectum
2770 1200 3018 1251 credimus
3063 1200 3117 1251 in
3156 1200 3425 1267 baptismo.
3453 1200 3665 1268 Nempe

516 1298 631 1335 esse
660 1284 741 1336 his
776 1284 1203 1346 ordinationibus,
1232 1294 1389 1351 atque
1412 1294 1469 1337 ut
1497 1286 1571 1336 ait
1591 1284 1641 1336 in
1666 1297 1747 1351 ep.
1779 1285 1844 1336 ad
1867 1284 2031 1338 Oeea-
2124 1281 2213 1348 qui
2239 1297 2341 1334 non
2366 1284 2654 1349 completur
2677 1285 2880 1336 caeteris
2909 1286 3270 1338 sacramentis.
3300 1287 3395 1339 llic
3435 1302 3665 1353 preser-

517 1390 669 1436 num,
705 1393 722 1424 c
750 1374 861 1427 Non
906 1375 1023 1428 dico
1048 1375 1111 1427 de
1156 1376 1493 1442 presbyteris,
1534 1389 1635 1426 non
1684 1374 1747 1425 de
1794 1373 2029 1426 inferiori
2127 1369 2219 1421 tim
2260 1383 2377 1421 cum
2413 1369 2653 1423 Patribus
2680 1370 2882 1423 Latinis
2910 1372 3214 1425 Theodorus
3241 1372 3490 1439 loquitur.
3520 1373 3663 1426 Ter—

516 1464 696 1529 gradu,
726 1464 789 1515 ad
815 1462 1085 1530 episcopos
1114 1462 1279 1523 venio,
1310 1478 1442 1530 quos
1466 1463 1511 1514 si
1534 1460 1794 1529 sigillatim
1820 1461 2032 1513 voluero
2127 1456 2391 1518 tullianns,
2422 1457 2555 1511 libro
2586 1459 2651 1511 de
2679 1459 2963 1525 Baptismo,
2995 1475 3109 1527 cap.
3137 1459 3207 1512 6:
3245 1477 3263 1509 ι
3293 1459 3403 1512 Non
3432 1460 3573 1527 quod
3606 1463 3664 1513 in

481 1540 497 1557 ⁷
517 1550 801 1612 nominare,
830 1559 1003 1603 tantus
1034 1565 1278 1601 numerus
1319 1549 1735 1615 congregabitur,
1763 1556 1821 1599 ut
1844 1545 2034 1598 Ariini—
2129 1542 2276 1608 aquis
2314 1541 2564 1609 Spiritum
2605 1553 2843 1597 sanctum
2870 1560 3268 1612 consequamur,
3295 1547 3387 1599 sei
3420 1547 3473 1598 in
3520 1561 3667 1613 aqua

517 1638 692 1690 nensis
721 1638 901 1705 synodi
931 1637 1202 1689 multitudo
1226 1645 1516 1704 superetur.
1541 1636 1644 1688 Sed
1686 1637 1931 1689 indecens
1955 1642 2033 1686 est
2131 1628 2380 1691 lnundali,
2414 1631 2509 1683 sub
2535 1631 2716 1699 angelo
2762 1630 2978 1698 Spiritui
3021 1640 3204 1685 sancto
3232 1647 3622 1705 praeparamur.
3642 1652 3661 1682 ι

519 1724 595 1776 sic
620 1737 778 1775 unum
808 1723 959 1781 tueri,
982 1731 1038 1774 ut
1058 1723 1231 1788 plures
1257 1738 1503 1775 accusare
1526 1723 1779 1785 videaris;
1806 1729 1860 1774 et
1879 1736 2033 1788 quem

2156 1712 2403 1766 lornclius
2446 1716 2498 1766 in
2528 1731 2608 1782 ep.
2637 1718 2701 1769 ad
2736 1718 2954 1769 Fabium
2984 1719 3045 1769 de
3074 1717 3295 1780 Novato,
3325 1719 3461 1786 apud
3500 1719 3671 1770 Ense—

520 1810 720 1862 ratione
748 1824 847 1861 non
881 1809 1065 1876 possis,
1094 1810 1343 1863 societate
1376 1809 1702 1877 peccantium
1732 1807 2030 1862 defendas.»
2133 1801 2273 1854 bium
2312 1804 2401 1857 lib.
2428 1821 2511 1866 vr,
2542 1821 2653 1871 cap.
2686 1805 2786 1859 63:
2824 1825 2840 1855 ι
2869 1806 2923 1858 ln
2964 1807 3077 1875 ipso
3107 1808 3159 1859 in
3200 1824 3304 1874 quo
3332 1807 3544 1873 jaccbat
3593 1809 3671 1861 le—

522 1900 651 1965 Quis
693 1900 876 1953 credat
924 1899 1266 1966 Hieronymo,
1306 1898 1350 1951 si
1396 1898 1598 1965 legatur
1634 1896 1771 1963 quod
1826 1904 2039 1948 sanctus
2134 1890 2272 1943 ctulo
2300 1891 2559 1958 perfusus,
2604 1894 2919 1961 baptismum
2960 1898 3216 1964 suscepit;
3246 1898 3290 1950 si
3338 1907 3511 1951 tamen
3560 1901 3669 1952 hu-

527 1989 845 2056 Epiphanius
871 1995 989 2054 post
1028 1985 1303 2054 Origcncm
1337 1985 1465 2037 dicit
1487 1986 1672 2039 haeres.
1700 1998 1784 2037 ux
1819 1998 1921 2036 non
1959 1997 2043 2036 sn-

527 2076 726 2142 scipere
750 2082 983 2125 sanctam
1014 2073 1105 2124 Dei
1129 2072 1545 2138 praedicationem
1576 2078 1691 2135 post
1717 2068 1908 2121 Christi
1946 2066 2039 2119 ad-

526 2168 738 2212 ventum
776 2173 867 2211 eos
909 2158 1025 2224 qui,
1070 2165 1271 2210 mortua
1316 2158 1545 2224 ipsorum
1584 2169 1761 2216 uxore,
1803 2154 2043 2208 secundis

529 2248 722 2314 nuptiis
756 2244 1014 2311 conjuncti
1060 2254 1208 2307 sunt,
1248 2254 1459 2313 prepter
1499 2244 1836 2297 excellentem
1872 2258 2045 2295 sacer—

529 2335 653 2387 dotii
694 2335 943 2387 honorem
984 2348 1046 2385 ac
1082 2334 1419 2401 dignitatem:
1450 2332 1548 2383 nisi
1594 2332 1835 2382 observet
1864 2329 2045 2381 liiero—

530 2424 672 2491 nymi
714 2422 986 2475 sententiae
1024 2420 1201 2473 favere
1243 2418 1537 2471 testimonia
1585 2416 1805 2468 aliorum
1834 2415 2047 2467 Patrum

534 2510 834 2563 Graecorum
868 2526 879 2560 :
914 2508 1079 2561 sancti
1106 2506 1153 2560 J.
1182 2506 1471 2576 Chrysost.,
1500 2504 1679 2558 homil.
1711 2504 1775 2556 10
1802 2503 1854 2557 in
1881 2504 2045 2571 Epist.

534 2598 679 2651 Pauli
708 2598 771 2649 ad
795 2596 1019 2649 Timoth.
1046 2596 1082 2657 ι,
1112 2609 1227 2662 cap.
1256 2610 1337 2658 ιιι,
1360 2601 1414 2647 et
1436 2590 1770 2646 Theodoreti.
1796 2590 1891 2643 llic
1910 2592 2049 2643 enim

537 2685 697 2738 refert
735 2686 785 2738 in
810 2699 924 2751 cap.
960 2699 1019 2736 ιιι
1058 2684 1209 2750 epist.
1232 2683 1253 2736 Ι
1278 2684 1344 2736 ad
1377 2684 1706 2736 Timotheum
1743 2681 2051 2734 sententiam

534 2787 715 2826 eorum
745 2772 834 2838 qui
874 2771 1127 2823 sentirent
1167 2784 1286 2822 eum
1328 2770 1419 2838 qui
1465 2785 1583 2825 cum
1609 2785 1713 2823 una
1752 2769 1861 2823 sola
1890 2782 2054 2821 uxore

536 2859 721 2929 pudice
743 2858 1032 2919 cohabitat,
1070 2858 1279 2926 dignum
1305 2872 1418 2911 esse
1444 2859 1533 2925 qui
1568 2859 1837 2912 ordinetur
1856 2858 2057 2924 episco-

539 2960 637 3014 pus
678 2960 691 2997 :
739 2959 835 2997 nec
882 2944 1137 2997 secundas
1193 2945 1495 3013 Apostolum
1543 2946 1786 3013 reiecisse
1827 2945 2050 3013 nuptias.

2128 1974 2417 2041 juscemodi
2446 1980 2758 2046 baptismum
2804 1986 3094 2049 suscepisse
3139 1986 3386 2038 dicendus
3422 1996 3518 2038 est.
3554 1987 3664 2041 Sed

2138 2077 2305 2130 neque
2331 2074 2601 2132 postquam
2633 2068 2883 2122 liberatus
2907 2078 2988 2122 est
3016 2072 3216 2132 morbo,
3246 2071 3443 2137 reliqua
3482 2089 3671 2139 perce-

2137 2149 2215 2215 pit
2255 2164 2369 2216 qute
2404 2153 2552 2216 juxta
2594 2153 3002 2207 ecclesiasticam
3046 2155 3278 2221 regulam
3330 2159 3525 2224 percipi
3573 2160 3667 2210 de—

2138 2234 2298 2285 bent:
2332 2250 2499 2311 neque
2538 2237 2601 2289 ab
2636 2238 2879 2305 episeopo
2919 2239 3256 2307 consignatus
3286 2250 3383 2293 est.
3416 2242 3525 2293 Hoc
3570 2257 3669 2294 an-

2142 2327 2249 2371 tem
2284 2320 2549 2387 signaculo
2584 2323 2796 2377 minime
2819 2334 3084 2394 percepto,
3111 2342 3215 2395 quo
3260 2330 3467 2382 tandem
3511 2332 3674 2384 modo

2145 2412 2398 2479 Spiritum
2447 2424 2687 2470 sanctum
2733 2419 2902 2484 potuit
2949 2421 3252 2487 accipere.»
3299 2420 3523 2473 Sanctus
3564 2422 3672 2489 Cy-

2142 2499 2356 2567 prianus
2386 2500 2439 2552 in
2468 2516 2550 2568 ep.
2581 2502 2646 2554 74
2673 2504 2736 2556 ad
2763 2503 3086 2573 Pompeium.
3114 2507 3275 2559 Vetus
3305 2516 3488 2560 auctor
3510 2522 3674 2574 quem

2146 2600 2249 2638 una
2292 2601 2409 2639 cum
2450 2586 2709 2654 Cypriane
2750 2590 2911 2643 edidit
2936 2594 3017 2644 vir
3070 2593 3139 2644 cl.
3170 2591 3230 2644 N.
3268 2593 3525 2661 Rigaltius
3552 2604 3677 2661 post

2148 2674 2423 2741 epistolam
2464 2676 2700 2729 citatam.
2730 2677 2843 2731 Non
2874 2690 3065 2749 negant
3095 2688 3267 2735 tamen
3295 2682 3589 2753 Cyprianus
3614 2696 3671 2738 et

2149 2760 2512 2831 Hieronymus,
2534 2774 2749 2833 cogente
2774 2770 3107 2832 necessitate,
3139 2777 3305 2823 totum
3326 2773 3569 2827 conferre
3595 2774 3677 2826 di-

2149 2851 2265 2902 vina
2291 2851 2615 2918 compendia.
2646 2854 2755 2907 Hoc
2781 2856 2906 2909 dicit
2936 2866 3149 2910 sanctus
3187 2858 3479 2926 Cyprianus
3508 2864 3676 2915 etiam

2153 2935 2216 2988 de
2246 2936 2446 2990 elinieis
2485 2938 2539 2989 in
2573 2938 2723 3006 epist.
2754 2940 2820 2992 ad
2848 2940 3086 3008 Magnum
3116 2943 3179 2995 de
3216 2944 3546 3013 baptizandis
3573 2948 3679 3001 No-

538 3003 735 3087 beinde
774 3047 890 3086 eam
918 3032 1227 3085 auctoritate
1240 3003 1365 3084 .divi
1410 3032 1554 3084 Pauli
1586 3003 2053 3086 confirmare-com
2080 3003 2123 3062 Ο
2153 3024 2402 3088 νδῑὶθηίες
2430 3032 2484 3077 ει
2514 3026 2578 3080 de
2614 3028 2682 3081 iis
2714 3029 2801 3095 (illi
2832 3029 2885 3083 in
2914 3030 3048 3084 ιθοω
3076 3003 3303 3100 gratia";
3340 3049 3677 3104 consequun-

539 3120 725 3182 tendit,
754 3133 817 3171 ac
842 3118 1063 3185 denique
1096 3118 1239 3170 illam
1274 3120 1478 3172 cxcteris
1517 3127 1829 3187 anteponere
1854 3134 1911 3174 se
1936 3135 2057 3188 pro-

540 3202 718 3256 litetur
746 3202 827 3256 his
852 3204 1026 3261 verbis
1051 3222 1061 3255 :
1092 3210 1259 3258 Ταῦτα
1287 3209 1363 3259 καὶ
1389 3208 1452 3260 τὰ
1479 3214 1687 3260 τοιαῦτα
1714 3209 2054 3277 σκοπούμενος,

540 3289 853 3357 ἀποδέχομαι
889 3299 983 3344 τῶν
1010 3292 1135 3345 οὕτω
1171 3294 1463 3355 essenterant
1488 3299 1574 3351 τήν
1609 3294 1882 3368 ἑρμηνςίαν.
1911 3294 2059 3359 Quod

544 3392 669 3430 vero
710 3377 890 3431 Patres
931 3378 1100 3432 Latini
1142 3380 1230 3447 qui
1273 3380 1639 3450 Hieronymum
1679 3392 2062 3450 przceesserunt

545 3466 642 3533 ipsi
673 3474 927 3519 testantur
949 3468 1137 3521 multos
1159 3468 1452 3535 huiusmodi
1478 3470 1711 3539 digamos
1738 3471 1898 3527 fuisse
1923 3474 2063 3526 ordi-

544 3563 717 3617 natos,
741 3565 1053 3622 quapropter
1072 3557 1315 3612 Patribus
1336 3560 1543 3613 concilii
1568 3560 1822 3616 Valentini
1850 3562 2058 3629 placuit,

548 3656 667 3695 can.
696 3643 745 3705 1,
788 3642 853 3694 de
877 3657 1061 3696 eorum
1106 3652 1243 3697 statu
1278 3647 1364 3713 qui
1406 3648 1552 3715 prius
1593 3647 1816 3700 ordinati
1860 3647 2067 3702 fuerant

548 3728 679 3784 nihil
704 3728 915 3783 revolvi.
948 3731 1011 3784 Et
1046 3741 1257 3786 sanctus
1280 3732 1585 3787 Ambrosius
1613 3735 1739 3789 dicit
1772 3734 1905 3787 libro
1932 3752 1949 3789 ι
1978 3733 2067 3788 Of-

552 3812 806 3881 ficiorum,
832 3833 946 3885 cap.
974 3818 1063 3883 50,
1091 3821 1352 3887 plerisque
1394 3823 1583 3875 mirum
1608 3822 1773 3875 vidui
1812 3836 1907 3875 cur
1946 3828 2068 3876 ante

552 3905 866 3972 baptismum
893 3906 1079 3957 iterato
1110 3906 1367 3974 coniugio,
1403 3909 1469 3961 ad
1502 3909 1809 3962 electionem
1838 3909 2068 3963 muneris

553 3999 606 4045 et
630 3992 969 4045 ordinationis
998 3995 1393 4062 praerogativam
1422 3995 1789 4060 impedimenta
1818 4010 2070 4065 generen-

555 4088 659 4143 tur,
689 4095 805 4133 cum
834 4081 991 4134 etiam
1014 4082 1199 4135 delicta
1222 4082 1406 4135 obesse
1431 4097 1532 4157 non
1560 4077 1778 4147 soleant,
1806 4086 1849 4138 si
1874 4085 2069 4139 lavacri

559 4169 775 4222 remissa
803 4166 994 4220 fuerint
1028 4177 1372 4221 sacramento.
1402 4170 1505 4223 Sed
1546 4178 1717 4223 tamen
1756 4172 2069 4225 contrariam

2153 3116 2256 3163 tur.
2280 3128 2297 3159 ι
2325 3111 2381 3163 lu
2406 3116 2768 3178 sacramentis,
2794 3116 2977 3184 inquit,
2995 3119 3333 3183 salutaribus,
3363 3126 3681 3179 necessitate

2153 3206 2370 3266 cogente
2395 3208 2449 3252 et
2476 3202 2583 3253 Deo
2634 3201 3007 3270 indulgentiam
3033 3220 3180 3259 suam
3205 3207 3478 3275 largiente,
3504 3218 3681 3265 totum

2155 3289 2486 3341 credentibus
2510 3288 2784 3343 conferunt
2806 3291 2980 3344 divina
3002 3294 3327 3361 compendia.
3352 3314 3372 3347 ι
3403 3296 3550 3363 Quod
3583 3299 3688 3368 Cy-

2154 3374 2368 3440 prianus
2394 3376 2519 3428 dicit
2546 3375 2609 3428 de
2642 3376 2865 3440 clinicis,
2906 3378 2958 3430 id
2983 3377 3210 3432 allirmat
3237 3380 3587 3452 Hieronymus
3612 3386 3687 3438 de

2156 3462 2221 3515 iis
2249 3462 2337 3530 qui
2371 3463 2437 3517 ob
2470 3465 2751 3517 remotiora
2780 3464 2890 3518 loca
2919 3481 2948 3519 a
2976 3467 3299 3536 presbyteris
3323 3469 3405 3522 vel
3443 3471 3690 3525 diarouis

2157 3552 2404 3618 baptizati
2432 3552 2622 3604 mortui
2655 3561 2825 3615 erant,
2857 3555 3161 3621 priusquam
3188 3557 3254 3609 ab
3281 3557 3524 3625 episcopo
3556 3572 3689 3611 oon-

2160 3636 2506 3691 ﬁrmarentur.
2539 3636 2627 3691 Sic
2647 3639 2853 3706 egregie
2878 3648 3091 3693 sanctus
3118 3639 3463 3710 Hieronymus
3490 3643 3689 3699 advero

2160 3740 2251 3779 sus
2302 3724 2772 3780 Luciferanianos;
2811 3744 2829 3775 ι
2858 3725 3017 3791 Quod
3051 3727 3096 3780 si
3134 3727 3234 3782 hoc
3278 3728 3392 3783 loco
3442 3731 3635 3798 (macris
3667 3748 3687 3785 :

2160 3828 2323 3880 quare
2372 3810 2690 3867 in‘Ecclesia
2725 3816 3039 3884 baptizatus,
3076 3817 3178 3870 nisi
3218 3833 3314 3886 per
3345 3833 3530 3873 manus
3567 3822 3688 3889 epi-

2163 3901 2323 3977 scopi,
2357 3915 2460 3953 non
2483 3901 2704 3969 accipiat
2731 3901 2981 3971 Spiritum
3005 3914 3263 3969 sanctum,
3292 3921 3446 3973 quem
3470 3922 3567 3961 nos
3594 3924 3688 3963 as-

2164 3988 2385 4042 serimus
2420 3989 2471 4041 in
2510 4004 2636 4044 vero
2673 3990 2985 4058 baptismate
3012 3993 3207 4046 tribui:
3240 3994 3381 4048 disce
3413 3996 3549 4050 hanc
3590 4000 3693 4051 ob-

2164 4074 2507 4149 servationem
2535 4089 2600 4127 ex
2622 4089 2681 4128 ea
2704 4076 3013 4131 auctoritate
3042 4078 3378 4143 descendere,
3404 4084 3543 4149 quod
3566 4094 3695 4150 post

2165 4175 2439 4215 ascensum
2468 4162 2674 4216 Domini
2711 4161 2937 4230 Spiritus
2970 4173 3183 4219 sanctus
3206 4167 3270 4219 ad
3298 4170 3558 4234 apostolos
3592 4171 3691 4226 de-

561 4255 886 4325 amplectitur
919 4256 1229 4309 sententiam
1255 4273 1265 4305 :
1302 4273 1320 4303 ‹
1350 4256 1656 4324 Intelligere,
1705 4258 1892 4324 inquit,
1919 4258 2072 4311 debe-
2097 4287 2145 4343 D
2171 4250 2407 4343 scendit:
2435 4257 2489 4303 et
2528 4250 2704 4304 multis
2733 4253 2783 4305 in
2814 4253 2944 4307 locis
2971 4254 3111 4308 idem
3156 4254 3447 4311 factitatum
3488 4262 3693 4329 reperi-

558 4346 764 4407 bemus,
803 4347 924 4412 quia
963 4346 1015 4397 in
1050 4346 1307 4413 baptismo
1334 4345 1483 4414 culpa
1526 4347 1713 4399 dimitti
1757 4355 1946 4413 potest,
1988 4346 2070 4400 lex

564 4433 759 4487 aboleri
801 4447 902 4485 non
928 4441 1119 4500 potest.
1156 4434 1211 4485 in
1243 4433 1485 4502 conjugio
1514 4449 1618 4487 non
1664 4434 1834 4502 culpa,
1866 4437 1954 4489 sed
1990 4436 2070 4490 lex

560 4530 671 4584 est;
699 4520 839 4593 quod
864 4519 1027 4586 culpae
1049 4529 1131 4571 est
1154 4519 1334 4587 igitur,
1361 4521 1411 4573 in
1443 4522 1752 4587 baptismate
1775 4521 2068 4584 relaxatur;

564 4607 701 4676 quod
726 4606 853 4675 legis
875 4614 976 4671 est,
1004 4608 1054 4658 in
1076 4605 1313 4673 coniugio
1329 4620 1431 4659 non
1454 4607 1688 4660 solvitur.
1703 4627 1720 4658 ι
1750 4608 1935 4662 Postea
1964 4623 2074 4660 om-

564 4708 659 4748 nes
682 4692 791 4745 fere
825 4693 913 4749 alii
945 4693 1125 4744 eodem
1164 4693 1316 4745 modo
1341 4692 1497 4746 locuti
1525 4701 1662 4745 sunt.
1692 4693 1907 4746 Siricius
1942 4708 2072 4761 papa

565 4778 621 4833 in
661 4779 811 4847 epist.
839 4777 903 4830 ad
933 4776 1218 4830 liimerium
1254 4776 1713 4839 Tarraconensem,
1753 4791 1868 4843 cap.
1896 4778 1949 4841 9,
1980 4777 2072 4840 l0;

564 4862 894 4921 Innocentius
926 4862 967 4924 l,
997 4862 1049 4917 in
1075 4861 1314 4914 omnibus
1337 4862 1466 4916 locis
1490 4876 1643 4931 supra
1668 4861 1874 4924 citatis;
1901 4861 2077 4915 conci-

564 4952 691 5006 lium
712 4948 1118 5016 Carthaginense
1140 4947 1347 5002 nomine
1368 4962 1439 5013 tv,
1469 4964 1516 5002 c.
1541 4948 1637 5013 69;
1668 4954 1882 5002 sanctus
1903 4946 2079 5016 Augu-

555 5032 737 5090 'stinns
773 5035 837 5088 de
861 5033 1004 5086 Bono
1032 5033 1283 5102 coniugali
1302 5072 1317 5097 ,
1344 5048 1457 5102 cap.
1501 5034 1582 5098 18,
1611 5034 1757 5101 cujus
1789 5033 1947 5088 verba
1986 5047 2079 5085 no~

569 5121 724 5177 tanda
765 5128 921 5174 sunt:
960 5136 977 5168 ι
1009 5118 1287 5188 Propterea
1341 5129 1722 5174 sacramentth
1782 5121 2077 5189 nuptiarum

571 5207 817 5275 temporis
843 5206 1008 5260 nostri
1033 5205 1109 5259 sic
1138 5206 1203 5258 ad
1224 5221 1385 5260 unum
1413 5206 1653 5261 maritum
1678 5214 1731 5259 et
1772 5220 1929 5259 unam
1953 5222 2080 5260 uxo-

571 5306 680 5346 rem
716 5291 981 5342 redactum
1025 5298 1135 5351 est,
1166 5298 1224 5341 ut
1248 5287 1658 5357 dispensatorem
1696 5290 1933 5351 ecclesiae
1976 5306 2076 5343 non

570 5378 724 5432 liceat
742 5372 1001 5439 ordinare,
1025 5377 1121 5429 nisi
1144 5376 1292 5429 unius
1311 5377 1487 5430 uxoris
1506 5378 1692 5433 virum.
1711 5377 1856 5443 Quod
1876 5378 2077 5431 acutius

575 5464 1043 5531 iutellexeruntqui
1080 5478 1173 5517 nec
1203 5479 1319 5516 cum
1349 5464 1436 5531 qui
1459 5464 1860 5518 catechumenos
1888 5465 1965 5516 vel
1989 5480 2078 5531 pa-

2171 4347 2287 4385 mus
2316 4332 2380 4384 ad
2428 4335 2677 4389 honorem
2705 4337 2878 4403 potius
2920 4339 3218 4403 sacerdotii,
3248 4355 3407 4408 quam
3448 4344 3514 4396 ad
3558 4345 3693 4414 legis

2170 4419 2554 4473 necessitatem.
2599 4421 2805 4488 Alioqui
2838 4423 2884 4475 si
2914 4424 2978 4477 ad
3007 4425 3235 4494 episcopi
3266 4434 3468 4482 tantum
3495 4431 3693 4500 impre-

2170 4507 2424 4559 cationem
2454 4506 2679 4575 Spiritus
2718 4517 2931 4565 sanctus
2957 4511 3152 4579 deﬂuit,
3194 4514 3403 4583 lugendi
3447 4528 3569 4574 sunt
3593 4523 3692 4588 qui

2169 4592 2221 4645 in
2248 4593 2485 4656 vinculis,
2513 4603 2602 4647 aut
2630 4595 2684 4648 in
2706 4597 2955 4660 castellis,
2974 4608 3066 4652 aut
3095 4600 3146 4652 in
3164 4605 3532 4658 remotioribus
3558 4606 3692 4662 locis

2169 4691 2263 4745 per
2289 4682 2617 4748 presbyteros
2640 4687 2696 4735 et
2726 4681 2974 4739 diaconos
3009 4686 3260 4754 baptizati
3298 4698 3423 4746 ante
3459 4693 3691 4749 dormie-

2174 4774 2321 4830 runt,
2348 4783 2501 4836 quam
2526 4770 2594 4822 ab
2617 4772 2872 4840 episcopis
2910 4774 3273 4831 inviserentur.
3300 4777 3474 4844 Quare
3515 4781 3692 4840 Theo-

2174 4854 2331 4906 dorus
2376 4856 2501 4909 dicit
2540 4857 2769 4923 capitulo
2793 4863 2863 4914 4:
2899 4876 2917 4908 ι
2944 4857 3152 4915 Nullum
3188 4862 3476 4931 perfectum
3512 4870 3692 4925 credi-

2172 4953 2291 4991 mus
2323 4940 2434 4994 sine
2461 4942 2852 4999 confirmatione
2878 4946 3106 5014 episcopi
3133 4967 3144 5000 :
3176 4957 3349 5007 amen
3375 4967 3480 5007 non
3499 4953 3703 5023 δεῦρο-η

2176 5038 2370 5075 ramus.
2397 5044 2415 5074 ι

2243 5107 2684 5177 Conﬁrmatiom
2729 5118 2948 5186 episcopi
2994 5135 3093 5173 non
3141 5122 3478 5193 disputamus.
3534 5126 3691 5185 Nunc

2176 5196 2480 5252 Theodorus
2505 5201 2714 5256 natione
2736 5201 2953 5258 Graecus
2987 5208 3191 5263 videtur
3213 5211 3450 5268 indicare
3464 5214 3690 5274 «Patru-

2176 5290 2475 5347 GraecOrum
2517 5294 2829 5353 sententiam
2858 5334 2872 5358 ,
2902 5298 2991 5364 qui
3022 5300 3201 5364 dicunt
3237 5303 3690 5373 baptismuntria

2177 5378 2512 5446 signiﬁcare:
2559 5381 2880 5446 tinctionem.
2932 5386 3194 5442 hominem
3238 5391 3341 5447 fide
3385 5395 3692 5462 imbutum;

2178 5464 2506 5529 mersioncm,
2551 5466 2780 5520 ablutum
2809 5472 3047 5526 sordibus
3073 5483 3125 5526 et
3149 5479 3366 5533 maculis
3391 5502 3402 5543 ;
3435 5486 3696 5539 eritersiu-
