3926 6216
172 410 298 467 H53

1246 396 1798 458 οΒδΕιινΑτιοΝΕδ
1834 397 1920 451 ΕΤ
1956 396 2181 452 NOTAE.

3150 404 3278 469 usi,

170 536 305 583 neut,
336 525 724 588 resurgentem;
746 529 809 569 ac
826 514 1043 583 proinde
1071 513 1137 568 ab
1162 511 1263 566 illis
1285 512 1460 566 vocari
1490 509 1679 564 illumi-
1704 512 1753 572 Α
1775 505 2082 558 Arausieani
2102 518 2204 557 non
2224 505 2407 575 repeti.
2433 504 2579 559 Unde
2602 506 2827 560 fortasse
2849 508 3058 576 quidam
3083 518 3134 560 et
3160 524 3278 567 aues

171 610 442 669 nationem,
470 604 752 665 lavacrum,
772 601 1079 671 perfectum,
1109 609 1162 654 et
1182 599 1468 668 perfectum
1490 598 1573 651 cui
1602 597 1677 647 ni-

172 696 237 751 hil
260 696 422 748 deest.
441 692 563 746 Post
591 700 825 747 sanctum
847 689 1100 743 Justinum
1132 690 1181 740 in
1209 688 1307 741 ﬁne
1331 686 1591 754 Apologizc
1617 700 1676 745 ιι,

170 782 215 834 in
236 781 407 843 editis,
424 780 513 832 sed
532 793 646 845 qua:
662 779 824 845 prima
838 787 917 829 est
940 777 1087 843 juxta
1111 776 1417 848 Eusebium;
1442 781 1677 826 sanctum

169 868 500 935 Theophilum
514 866 889 921 Antioclienum
910 864 975 915 ad
990 863 1278 921 Autolicum
1300 861 1389 918 lib.
1418 876 1477 926 ii,
1498 867 1678 921 contra

165 950 468 1006 Christiana:
507 950 773 1018 religionis
830 948 1262 1009 calumniatores;
1305 955 1541 1001 sanctum
1572 945 1678 996 lre-

166 1054 331 1094 naum
357 1040 475 1093 libr.
505 1056 541 1091 ιι
581 1029 831 1090 adversus
863 1037 1089 1089 haereses
1116 1050 1233 1102 cap.
1265 1035 1345 1093 19,
1378 1034 1476 1086 ista
1511 1032 1677 1084 mani-

167 1131 441 1187 festissime
488 1129 719 1184 declarat
768 1134 980 1186 sanctus
1015 1124 1253 1177 Clemens
1303 1122 1678 1183 Alexandrinus

164 1218 280 1270 libr.
330 1234 345 1269 ι
382 1217 608 1283 Pccdag.,
629 1231 743 1283 cap.
771 1215 822 1279 6,
846 1216 929 1267 his
949 1214 1123 1269 verbis
1148 1232 1159 1264 :
1191 1232 1207 1269 ι
1243 1212 1349 1264 Hoc
1391 1213 1557 1279 ipsum
1584 1226 1677 1264 no-

170 1309 245 1359 bis
279 1321 485 1374 quoque
506 1306 697 1369 evenit,
723 1319 945 1371 quorum
987 1302 1253 1369 exemplar
1279 1300 1377 1352 fuit
1404 1301 1672 1361 Dominus.

167 1395 347 1455 Tincti,
377 1393 758 1454 illuminamur;
790 1391 1081 1452 illuminati,
1103 1391 1152 1441 in
1180 1389 1311 1441 ﬁlios
1336 1388 1673 1455 adoptamur;

164 1479 412 1546 adOptati,
434 1477 764 1545 perﬁcimur;
786 1476 1026 1544 perfecti,
1054 1474 1372 1527 immortales
1387 1474 1672 1528 reddimur.

167 1563 335 1617 Multis
372 1573 544 1615 autem
574 1563 740 1615 modis
780 1570 997 1616 vocatur
1028 1563 1125 1614 hoc
1149 1576 1300 1629 opus,
1350 1561 1537 1627 gratia,
1568 1559 1677 1613 illu-

162 1651 392 1714 minatio,
408 1649 717 1719 perfectum,
741 1658 792 1702 et
811 1649 1096 1701 lavacrum.
1121 1648 1413 1707 Lavacrum
1440 1647 1672 1715 quidem,

162 1756 251 1817 per
277 1742 416 1809 quod
460 1749 675 1807 peccata
718 1739 1098 1808 abstergimus;
1130 1738 1296 1806 gratia
1341 1746 1537 1799 autem,
1570 1751 1672 1804 qua

1773 596 1986 648 toritate
2007 595 2173 648 sancti
2200 594 2431 667 Gregorii
2462 596 2665 663 impulsi
2693 597 2936 651 dixerunt
2969 600 3020 652 in
3043 614 3166 652 casu
3192 615 3281 652 nev

1774 681 2055 743 cessitatis,
2083 691 2135 733 et
2161 683 2212 735 in
2237 682 2544 749 quibusdam
2570 683 2696 737 locis
2716 685 3037 754 presbyteris
3069 702 3280 741 conces-

1774 784 1885 822 sam
1909 770 2063 823 fuisse
2084 769 2424 827 confirmandi
2450 778 2761 839 potestatem

1774 874 1970 948 Selecla
2001 891 2066 948 ea;
2086 875 2212 948 libro
2235 892 2353 948 ius.
2389 876 2840 948 _de‘Sacra/men!is
2882 883 3107 948 magisfri
3140 882 3283 937 Petri

1858 940 2094 994 Cantoris
2121 943 2424 995 Parisiensis
2449 944 2510 995 dc
2537 947 2939 1011 ’conﬁrmatione,
2966 940 3080 1016 ἱαρ.
3109 949 3196 1003 50.

1840 1025 1964 1078 Post
1994 1027 2330 1095 baptismum,
2369 1032 2457 1098 qui
2504 1040 2654 1098 porta
2688 1040 2769 1089 est
2815 1046 3276 1109 sacramentorum,

1774 1116 2011 1182 sequitur
2038 1117 2384 1171 conﬁrmatio.
2416 1121 2490 1172 De
2533 1121 2631 1173 hac
2676 1123 2926 1188 qumritur
2948 1124 3140 1191 primo;
3168 1140 3285 1179 cum

1775 1205 1840 1256 ad
1888 1205 2167 1273 discipulos
2209 1206 2347 1259 solos
2400 1209 2726 1274 pertinuerit,
2753 1218 2948 1275 etpost
2992 1212 3057 1264 ad
3102 1228 3281 1265 eorum

1774 1308 2103 1349 successores
2143 1295 2480 1362 specialiter;
2528 1298 2663 1353 unde
2691 1306 2742 1350 et
2780 1298 2915 1350 inter
2960 1310 3284 1366 sacramenta

1774 1378 2039 1447 dignitatis
2087 1390 2420 1444 numeratur;
2469 1384 2732 1448 quomodo
2776 1383 3055 1453 Gregorius
3084 1398 3107 1424 α
3158 1386 3284 1439 illud

1773 1465 2040 1523 celebrare
2078 1469 2317 1536 permisit
2342 1468 2661 1535 simplicibus
2689 1470 3048 1524 sacerdotibus
3074 1481 3286 1539 propter

1772 1557 2139 1610 necessitatem
2192 1568 2463 1627 urgentem
2523 1576 2586 1622 ex
2629 1562 2845 1629 penuria
2900 1564 3281 1631 episcoporum.

1773 1644 1951 1714 Neque
1970 1648 2110 1699 enim
2160 1649 2211 1701 in
2239 1647 2354 1702 aliis
2382 1654 2723 1704 sacramentis
2751 1653 3039 1706 audivimus
3066 1664 3155 1706 aut
3176 1671 3289 1709 cre-

1773 1734 1965 1799 dimus,
1989 1735 2125 1802 quod
2143 1744 2376 1803 potestas
2396 1753 2457 1790 ea
2476 1737 2768 1791 celebrandi
2792 1739 3075 1792 secundum
3096 1751 3286 1804 statum

164 1815 490 1881 remittuntur
510 1841 675 1896 paena:
702 1840 815 1894 qua:
838 1826 1066 1893 peccatis
1112 1824 1399 1888 debentur;
1426 1823 1678 1875 illumina—
1707 1815 1748 1882 Β
1776 1829 1828 1874 et
1850 1823 2203 1876 conditionem
2225 1839 2568 1891 personarum
2598 1824 2979 1879 conferentium
3014 1830 3177 1893 possit
3202 1829 3279 1882 di-

162 1918 230 1969 tio
267 1926 440 1968 autem
468 1956 482 1979 ,
514 1931 607 1983 per
634 1930 788 1983 quam
832 1923 1069 1967 sanctam
1115 1913 1258 1966 illam
1298 1921 1351 1972 ct
1394 1912 1675 1969 salutarem

162 2001 625 2065 lucemintuemur,
655 2003 751 2054 lioc
772 2010 871 2063 est,
901 2015 993 2067 per
1022 2014 1177 2066 quam
1200 1999 1251 2052 id
1278 1998 1414 2066 quod
1443 2006 1523 2050 est
1547 1997 1677 2062 divi-

164 2104 281 2138 num
301 2089 643 2157 perspicimus
668 2104 681 2147 ;
700 2086 987 2155 perfectum
998 2095 1174 2138 autem
1197 2087 1438 2147 dicimus,
1454 2086 1534 2140 cui
1550 2083 1679 2137 nihil

162 2174 321 2226 deest.
357 2192 373 2223 ι
402 2174 599 2237 Quibus
612 2173 788 2243 plures
803 2172 1085 2225 aliiPatres
1109 2171 1275 2225 Graeci
1302 2174 1672 2225 assentiuntur.

161 2258 410 2324 Origenes
448 2259 801 2311 Commentar.
854 2260 906 2310 in
953 2257 1237 2331 «lenunem,
1286 2268 1412 2309 tom.
1462 2258 1503 2309 ll
1549 2260 1673 2311 edit.

159 2331 337 2408 liuet,
380 2362 498 2414 pag.
544 2347 676 2409 ηις
725 2356 937 2400 sanctus
961 2346 1300 2411 Athanasius,
1348 2347 1399 2398 in
1441 2348 1678 2399 oratione

162 2443 339 2486 contra
384 2433 605 2488 Arianos
655 2436 707 2487 in
754 2436 864 2487 hinc
889 2437 1045 2487 verba
1073 2453 1084 2485 :
1113 2435 1249 2486 Deus
1301 2444 1371 2487 est
1423 2433 1675 2500 Verbum;

163 2530 371 2573 sanctus
398 2521 618 2574 Basilius
645 2522 695 2573 in
722 2522 931 2577 homilia
963 2522 1026 2573 de
1047 2522 1383 2589 Baptismatc,
1408 2531 1461 2574 et
1485 2536 1681 2577 sermo-

165 2623 226 2661 ne
248 2609 299 2671 2,
343 2623 457 2675 cap.
490 2611 546 2671 l;
600 2618 809 2662 sanctus
853 2608 1138 2677 Gregorius
1173 2608 1531 2661 Nazianzenus
1564 2648 1577 2672 ,
1624 2609 1679 2660 in

164 2703 297 2746 orat.
325 2695 374 2747 in
401 2702 636 2747 sanctum
665 2696 942 2763 baptisma,
968 2704 1070 2747 etc.
1096 2694 1381 2746 Fatendum
1407 2702 1577 2754 tamen
1601 2702 1680 2745 est

165 2781 348 2835 Patres
374 2784 580 2835 concilii
610 2784 883 2835 Laodiceni
911 2784 1075 2835 videri
1104 2783 1257 2834 aliter
1292 2781 1432 2848 loqui
1456 2797 1569 2834 can.
1589 2781 1676 2835 48.

233 2870 423 2920 Tamen
449 2872 499 2920 in
524 2870 733 2921 Nicwna
751 2871 942 2936 synodo
964 2872 1059 2935 [uit
1084 2870 1302 2921 chrisma
1326 2871 1672 2920 constitutum.

162 2954 301 3010 Istud
319 2972 419 3011 non
438 2957 694 3022 reperitur
710 2957 845 3009 inter
869 2957 1078 3009 decreta
1094 2956 1311 3009 Niczena:
1333 2957 1535 3024 synodi.
1553 2956 1676 3007 Por-

163 3059 223 3096 ro
244 3045 484 3110 quaadam
506 3054 627 3103 sunt
664 3060 777 3113 qua:
800 3046 934 3097 inter
955 3044 1020 3096 20
1042 3059 1267 3098 canones
1288 3060 1390 3096 non
1414 3044 1675 3112 leguntur,

168 3141 223 3185 ut
241 3134 507 3189 decretum
530 3135 589 3186 de
603 3110 735 3185 festo
748 3134 977 3196 Paschzc,
996 3128 1131 3199 apud
1151 3134 1447 3194 Eusebium,
1464 3110 1684 3185 etAtlia-
1708 3110 1752 3172 (ἶ

164 3222 542 3284 nasium,etc.;
567 3222 827 3274 decretum
853 3220 916 3282 de
940 3222 1070 3274 actis
1083 3222 1271 3287 prioris
1293 3222 1474 3289 synodi
1490 3221 1539 3272 in
1555 3222 1682 3273 alte—

165 3325 225 3364 ra
250 3312 450 3380 synodo
494 3309 850 3360 examinandis
882 3326 893 3359 :
922 3308 1067 3374 cujus
1096 3308 1333 3359 meminit
1358 3306 1525 3359 Julius
1550 3322 1680 3374 papa

166 3398 217 3451 in
246 3399 466 3467 epistola
500 3412 654 3465 quam
675 3404 885 3449 sanctus
922 3396 1237 3448 Athanasius
1272 3395 1446 3447 retulit
1468 3395 1517 3446 in
1555 3410 1681 3462 apo-

164 3482 296 3555 logia
331 3500 390 3538 ιι.
422 3484 541 3536 Haec
565 3485 770 3537 decreta
794 3498 908 3550 quae
933 3499 960 3535 a
985 3484 1225 3537 Patribus
1250 3483 1686 3537 commendantur

166 3572 253 3639 qui
292 3570 492 3638 synodo
518 3571 883 3639 interfuerunt,
910 3580 999 3622 aut
1036 3573 1124 3639 qui
1156 3571 1265 3624 fere
1290 3572 1522 3638 ejusdem
1565 3582 1687 3623 tem-

164 3661 329 3727 poris,
363 3659 600 3714 maximae
621 3666 742 3711 sunt
786 3659 1113 3721 auctoritatis
1139 3677 1151 3709 :
1178 3660 1394 3711 minoris
1421 3673 1563 3724 vero,
1597 3666 1688 3711 aut

162 3762 327 3816 prope
342 3746 557 3813 nullius,
572 3761 685 3813 quae
700 3746 1045 3814 posteriorum
1062 3747 1357 3799 testimonio
1371 3746 1682 3808 fulciuntur;

162 3837 338 3903 qualia
364 3836 470 3892 sint
493 3834 698 3887 decreta
719 3849 833 3902 quae
859 3834 1098 3899 leguntur
1113 3834 1245 3899 apud
1263 3833 1569 3899 Gregorium
1586 3834 1686 3885 Tu-

162 3936 467 3989 ronensem,
485 3930 536 3973 et
552 3921 671 3981 alia,
689 3921 831 3973 verbi
852 3922 1020 3989 gratia
1034 3923 1097 3974 de
1118 3921 1253 3973 notis
1276 3920 1565 3972 litterarum
1583 3920 1686 3972 for-

165 4020 432 4063 matorum
470 4022 498 4058 a
529 4007 903 4060 recentioribus
930 4007 1110 4060 relata.
1149 4009 1193 4060 A
1220 4007 1407 4073 quibus
1433 4008 1571 4059 enim
1600 4007 1685 4069 illa

164 4099 485 4169 acceperint,
512 4097 659 4160 valde
683 4098 937 4150 incertum
960 4106 1057 4151 est.
1088 4097 1191 4150 Sed
1219 4097 1283 4149 ad
1310 4096 1576 4165 cujusnam
1602 4111 1688 4163 ge-

164 4189 308 4257 neris
334 4187 547 4246 decreta
574 4184 901 4238 referendum
938 4186 1007 4237 sit
1035 4186 1133 4237 hoc
1163 4186 1523 4245 constitutum,
1553 4184 1685 4236 ditii-

162 4273 263 4337 pile
287 4281 377 4327 est
398 4270 669 4323 aﬂirmare.
699 4270 967 4343 Quomodo
986 4272 1125 4324 enim
1159 4274 1210 4325 in
1253 4271 1463 4326 Nicena
1490 4272 1687 4338 synodo

163 4361 401 4416 chrisma
426 4359 785 4421 constitutum,
813 4359 876 4410 de
901 4372 1004 4425 quo
1018 4358 1220 4411 locutus
1237 4364 1317 4410 est
1337 4358 1689 4411 Tertullianus

167 4446 569 4514 antiquissimus
593 4443 796 4496 in‘libro
825 4444 887 4497 de
908 4443 1188 4511 Baptismo,
1214 4458 1327 4512 cap.
1351 4444 1380 4495 7
1400 4452 1455 4498 et
1478 4445 1592 4497 aliis
1611 4444 1688 4497 lo-

166 4533 412 4588 cis.'Non
440 4532 587 4583 video
613 4531 768 4600 igitur
810 4532 934 4599 quid
955 4531 1052 4585 hoc
1083 4532 1196 4585 loco
1223 4532 1413 4584 sentiat
1449 4531 1686 4591 Theodo-

167 4637 281 4685 rus,
316 4621 422 4672 nisi
462 4618 638 4671 forsan
662 4617 920 4685 intelligat
941 4618 991 4670 id
1017 4619 1153 4684 quod
1194 4633 1224 4669 a
1255 4617 1520 4686 Sylvestro
1552 4632 1687 4685 papa

167 4710 309 4776 circa
366 4715 603 4773 tempora
625 4704 846 4757 Nicamze
895 4706 1075 4772 synodi
1123 4712 1369 4759 statutum
1395 4706 1469 4758 sic
1498 4698 1689 4761 dieitur

168 4797 221 4868 in
236 4794 419 4849 Gestis
429 4793 730 4860 pontiﬁcum
750 4810 761 4845 :
786 4811 802 4842 ι
815 4792 911 4846 llic
926 4800 977 4845 et
992 4793 1091 4845 hoc
1105 4792 1375 4845 constituit
1387 4802 1444 4847 ut
1458 4793 1692 4859 baptiza-

172 4890 282 4949 tum
298 4881 454 4935 liniat
472 4880 745 4950 presbyter
756 4881 1035 4933 chrismate
1056 4879 1280 4937 levatum
1301 4878 1365 4940 de
1385 4892 1519 4944 aqua
1539 4893 1694 4946 prop—

171 4978 254 5037 ter
280 4966 577 5037 periculum
591 4967 824 5019 mortis.)
847 4964 1019 5029 Quare
1047 4965 1131 5017 ille
1158 4964 1293 5017 foret
1314 4978 1496 5019 sensus
1520 4983 1531 5016 :
1560 4964 1694 5019 Con-

174 5052 532 5107 ﬁrmationem
557 5051 781 5121 episcopi
810 5066 913 5105 non
934 5050 1281 5120 disputamus,
1307 5058 1480 5103 tamen
1511 5065 1540 5103 a
1584 5049 1697 5121 Syl-

1776 1908 1931 1961 latari
1956 1910 2035 1971 vel
2063 1912 2295 1963 coerceri
2320 1930 2331 1963 :
2365 1913 2622 1979 quomodo
2650 1928 2773 1979 ergo
2794 1914 2844 1965 in
2873 1914 2973 1967 hoc
3000 1930 3289 1969 sacramen-

1774 2004 1827 2049 to
1853 1998 2181 2066 singulariter
2222 1999 2389 2063 potuit
2437 2008 2586 2050 extra
2625 1999 2899 2065 praedictos
2938 2001 3127 2053 limites
3148 2002 3287 2068 posi-

1776 2090 1856 2137 tos
1886 2084 2000 2136 ﬁeri
2026 2084 2280 2145 dilatatio,
2310 2095 2361 2137 et
2389 2093 2568 2153 postea
2608 2086 2657 2138 in
2683 2086 2905 2155 primum
2928 2094 3117 2154 statum
3144 2102 3292 2140 revo-

1774 2172 1947 2225 catio?
1974 2171 2204 2223 Rursum
2233 2173 2331 2224 hoc
2351 2172 2721 2224 attendendum
2739 2174 2876 2241 quod
2900 2188 3017 2225 cum
3044 2189 3144 2226 una
3175 2190 3288 2225 mu-

1775 2261 1902 2312 tatio
1920 2259 2057 2311 facta
2086 2268 2185 2321 est,
2218 2274 2281 2312 ex
2308 2274 2467 2312 causa
2504 2260 2731 2323 evidenti
2770 2268 2816 2312 et
2849 2268 2991 2316 certa
3023 2259 3159 2315 facta
3186 2270 3289 2315 est.

1774 2343 1879 2397 Sed
1911 2346 2082 2411 posito
2105 2347 2243 2413 quod
2288 2347 2443 2413 hodie
2482 2348 2771 2415 presbyteri
2821 2348 3038 2415 alicujus
3065 2349 3293 2417 regionis

1772 2432 1854 2485 vel
1869 2434 2147 2500 provincia:
2166 2448 2267 2485 non
2283 2434 2534 2485 habentes
2557 2434 2758 2499 copiam
2773 2435 3021 2501 episcopi,
3045 2435 3148 2488 tale
3163 2436 3289 2503 quid

1781 2520 1992 2588 exigant
2027 2535 2275 2573 asummo
2305 2520 2548 2588 pontiﬁce
2576 2528 2626 2573 et
2652 2521 2950 2572 obtineant:
2978 2522 3064 2573 alii
3107 2538 3289 2589 parem

1775 2607 2137 2659 necessitatem
2166 2614 2219 2659 et
2252 2609 2408 2673 paulo
2439 2608 2687 2674 majorem
2721 2608 2945 2677 allegent
2981 2618 3034 2661 et
3072 2624 3175 2667 non
3201 2612 3296 2665 ob—

1776 2693 1994 2745 tineant.
2026 2693 2213 2757 Quaero
2234 2709 2356 2763 ergo
2384 2710 2448 2746 an
2477 2696 2762 2763 praevalere
2787 2697 2973 2763 debeat
2991 2697 3071 2750 vel
3096 2699 3295 2771 attendi

1776 2779 1831 2833 in
1852 2780 1951 2833 hoc
1974 2779 2326 2847 dispensantis
2346 2784 2649 2846 auctoritas,
2674 2799 2738 2853 an
2762 2798 2917 2851 causa
2946 2785 3291 2852 dispensatio-.-

1776 2868 1878 2934 nis,
1903 2884 1969 2920 an
1999 2868 2084 2921 illa
2113 2870 2215 2922 duo
2235 2871 2458 2938 pariter:

1776 2974 1974 3029 Selecta
2001 2992 2062 3027 ea:
2088 2975 2431 3028 Paenitentiali
2466 2992 2557 3031 ms.
2597 2978 2824 3045 magistri
2850 2976 3052 3032 Roberti
3074 2980 3134 3035 de
3170 2978 3292 3039 Fla:

2210 3044 2454 3113 mesbure,
2476 3045 2561 3097 lib.
2591 3044 2807 3112 nyrap.
2835 3047 2883 3097 l.

1852 3129 2193 3182 instituuntur
2219 3139 2388 3183 autem
2418 3132 2638 3184 ministri
2665 3132 2907 3185 Ecclesiae
2940 3150 3039 3187 non
3072 3150 3100 3187 a
3129 3137 3296 3204 quoli-

1779 3218 1887 3281 bet,
1919 3219 2009 3271 sed
2039 3218 2105 3284 ab
2154 3220 2396 3293 episcopo
2451 3235 2562 3284 suo,
2594 3219 2674 3272 vel
2722 3222 3029 3286 sacerdote;
3074 3232 3127 3275 ut
3162 3226 3293 3290 ordo

1778 3305 2080 3371 psal‘inistre,
2113 3307 2221 3358 sive
2250 3307 2333 3358 ille
2373 3309 2460 3374 qui
2500 3308 2690 3361 dicitur
2732 3324 2925 3363 corona
2950 3312 3083 3381 apud
3126 3327 3241 3376 nos,
3263 3329 3294 3384 ᾳ

1779 3394 2087 3453 Lombardis
2120 3395 2331 3452 clerico.
2378 3395 2513 3448 Olim
2565 3411 2593 3448 a
2652 3397 2874 3464 simplici
2930 3391 3298 3469 conferebatur

1782 3484 2074 3548 sacerdote,
2104 3493 2156 3536 et
2184 3483 2355 3536 adhuc
2392 3483 2545 3536 hodie
2584 3484 2634 3536 in
2661 3483 2967 3538 Alemannis
3010 3488 3296 3545 confertur.

1782 3568 2173 3622 Conﬁrmabant
2207 3570 2365 3622 etiam
2398 3569 2519 3622 olim
2550 3570 2811 3642 simplices
2839 3572 3153 3635 sacerdotes.
3219 3549 3241 3567 ‘

1851 3655 2054 3723 Singuli
2100 3656 2397 3723 suscipiunt.
2450 3655 2547 3718 Qui
2598 3657 2887 3731 suscipiunt
2932 3658 2981 3721 in
3034 3659 3294 3734 baptismo

1781 3759 2045 3811 sponsores
2070 3753 2221 3796 vocat
2245 3742 2591 3815 Tertullianus
2632 3743 2751 3796 libr.
2776 3746 2843 3815 de
2861 3744 3144 3821 Baptismo,
3177 3764 3293 3821 cap.

1784 3831 1880 3883 l7:
1917 3849 1935 3879 ‹
1970 3830 2103 3895 Quid
2127 3831 2265 3883 enim
2296 3832 2629 3884 necesse'est
2654 3846 2931 3898 sponsores
2958 3834 3116 3894 etiam
3160 3837 3296 3902 peri-

1782 3917 1899 3977 culo
1924 3918 2125 3985 ingeri?
2160 3935 2179 3967 »
2207 3916 2318 3982 Qua
2345 3918 2654 3971 auctoritate
2686 3908 3074 3978 demonstratur
3099 3922 3151 3975 in
3175 3924 3299 3993 bap—

1783 4006 1937 4058 tismo
1967 4018 2244 4071 sponsores
2266 4004 2529 4069 adhibere,
2571 4005 2669 4057 hoc
2690 4019 2804 4058 esse
2826 4006 2877 4058 in
2902 4006 3133 4060 Ecclesia
3160 4010 3296 4063 anti-

1782 4090 2110 4158 quissimum.
2154 4089 2423 4155 Quodnam
2469 4104 2594 4142 vero
2619 4104 2924 4158 sponsorum
2959 4093 3028 4145 sit
3050 4092 3296 4167 oﬂiciuui,

1784 4177 1997 4229 docetur
2012 4193 2040 4229 a
2054 4176 2296 4231 Patribus
2308 4178 2509 4231 concilii
2527 4176 2902 4241 Calchutensis,
2920 4194 3036 4233 can.
3051 4179 3101 4241 2.
3118 4190 3171 4234 et
3183 4196 3303 4251 conf

1785 4268 1888 4321 cilii
1912 4268 2224 4325 Parisiensis
2257 4285 2331 4331 vi,
2359 4284 2477 4322 can.
2501 4269 2566 4321 7:
2604 4287 2622 4318 ι
2665 4269 2901 4333 Qualiter
2921 4280 3093 4345 autem
3123 4272 3176 4327 hi
3207 4288 3298 4341 qui

1786 4358 1850 4410 de
1896 4373 2044 4417 sacro
2092 4358 2233 4414 fonte
2261 4358 2390 4411 alios
2417 4359 2704 4427 suscipiunt
2751 4360 3008 4431 instruere
3053 4359 3297 4435 debeant,

1788 4447 1972 4499 beatus
2004 4445 2321 4512 Augustinus
2366 4446 2418 4498 in
2453 4460 2692 4498 sermone
2741 4447 2918 4509 habito
2947 4447 3013 4502 ad
3050 4448 3295 4515 populum

1788 4532 2112 4593 demonstrat
2133 4572 2147 4595 ,
2178 4534 2391 4586 dicens:
2423 4532 2725 4600 Quicunque
2760 4533 2920 4603 igitur
2968 4536 3065 4589 viri
3098 4575 3112 4598 ,
3151 4552 3295 4604 qna:-

1790 4637 1997 4689 cunque
2030 4622 2276 4674 mulieres
2318 4622 2381 4674 de
2411 4636 2562 4675 sacro
2603 4621 2742 4678 fonte
2792 4623 2926 4675 ﬁlios
2960 4622 3301 4689 spiritualiter

1791 4721 2149 4781 susceperunt,
2172 4721 2491 4783 cognoscant
2511 4728 2566 4765 se
2587 4728 2680 4780 pro
2701 4712 2777 4771 eis
2798 4710 3124 4775 fideiussores
3143 4714 3301 4766 exsti-

1793 4800 1918 4851 tisse
1939 4799 2076 4865 apud
2102 4798 2285 4852 Deum.
2310 4799 2375 4851 Et
2398 4799 2449 4851 in
2471 4813 2534 4851 eo
2556 4812 2769 4859 necesse
2788 4805 2868 4851 est
2897 4806 2955 4850 ut
2977 4811 3180 4865 semper
3206 4798 3303 4852 illis

1791 4883 2189 4943 sollicitudinem
2238 4898 2375 4937 verte.
2426 4885 2697 4949 charitatis
2748 4885 3065 4960 impendant,
3118 4885 3298 4941 admo-

1790 4978 1966 5032 neant,
1987 4978 2041 5023 et
2065 4971 2342 5038 castigent,
2375 4977 2530 5040 atque
2557 4971 2842 5038 corripiant
2872 4980 2965 5032 ;ut
3006 4971 3301 5041 castitatem

1794 5057 2109 5121 custodiant,
2146 5058 2496 5127 virginitatem
2525 5071 2688 5127 usque
2733 5057 2797 5110 ad
2826 5058 3031 5127 nuptias
3071 5066 3301 5127 servent,

173 5149 358 5196 vestro
396 5156 529 5221 papa
553 5139 890 5195 constitutum
921 5148 1022 5208 est,
1072 5153 1169 5192 nec
1190 5152 1218 5190 8
1258 5137 1468 5191 Nicmna
1503 5139 1699 5206 synodo
1794 5154 1847 5198 el,
1876 5147 2082 5201 cateris
2117 5147 2269 5207 bonis
2308 5146 2552 5216 operibus
2579 5146 2735 5205 dediti
2793 5146 2915 5207 sint,
2945 5145 3002 5198 ιη
3035 5146 3134 5199 hoc
3156 5146 3302 5214 qujp.

172 5227 538 5296 reprobatum,
566 5234 625 5279 ut
648 5224 937 5296 presbyteri
980 5224 1272 5291 baptizatos
1301 5223 1514 5275 linirent
1558 5223 1699 5276 ebri-

174 5318 367 5392 srnatis
415 5317 659 5385 unctione
688 5356 702 5381 ,
750 5332 907 5385 quam
949 5315 1143 5385 placuit
1202 5315 1445 5369 Patribus
1495 5315 1699 5367 concilii

1797 5232 2042 5300 pefacto,
2078 5235 2142 5291 de
2169 5250 2272 5301 quo
2300 5235 2489 5303 agitur,
2521 5241 2771 5301 quantum
2797 5248 2824 5285 a
2866 5232 3118 5300 religione
3154 5233 3302 5287 Chri-

1798 5324 1969 5389 stiana
1990 5324 2275 5387 discessum
2306 5323 2402 5386 sit,
2431 5324 2657 5397 ignorari
2689 5320 2767 5375 fas
2787 5336 2889 5375 non
2916 5330 3013 5375 est.
3048 5340 3067 5373 ι

246 5468 589 5547 fGregorips
613 5468 794 5547 l,__lib.
822 5484 899 5532 ιιι,
946 5471 1099 5547 epist.
1146 5468 1234 5547 g6,
1285 5467 1349 5546 ad
1396 5466 1702 5547 Ianuarium
1802 5472 2086 5547 teri_e_tiani
2123 5472 2174 5523 in
2204 5454 2459 5547 frontibus
2486 5471 2776 5547 baptizatos
2810 5470 3094 5525 chrismate
3124 5476 3301 5539 tange:

177 5535 493 5605 episcopum
513 5536 863 5590 Caralitanum
892 5555 903 5587 :
942 5555 959 5583 ι
979 5535 1090 5589 ’δρᾶ
1118 5538 1163 5589 si
1186 5535 1399 5588 omnino
1425 5536 1523 5588 hac
1555 5537 1618 5588 de
1648 5550 1702 5589 re

179 5604 347 5675 pliqui
370 5604 774 5671 contristantur,
800 5604 883 5657 ubi
906 5605 1130 5672 episcopi
1160 5605 1368 5665 desunt,
1418 5611 1477 5655 ut
1499 5606 1702 5671 presby-

1802 5555 1860 5610 re
1895 5539 2114 5608 debeant
2166 5540 2518 5592 concedimus.
2551 5557 2567 5589 ι
