3926 6216
629 352 808 424 ,1155

1257 480 1471 536 CAPUT
1514 483 1572 535 Υ.

1095 587 1168 639 De
1190 590 1341 641 missa
1369 588 1739 655 defunctorum.

739 695 1026 751 Secundum
1054 696 1330 749 Romanam
1374 696 1667 750 Ecclesium.
1698 698 1771 751 Ne
1797 700 1895 751 sim
1920 697 2170 766 prolixior

668 786 717 837 in
763 786 1092 841 recensendis
1135 784 1321 836 ritibus
1368 784 1609 837 Ecclesia:
1644 784 1890 837 Romanae
1918 785 2057 836 circa
2082 796 2166 836 se-

664 872 918 940 pulturas,
941 881 993 925 et
1020 870 1296 933 Africanae,
1342 884 1457 936 qua:
1482 870 1768 923 Ecclesiam
1798 870 2085 922 Romanam
2115 869 2168 921 in

664 963 928 1029 plerisque
952 968 1126 1014 secuta
1147 968 1247 1020 est,
1266 957 1382 1011 vide
1411 958 1785 1011 Tertullianum
1806 960 1857 1013 in
1870 958 2163 1027 Apologet.,

663 1064 779 1116 cap.
810 1047 909 1110 ‘0;
930 1046 1061 1100 libro
1099 1045 1161 1098 de
1187 1044 1502 1107 ldololatria,
1529 1059 1575 1097 c.
1603 1045 1660 1096 ll
1690 1060 1705 1107 ;
1748 1044 2016 1112 epistolam
2043 1044 2168 1097 cieri

630 1158 633 1161 ν
665 1137 885 1189 Romani
908 1136 997 1212 .ad
1024 1134 1219 1188 clerum
1257 1132 1721 1201 Carthaginensem
1747 1132 1810 1185 de
1836 1146 2040 1185 secessu
2070 1130 2168 1198 Cy-

661 1226 849 1292 priani,
878 1238 993 1292 quze
1028 1231 1106 1276 est
1134 1224 1267 1273 inter
1312 1221 1472 1290 ipsius
1511 1219 1755 1289 epistolas
1798 1219 1868 1281 Ως
1896 1217 2167 1286 epistolam

663 1313 908 1382 Cypriani
923 1312 1011 1375 57,
1033 1312 1155 1363 edit.
1184 1309 1372 1377 Rigalt.
1402 1325 1415 1373 ;
1445 1314 1593 1361 actus
1618 1306 1875 1377 passionis
1898 1305 2165 1375 Cypriani,

661 1402 810 1469 cujus
830 1400 1043 1453 Pontius
1066 1397 1336 1460 meminit;
1366 1404 1604 1449 sanctum
1635 1394 1967 1447 Ambrosium
1987 1392 2039 1445 in
2064 1392 2166 1446 ﬁne

661 1490 778 1543 libri
804 1491 866 1543 de
892 1488 1091 1552 Viduis,
1121 1485 1393 1554 epistolam
1416 1484 1503 1548 85,
1550 1483 1617 1537 ad
1644 1497 1875 1538 sororem
1903 1496 2053 1534 suam
2074 1520 2093 1544 ,
2114 1488 2168 1534 et

660 1578 774 1632 libri
803 1579 865 1632 de
894 1578 1074 1641 Tobia,
1104 1590 1218 1643 cap.
1246 1576 1268 1627 1
1300 1590 1314 1639 ;
1339 1583 1571 1628 sanctum
1592 1572 1963 1641 Hieronymum
1986 1571 2037 1622 in
2063 1570 2165 1622 ﬁne

657 1662 906 1736 epitaphii
955 1666 1127 1719 Paula:
1172 1664 1357 1717 matris
1405 1664 1471 1716 ad
1504 1662 1843 1715 Eustochium
1872 1660 2161 1728 virginem;

1688 354 1773 407 AD
1809 351 2325 409 PCENITENTIALE
2367 354 2701 409 THEODORt

2195 471 2239 524 Α
2270 465 2505 528 diacono,
2528 466 2609 516 cui
2632 480 2729 516 non
2758 464 2891 524 licet,
2916 470 2985 515 ret
3013 465 3097 532 qui
3126 480 3224 515 non
3252 463 3355 516 ruit
3384 466 3755 522 communium

3641 356 3757 413 1136

2264 552 2507 617 accipere.
2564 551 2690 603 Can.
2730 550 2761 602 8
2808 549 3075 602 Canonum
3125 552 3222 603 sub
3273 551 3485 604 nomine
3526 555 3754 620 apostolo-

2266 653 2380 690 rum
2409 657 2421 690 ;
2459 656 2475 687 ι
2510 638 2566 690 Si
2592 639 2707 705 quis
2740 638 3013 705 cpiscopus
3044 677 3058 700 ,
3084 638 3358 706 presbyter
3379 679 3393 697 ,
3418 640 3496 692 vel
3513 642 3750 704 diaconus,

2264 723 2344 776 vel
2365 738 2430 776 ex
2458 724 2762 778 sacerdotali
2787 724 3039 792 catalogo,
3068 724 3206 777 facta
3226 725 3490 777 oblatione
3512 742 3606 779 non
3623 744 3749 781 com-

2263 812 2621 874 municaverit,
2676 827 2888 864 causam
2919 812 3096 873 dicat,
3140 821 3242 865 etc.
3280 833 3295 862 ι
3334 813 3480 867 Tunc
3531 819 3752 883 temporis

2262 914 2367 953 non
2392 899 2557 952 solum
2587 900 2891 967 presbytero
2920 913 3020 951 non
3049 898 3235 951 licebat
3257 900 3447 953 missas
3492 902 3747 966 celebrare.

2263 988 2353 1041 sed
2380 1002 2477 1041 nec
2518 989 2676 1039 etiam
2722 989 2928 1041 caeteris
2968 974 3204 1042 ﬁdelibus
3227 990 3413 1043 adesse
3438 990 3620 1046 divinis
3657 1010 3753 1065 my-

2262 1072 2456 1136 steriis,
2502 1074 2602 1125 nisi
2649 1073 2840 1125 vellent
2882 1074 3298 1126 communionem
3346 1076 3596 1141 accipere.
3646 1078 3752 1133 Vide

2263 1170 2497 1214 sanctum
2522 1161 2835 1230 Cyprianum
2865 1162 2929 1214 de
2965 1161 3211 1215 Oratione
3256 1162 3554 1227 Dominica;
3594 1182 3695 1219 can.
3719 1170 3750 1222 9

2260 1250 2528 1303 Canonum
2544 1249 2639 1300 sub
2656 1253 2861 1300 nomine
2875 1248 3224 1315 apostolorum
3250 1266 3262 1311 ;
3290 1251 3476 1302 concil.
3506 1253 3749 1308 Antioche-

2262 1352 2405 1397 uum,
2456 1350 2571 1387 can.
2601 1335 2671 1399 2;
2701 1335 2886 1387 concil.
2932 1335 3189 1398 Toletan.,
3236 1351 3354 1387 can.
3390 1337 3490 1387 15:
3525 1359 3539 1385 ε
3577 1339 3641 1391 De
3679 1342 3749 1393 bis

2262 1424 2349 1491 qui
2388 1424 2585 1474 intrant
2631 1423 2680 1473 in
2729 1422 3003 1475 ecclesiam
3046 1431 3099 1474 et
3142 1423 3586 1490 deprclienduuuu
3636 1442 3749 1478 nun.

2261 1523 2415 1576 quam
2453 1508 2839 1560 communicare
2871 1548 2883 1569 ,
2912 1509 3310 1567 admoneamur,
3359 1517 3415 1561 ut
3448 1510 3490 1561 si
3515 1526 3749 1565 uoncomo

2202 1650 2211 1659 ,
2258 1600 2525 1651 municant
2554 1639 2567 1663 ,
2604 1600 2667 1652 ad
2697 1600 3051 1666 paenitentiam
3077 1600 3329 1654 accedant
3362 1619 3374 1664 ;
3418 1603 3459 1653 si
3492 1606 3747 1656 communi-

2261 1694 2398 1747 cant,
2425 1700 2528 1738 non
2552 1688 3066 1754 superabstineantur
3090 1704 3104 1751 ;
3134 1688 3176 1740 si
3204 1702 3305 1741 non
3337 1686 3582 1752 fecerint,
3612 1692 3748 1743 absti-

657 1754 708 1843 ίη
744 1756 847 1843 ῆηίξ
880 1754 1107 1843 θρὶιέρδ·
1149 1751 1377 1843 Ἑθδίθιπ
1512 1751 1819 1843 oc‘iﬂmf
1856 1756 1909 1800 ⁸⁸
1956 1747 2008 1799 ίη
2046 1745 2161 1843 ,θηίῗ
2191 1758 2236 1817 Β
2263 1745 2504 1827 neantur.
2526 1793 2544 1825 s
2571 1745 2790 1838 Quidam
2821 1776 2917 1828 bos
2942 1745 3168 1827 canones
3193 1745 3597 1843 interpretantur
3617 1779 3747 1831 deiis

644 1842 788 1896 'Vita:
820 1840 961 1893 Pauli
990 1840 1231 1892 Eremita:
1259 1855 1273 1902 ;
1296 1838 1574 1892 concilium
1604 1836 1930 1891 Valentinum
1958 1849 2006 1888 c.
2034 1832 2087 1897 4,
2111 1840 2165 1887 et

656 1933 931 1988 concilium
960 1930 1329 1994 Aurelianense
1353 1945 1412 1993 ιι,
1434 1943 1480 1982 c.
1514 1927 1563 1981 6.

724 2041 857 2093 Licet
875 2039 1142 2106 Dionysius
1166 2036 1464 2103 Areopagita
1486 2034 1641 2086 dicat.
1673 2030 1868 2085 Sensus
1883 2028 2161 2083 verborum

660 2126 917 2192 colligitur
950 2140 1014 2177 ex
1066 2139 1178 2189 cap.
1209 2124 1237 2173 Ἰ
1274 2121 1469 2173 Eccles.
1504 2118 1835 2171 llierarcliim.
1866 2115 2013 2180 Quod
2043 2114 2163 2166 licet

657 2211 962 2263 Theodorus
990 2210 1114 2262 citet
1161 2210 1256 2261 sub
1281 2194 1488 2259 nomine
1536 2204 1766 2271 Dionysii
1816 2202 2158 2270 Are0pagitre,

654 2303 828 2347 utrum
859 2295 1017 2361 ipsius
1048 2308 1163 2346 esse
1191 2291 1469 2353 censuerit,
1501 2290 1687 2342 merito
1711 2289 1829 2357 quis
1854 2288 2117 2341 dubitaret
2142 2302 2155 2349 ;

654 2385 841 2455 quippe
859 2398 975 2436 eum
1000 2383 1145 2435 istius
1172 2381 1400 2433 auctoris
1426 2378 1653 2447 Opinioni
1682 2375 1925 2444 pr.eferat
1949 2382 2161 2427 senten-

655 2474 780 2525 tiam
806 2473 967 2526 sancti
993 2470 1281 2537 Augustini.
1324 2468 1582 2534 Quidquid
1610 2467 1695 2527 sit,
1742 2466 1792 2517 bi
1821 2464 1936 2517 libri
1978 2466 2157 2517 statim

654 2568 809 2627 atque
855 2558 1194 2626 prodierunt,
1243 2555 1509 2608 catholicis
1553 2568 1579 2606 a
1632 2553 1928 2606 Severianis
1968 2552 2157 2621 objecti

655 2655 792 2707 sunt,
823 2654 919 2699 eta
942 2642 1208 2697 catholicis
1236 2650 1293 2694 ut
1312 2642 1403 2693 toti
1432 2639 1725 2706 antiquitati
1755 2653 1970 2705 prorsus
1996 2637 2157 2703 ignoti

655 2734 1170 2805 paritersuntrcjecti
1202 2750 1212 2784 :
1249 2734 1382 2786 sicut
1405 2738 1619 2797 patctex
1636 2727 1909 2781 collatione
1934 2725 2155 2778 catholi-

654 2840 830 2877 corum
847 2838 963 2875 cum
988 2820 1282 2873 Severiauis
1307 2818 1478 2869 habita
1500 2812 1941 2880 Constantimpoli
1963 2820 2158 2879 tempo-

653 2906 991 2963 relustiuiani
1014 2903 1368 2971 imperatoris:
1400 2921 1415 2951 ι
1448 2902 1539 2953 Illa
1556 2900 1869 2961 testimonia,
1892 2898 2151 2965 inquiunt,

653 3010 767 3063 qua:
792 3006 882 3045 vos
911 2989 1137 3059 Dionysii
1186 2988 1507 3056 AreOpagita:
1547 2987 1736 3049 dicitis,
1778 2985 1911 3038 unde
1938 2983 2157 3051 potestis

2260 1862 2348 1931 qui
2381 1870 2524 1915 certa
2544 1862 2607 1914 de
2636 1876 2813 1923 causa,
2842 1862 3088 1913 nimirum
3108 1862 3174 1914 ob
3201 1861 3430 1928 aliquam
3457 1865 3747 1930 superstitio-

2257 1961 2378 2011 nem
2401 1954 2490 1999 aut
2512 1960 2723 2013 pravam
2772 1946 3073 2013 Opinionem
3102 1985 3117 2008 ,
3146 1955 3582 1999 sacramentorum
3622 1961 3745 2000 com-

2260 2037 2556 2090 munionem
2585 2035 2978 2089 aversabantur.
3005 2035 3104 2088 Sed
3133 2037 3304 2090 omnis
3331 2048 3383 2089 et
3403 2038 3601 2106 quidem
3647 2038 3743 2093 dis-

2262 2124 2529 2177 tinctionis
2555 2124 2740 2175 umbra
2784 2123 3074 2191 dispellitur
3106 2141 3134 2177 a
3156 2123 3355 2178 Joanne
3385 2127 3742 2194 Chrysostomo,

2257 2211 2346 2278 qui
2374 2212 2446 2263 ita
2471 2210 2697 2278 loquitur
2718 2210 2770 2263 in
2797 2211 3055 2264 bomilia3
3081 2212 3327 2278 Epistolas
3352 2213 3493 2264 Pauli
3517 2214 3575 2266 ad
3594 2214 3742 2282 Ephe-

2257 2297 2361 2348 sios
2386 2311 2501 2363 cap.
2534 2312 2569 2349 lt
2598 2314 2609 2347 :
2646 2314 2663 2345 ι
2698 2294 2809 2349 Non
2838 2311 2895 2349 es
2916 2297 3100 2365 dignus
3120 2298 3381 2351 sacriﬁcio
3405 2340 3419 2361 ,
3452 2314 3604 2367 neque
3634 2316 3741 2368 par-

2256 2384 2556 2449 ticipatione
2576 2384 2598 2434 ?
2620 2383 2757 2453 Ergo
2790 2398 2884 2436 nec
2922 2397 3092 2452 prece.
3118 2385 3282 2439 Audis
3307 2402 3583 2453 prascouem
3607 2396 3735 2442 stan-

2255 2478 2360 2521 tem
2391 2477 2443 2523 et
2478 2469 2731 2524 dicentem
2761 2489 2773 2523 :
2802 2470 3105 2539 Quicunque
3150 2473 3278 2526 estis
3305 2474 3356 2526 in
3405 2475 3689 2541 pmnitentia
3710 2516 3724 2536 ,

2252 2557 2408 2609 abite.
2436 2556 2626 2611 Omnes
2657 2560 2745 2625 qui
2773 2574 2875 2611 non
2912 2560 3246 2627 participant,
3268 2570 3391 2613 sunt
3428 2562 3477 2613 in
3502 2562 3731 2628 paeniten-

2254 2646 2347 2696 tia.
2372 2644 2500 2697 Nam
2529 2646 2615 2705 qui
2646 2661 2747 2698 non
2775 2648 3068 2714 participat,
3095 2650 3248 2700 estin
3280 2648 3590 2715 paenitentia.
3626 2668 3642 2698 ι

2860 2776 3187 2833 CAPUTVL

2458 2885 2532 2937 De
2558 2887 2839 2952 abbatibus,
2865 2890 3123 2941 monachis
3154 2889 3227 2942 re!
3252 2893 3575 2943 monasteriis.

2322 2995 2652 3063 Congregatio
2676 2996 2816 3049 debet
2846 2959 2942 3049 sibi
2979 2997 3159 3066 eligere
3199 3000 3446 3051 abbatem.
3485 2988 3736 3069 Gregorius

652 3078 926 3134 ostendere
954 3092 1074 3130 vera
1097 3090 1231 3138 esse,
1253 3075 1387 3127 sicut
1409 3072 1743 3139 suSpicamini
1774 3087 1785 3121 :
1814 3070 1856 3121 si
1876 3069 2016 3120 enim
2040 3068 2153 3135 ejus
2182 3046 2225 3108 (ἶ
2257 3082 2304 3143 ι,
2335 3046 2467 3135 libr;
2488 3046 2541 3134 ,ξ
2556 3122 2569 3145 ,
2590 3084 2742 3150 epist,
2771 3083 2872 3137 43;
2904 3046 3183 3138 .Abb;mn
3220 3101 3344 3139 νειιο
3383 3087 3539 3140 eadem
3573 3046 3734 3142 ἔλθω..

651 3178 820 3233 erant,
840 3183 944 3220 non
969 3166 1258 3232 potuissent
1293 3164 1455 3214 latere
1479 3162 1685 3213 beatum
1717 3158 1986 3227 Cyrillum.
2018 3156 2151 3220 Quid

651 3266 822 3311 autem
857 3256 919 3307 de
939 3254 1089 3305 beato
1115 3251 1304 3320 Cyrillo
1330 3250 1475 3302 dico?
1500 3248 1704 3317 quando
1730 3257 1780 3300 et
1798 3248 1981 3301 beatus
2000 3244 2155 3297 Atha-

652 3346 827 3398 nasius
849 3343 893 3395 si
917 3355 1012 3408 pro
1035 3348 1177 3392 certo
1199 3338 1381 3390 scisset
1406 3334 1518 3401 ejus
1546 3334 1725 3395 fuisse,
1759 3330 1877 3385 ante'
1897 3332 2071 3383 omnia
2102 3330 2152 3380 in

651 3432 855 3486 Nieamo
879 3427 1097 3482 concilio
1119 3425 1181 3478 de
1223 3421 1647 3477 consubstantiali
1690 3419 1945 3471 Trinitate
1972 3417 2152 3470 eadem

651 3519 943 3575 testimonia
988 3514 1287 3583 protulisset
1324 3511 1571 3564 adversus
1612 3508 1721 3561 Arii
1767 3508 1984 3561 diversae
2028 3504 2151 3559 sub-

651 3608 854 3665 stantiae
878 3603 1240 3670 blasphemias.
1266 3600 1320 3653 Si
1348 3610 1518 3653 autem
1539 3598 1709 3651 nullus
1731 3614 1793 3651 ex
1825 3597 2050 3664 antiquis
2070 3612 2152 3649 re—

650 3696 897 3750 cordatus
936 3699 1015 3746 est
1047 3678 1136 3754 ea,
1174 3690 1307 3744 unde
1337 3707 1470 3743 nunc
1496 3691 1709 3759 potestis
1735 3688 2008 3741 ostendere
2033 3688 2153 3752 quia

654 3781 788 3835 illius
818 3780 943 3843 sint,
988 3780 1182 3832 nescio.
1216 3798 1233 3829 ι
1273 3777 1398 3831 Vide
1441 3779 1629 3830 librum
1675 3775 1890 3829 Joannis
1915 3775 2150 3838 Launoii,

653 3871 876 3925 doctoris
898 3868 1205 3924 Parisiensis
1227 3868 1533 3930 doctissimi,
1556 3868 1618 3921 dc
1647 3866 1845 3919 duobus
1872 3863 2149 3933 Dionysiis.

718 3966 1026 4031 Augustinus
1068 3974 1233 4014 tamen
1277 3963 1396 4012 dicit
1440 3978 1528 4027 pro
1578 3963 1804 4012 onm‘ibzs
1830 3959 2150 4012 Christianis.

656 4052 809 4105 Libro
828 4052 891 4103 de
911 4050 1042 4125 Cllt‘a
1059 4064 1151 4117 pro
1168 4048 1382 4100 mortuis
1402 4048 1646 4114 gerenda,
1663 4062 1776 4113 cap.
1800 4047 1831 4098 4
1858 4063 1871 4099 :
1908 4065 1924 4095 ‹
1962 4047 2153 4098 Verum

654 4142 752 4193 etsi
780 4141 948 4205 aliqua
976 4139 1256 4191 necessitas
1286 4137 1363 4189 vel
1408 4136 1609 4189 humari
1635 4150 1868 4205 corpora,
1894 4135 1973 4187 vel
2000 4136 2047 4187 in
2080 4144 2155 4187 ta-

657 4228 788 4278 libus
825 4226 950 4277 locis
988 4225 1207 4283 humari,
1248 4223 1382 4274 nulla
1425 4222 1545 4274 data
1574 4221 1835 4284 facultate,
1864 4222 2149 4289 permittat,

2254 3170 2429 3232 sterio,
2454 3183 2562 3222 non
2602 3170 2778 3233 alium,
2808 3170 2898 3224 sed
2926 3185 3077 3237 quem
3105 3172 3318 3240 dignum
3358 3174 3574 3226 moribus
3599 3182 3733 3241 atque

2250 3260 2450 3312 actibus
2462 3260 2758 3311 monasticae
2781 3258 3062 3326 disciplinae
3071 3261 3333 3313 communi
3361 3275 3603 3313 consensu
3621 3275 3732 3314 conv

2248 3346 2475 3413 gregatio
2514 3354 2618 3399 tota
2656 3347 2979 3413 poposcerit,
3002 3355 3051 3399 te
3095 3347 3331 3401 volumus
3368 3348 3652 3402 ordinare.»
3679 3348 3732 3401 Et

2249 3433 2337 3484 lib.
2356 3447 2449 3495 vn,
2472 3433 2702 3501 epist.18
2729 3450 2738 3482 :
2768 3450 2783 3481 ι
2809 3431 3060 3486 Defuncto
3099 3448 3220 3485 vero
3265 3434 3452 3488 abbate
3490 3434 3732 3503 cujuscun-

2248 3535 2347 3587 que
2376 3520 2933 3589 congregationis,non
2972 3528 3270 3584 cxtraneus,
3321 3522 3419 3575 nisi
3466 3524 3526 3576 de
3570 3524 3728 3576 eadem

2248 3610 2656 3669 conversatione,
2686 3622 2839 3675 quem
2870 3608 2966 3661 sibi
3004 3608 3211 3674 propria
3243 3600 3504 3662 voluntate
3541 3622 3731 3660 concors

2249 3696 2467 3748 fratrum
2493 3696 2709 3748 societas
2738 3695 2975 3761 elegerit,
3006 3703 3059 3747 et
3086 3696 3173 3762 qui
3207 3696 3405 3767 electps
3439 3694 3602 3759 fuerit,
3636 3696 3730 3747 sine

2248 3782 2366 3837 dolo
2390 3782 2471 3833 vel
2498 3782 2774 3835 vcnalitate
2812 3781 2981 3849 aliqua
3016 3782 3288 3834 ordinetur
3317 3797 3329 3842 ;
3358 3781 3492 3849 quod
3519 3782 3557 3833 si
3579 3788 3724 3848 aptam

2250 3872 2384 3923 inter
2411 3886 2465 3923 se
2491 3866 2764 3938 personam
2790 3872 3019 3923 invenire
3060 3871 3407 3938 nequiverint,
3441 3869 3644 3923 solerter
3675 3867 3728 3919 de

2248 3958 2360 4009 aliis
2382 3958 2709 4009 monasteriis
2734 3958 2832 4010 sibi
2855 3958 3092 4009 similiter
3114 3957 3302 4022 eligant
3345 3956 3683 4008 ordinandum.
3706 3971 3719 4000 ι

2249 4044 2375 4097 Vide
2408 4051 2640 4097 convent.
2666 4044 2977 4110 Aquisgrau.
3010 4058 3055 4097 c.
3090 4042 3175 4095 52.
3216 4043 3365 4106 Quod
3402 4043 3529 4094 idem
3563 4054 3725 4108 pecce-

2250 4134 2387 4199 pisse
2414 4132 2731 4186 Ludovicum
2759 4132 2903 4185 Pium
2929 4132 3159 4185 referunt
3191 4131 3441 4185 chartula:
3461 4127 3721 4183 monasterii

2246 4222 2605 4284 Piscariensis,
2650 4222 2761 4275 sive
2799 4222 3020 4274 abbatizc
3055 4220 3108 4274 S.
3140 4221 3443 4281 Clementis,
3469 4234 3575 4288 quae
3612 4231 3722 4270 nunc

657 4332 760 4367 non
799 4324 919 4366 sunt
966 4313 1420 4381 prmtermittendaa
1471 4312 1872 4379 supplicationes
1909 4325 2002 4378 pro
2050 4310 2151 4376 spi-
2181 4350 2225 4407 υ
2250 4316 2521 4361 servantur
2567 4309 2620 4359 in
2663 4308 2975 4361 bibliotheca
3024 4309 3217 4376 Regia:
3256 4308 3572 4376 «imperator
3620 4304 3721 4358 fecit

662 4403 849 4453 ritibus
885 4412 1207 4454 mortuorum
1241 4420 1251 4453 :
1283 4415 1409 4467 quas
1464 4400 1725 4453 faciendas
1776 4415 1870 4468 pro
1917 4400 2153 4451 omnibus

658 4491 709 4543 in
735 4490 1025 4543 Christiana
1052 4499 1103 4542 et
1126 4489 1381 4542 catholica
1420 4492 1663 4543 societate
1700 4489 1977 4549 defunctis,
2000 4490 2154 4540 etiam

659 4579 827 4630 tacitis
855 4578 1166 4637 nominibus,
1195 4590 1614 4644 quorumcunque
1639 4579 1735 4629 sub
1768 4575 1991 4644 generali
2018 4588 2155 4626 com-

660 4666 1027 4718 memoratione
1086 4666 1311 4733 suscepit
1370 4665 1617 4717 Ecclesia.
1679 4664 1836 4730 Cujus
1898 4664 1969 4715 rei
2027 4663 2157 4714 ratio

658 4756 770 4806 erui
810 4764 977 4821 potest
1022 4769 1080 4807 ex
1129 4768 1191 4805 eo
1216 4755 1349 4819 quod
1400 4754 1522 4807 alibi
1554 4754 1679 4806 dicit
1720 4761 1929 4805 sanctus
1986 4752 2158 4818 Augu-

661 4844 825 4895 stinus
849 4842 898 4892 in
924 4841 1053 4892 libro
1077 4840 1138 4893 de
1172 4839 1392 4893 Civitate
1441 4841 1529 4892 Dei
1557 4841 1619 4891 ad
1665 4837 2021 4891 Marcellinum
2049 4850 2155 4895 xxi,

661 4943 773 4995 cap.
805 4929 869 4979 27
895 4945 907 4977 :
942 4944 959 4975 ‹
994 4926 1137 4990 Quis,
1165 4927 1349 4993 inquit,
1385 4927 1481 4978 iste
1509 4926 1797 4987 sitmodus,
1822 4935 1876 4976 et
1901 4938 2015 4989 qua:
2056 4923 2159 4973 sint

664 5017 769 5081 ipsa
822 5024 1032 5083 peccata
1080 5029 1193 5079 qua:
1218 5014 1288 5065 ita
1337 5011 1622 5081 impediunt
1667 5011 2054 5079 perventiouem
2092 5008 2155 5058 ad

664 5113 877 5165 regnum
906 5100 1016 5159 Dei,
1049 5106 1105 5150 ut
1126 5106 1295 5150 tamen
1330 5106 1627 5151 sanctorum
1648 5097 1929 5148 amicorum
1959 5095 2159 5147 meritis

664 5189 939 5253 impetrent
987 5182 1354 5253 indulgentiam
1381 5223 1395 5247 ,
1424 5184 1776 5238 difﬁcillimum
1801 5190 1879 5235 est
1907 5183 2156 5243 invenire,

665 5272 1151 5337 periculosissimum
1178 5271 1411 5325 deﬁnire.
1463 5271 1569 5337 Ego
1597 5278 1737 5321 certe
1776 5284 1937 5335 usque
1959 5269 2022 5320 ad
2063 5268 2159 5321 hoc

667 5366 868 5425 tempus
902 5375 1017 5412 cum
1080 5360 1195 5411 inde
1228 5368 1531 5425 satagerem,
1554 5359 1616 5410 ad
1654 5372 1830 5410 eorum
1869 5356 2157 5422 indaginem

674 5446 936 5507 pervenire
962 5460 1060 5498 non
1089 5446 1250 5511 potui.
1288 5465 1304 5495 ι

737 5532 911 5585 Etnon
933 5544 1001 5587 est
1026 5535 1212 5588 licitum
1242 5532 1419 5585 missas
1464 5532 1709 5584 celebrare
1732 5533 2039 5601 presbytero,
2087 5534 2158 5584 vel

2254 4402 2569 4462 prmeeptum
2598 4409 2751 4461 super
2772 4396 2974 4448 abbatis
3011 4396 3282 4456 electione,
3320 4404 3377 4447 ut
3409 4410 3509 4449 non
3538 4394 3721 4459 eligatur

2254 4484 2317 4535 de
2353 4490 2597 4533 extranea
2638 4482 3069 4548 congregatione:
3109 4482 3196 4533 sed
3232 4482 3622 4548 quotiescunque
3648 4476 3716 4546 qui

2253 4578 2440 4635 praeest
2464 4570 2621 4622 abbas
2637 4567 2842 4630 obierit,
2858 4568 3078 4620 habeant
3092 4567 3546 4621 fratreslicentiam
3568 4581 3621 4620 ex
3642 4579 3713 4617 sus

2254 4657 2460 4723 propria
2510 4656 2904 4723 congregatione
2935 4654 3157 4720 eligendi
3207 4655 3468 4709 abbatem.
3488 4653 3618 4719 Quod
3646 4651 3712 4717 qui

2254 4752 2609 4809 transgressus
2627 4742 2797 4800 fuerit,
2816 4744 2943 4795 sciat
2968 4757 3021 4794 se
3048 4757 3146 4794 non
3173 4749 3455 4807 pastorem,
3477 4740 3713 4806 sedlupum

2256 4842 2464 4895 ponere,
2494 4838 2547 4881 et
2582 4830 2632 4881 iu
2657 4837 2887 4904 estremo
2922 4829 3117 4895 judicio
3162 4844 3370 4895 pinnam
3418 4837 3712 4900 prmparatam

2256 4918 2463 4970 habere.

2329 5004 2444 5053 Non
2485 5002 2599 5053 licet
2635 5002 2801 5053 abbati
2848 5019 3001 5071 neque
3050 5005 3278 5072 episcopo
3323 5014 3506 5057 terram
3537 4999 3709 5056 ecclesia

2255 5104 2546 5143 cont‘ertcrc.
2572 5091 2677 5143 Nisi
2702 5106 2817 5142 cum
2846 5091 3060 5144 consilio
3090 5091 3332 5154 fratrum,
3360 5099 3419 5143 ut
3445 5090 3567 5144 infra
3585 5086 3707 5141 addit

2254 5181 2397 5245 Quod
2423 5182 2553 5233 idem
2581 5180 2643 5232 de
2662 5182 2810 5233 bonis
2839 5181 3079 5233 Ecclesiae
3102 5180 3451 5246 prcescribitur
3472 5182 3522 5234 in
3539 5173 3710 5234 concilio

2254 5268 2640 5334 Carthaginiensi
2679 5284 2746 5329 IV,
2779 5277 2867 5319 aut
2905 5268 3074 5333 potius
3110 5269 3315 5321 statutis
3350 5268 3583 5323 Ecclesia:
3606 5260 3707 5316 anti'

2254 5356 2388 5420 quis.
2418 5354 2511 5406 llic
2544 5355 2681 5405 enim
2718 5363 2797 5405 est
2827 5352 3006 5405 titulus
3032 5367 3185 5420 quem
3207 5348 3709 5421 prmseferuntcodices
3778 5380 3781 5381 ν

2252 5441 2640 5494 Cemblacensls
2691 5441 2930 5501 caenobii,
2966 5440 3019 5493 S.
3054 5440 3274 5494 Bavouis
3308 5442 3361 5494 in
3401 5439 3636 5499 Gauda”,
3670 5439 3706 5484 ⁸⁸

2255 5530 2399 5596 plura
2446 5529 2787 5595 manuscripta
2826 5529 3033 5595 optima:
3075 5536 3226 5581 noue.
3276 5528 3366 5583 Sic
3386 5521 3707 5583 aeternitati“
