3926 6216
169 329 309 383 “3'1

843 388 851 398 κ
885 388 913 398 ο

1278 320 1831 378 OBSERVATIONES
1866 322 1947 393 ετ
1987 322 2205 380 nom.

3188 288 3317 378 tias

163 448 285 488 can.
314 432 426 486 δὶς
456 430 640 484 «irrita
687 428 897 483 donatio
938 428 1320 496 episcoporum,
1352 428 1434 484 vel
1456 428 1704 493 venditio,
1733 443 1783 501 Α
1806 414 2096 497 consensu;
2126 438 2179 485 et
2203 430 2423 486 fortasse
2452 446 2633 485 servus
2658 431 2770 485 sine
2807 446 3069 486 consensu
3109 432 3191 486 sui
3224 432 3318 485 do-

160 518 616 575 velcoznmutatio
653 517 727 569 rei
759 514 1122 568 ecclesiasticae
1156 514 1353 582 absque
1384 514 1714 568 conniventia

160 616 217 662 et
251 605 645 673 subscriptione
661 602 989 657 clericorum.
1021 620 1037 650 ι
1058 600 1185 654 Vide
1197 599 1472 669 epistolam
1495 601 1528 654 8
1551 599 1714 660 Hilari

159 708 317 761 papa:
332 693 404 745 ad
440 692 708 759 episcopos
742 690 1071 760 diversarum,
1101 688 1488 756 provinciarum
1513 685 1709 752 Galliae,

155 796 285 848 cap.
317 780 561 844 5;,cone.
590 778 908 847 Agatbensc,
927 775 1149 839 caudis,
1168 784 1221 828 et
1242 774 1427 828 concil.
1445 773 1716 827 Herutfor—

164 868 357 922 diense
370 868 424 921 in
434 880 538 934 quo
550 865 858 933 praesidebat
869 862 1511 930 Theodorus,can.3,apud
1522 861 1715 915 Bedam

160 954 260 1009 lib.
293 970 375 1017 ιγ,
406 970 522 1023 cap.
545 957 595 1008 ὅ.
620 954 749 1019 Quae
788 952 1042 1006 deﬁniunt
1076 959 1270 1004 statuta
1298 950 1546 1005 Ecclesiae
1581 950 1716 1001 anti-

164 1062 275 1116 qua
305 1048 378 1101 de
403 1042 555 1100 tionis
583 1038 847 1108 Ecclesiae,
871 1043 1056 1097 eadem
1102 1043 1167 1095 de
1204 1041 1431 1095 caeteris.
1471 1039 1604 1094 Nam
1638 1038 1715 1091 si-

168 1144 264 1189 cut
285 1137 469 1190 clerus
492 1134 620 1187 nihil
645 1133 928 1202 quidquam
954 1131 1107 1185 debet
1135 1142 1290 1199 agere
1317 1129 1429 1183 sine
1447 1128 1710 1196 episcopo,

165 1225 243 1278 ita
281 1225 575 1297 episcopus
606 1221 735 1275 nihil
771 1223 956 1291 agebat
981 1221 1094 1273 sine
1123 1219 1282 1283 clero,
1312 1218 1442 1272 adeo
1473 1225 1532 1270 ut
1562 1217 1716 1270 irrita

164 1319 314 1366 esset
361 1310 620 1364 sententia
654 1307 899 1377 episctipi,
934 1307 1043 1359 nisi
1091 1306 1398 1360 clericorum
1441 1303 1719 1371 praisentia

167 1400 601 1460 conﬁrmaretur,
650 1397 801 1465 juxta
841 1397 1024 1450 eadem
1066 1402 1261 1448 statuta
1298 1391 1545 1447 Ecclesiae
1581 1390 1718 1444 anti-

167 1504 294 1556 qua,
338 1505 461 1544 ean.
496 1488 581 1541 ιι.
1520 1476 1555 1486 “

243 1578 375 1630 Νοη
408 1577 521 1629 licet
551 1577 669 1637 uiris
696 1574 909 1642 feminas
929 1572 1110 1626 habere
1132 1569 1426 1624 monachus.
1449 1566 1598 1633 Quod
1618 1567 1717 1619 fre-

168 1667 529 1735 quentissime
566 1664 945 1733 prohibuerunt
984 1664 1167 1716 Patres
1205 1660 1316 1715 sive
1346 1659 1401 1712 in
1434 1659 1545 1712 suis
1582 1656 1718 1711 seri-

1811 518 1959 584 mini,
1985 533 2083 575 nec
2113 527 2282 587 potest
2310 519 2504 587 aliquid
2530 533 2716 573 vovere
2753 518 2805 571 in
2836 518 3191 586 praeiudicium
3225 518 3320 575 do-

1810 609 1936 663 mini
1949 609 2046 663 sui.
2063 610 2258 664 Tamen
2282 609 2525 678 qua-libet
2546 609 2665 662 talis
2688 622 2907 676 persona
2930 607 3142 677 aliquod
3164 623 3330 661 mema

1810 696 1961 750 brum
1988 696 2145 749 habet
2175 696 2463 764 proprium,
2487 695 2625 763 quod
2662 696 2775 750 sine
2813 695 3034 749 aliorum
3069 710 3325 750 consensu

1809 790 1982 851 potest
2002 797 2228 837 vovere:
2274 793 2330 837 ut
2369 784 2553 837 mulier
2598 792 2770 851 potest
2806 798 2995 838 vovere
3039 785 3179 850 quod
3225 798 3325 837 non

1810 868 1984 937 exiget
2001 884 2031 922 a
2056 870 2168 922 viro
2195 884 2291 925 suo
2319 870 2580 934 debitum;
2608 871 2652 923 si
2674 878 2846 925 autem
2880 871 3124 939 qumlihet
3158 869 3319 924 dicta-

1812 971 1927 1009 rum
1950 971 2291 1024 personarum
2319 959 2399 1013 vel
2428 960 2677 1012 similium
2710 962 2773 1015 de
2796 974 3052 1015 consensu
3080 961 3159 1014 sui
3181 975 3330 1029 supe-

1811 1044 1968 1097 rioris
1994 1043 2188 1113 aliquid
2212 1047 2434 1110 voverit,
2476 1046 2572 1099 ille'
2595 1047 2834 1115 superior
2869 1047 3071 1102 ratione
3098 1049 3332 1116 inspecta

1811 1129 1939 1185 illud
1974 1141 2150 1185 votum
2183 1141 2355 1202 potest
2390 1148 2673 1199 revocare;
2701 1145 2761 1188 ut
2784 1136 2917 1190 side
2936 1150 3191 1190 consensu
3234 1136 3333 1190 viri

1812 1219 1954 1273 vovit
1977 1219 2177 1289 aliquid
2209 1221 2413 1284 mulier,
2442 1222 2524 1276 vir
2540 1230 2713 1291 potest
2732 1224 2933 1278 ratione
2958 1224 3190 1293 inspecta
3208 1223 3336 1277 illud

1814 1308 1989 1361 votum
2017 1324 2284 1374 revocare,
2305 1318 2360 1364 et
2385 1310 2475 1364 illa
2500 1318 2706 1366 tenetur
2729 1311 2960 1367 obedire.
2991 1312 3136 1366 Idem
3163 1319 3243 1366 est
3273 1312 3325 1364 in

1814 1394 2069 1449 monacho
2095 1403 2149 1449 et
2170 1395 2498 1461 abbate'suo,
2528 1398 2592 1452 de
2615 1398 2732 1453 aliis
2754 1413 2858 1457 non
2884 1400 2957 1454 ita
2984 1406 3206 1454 constat.

1879 1479 1946 1533 In
1971 1480 2200 1535 libertate
2216 1498 2413 1551 quoque
2430 1485 2724 1538 monasterii
2749 1494 2823 1538 est
2841 1484 3047 1538 lavandi
3071 1485 3217 1553 pedes
3244 1484 3337 1538 lai—

1812 1584 2023 1632 corum;
2055 1569 2152 1623 nisi
2175 1569 2227 1623 in
2251 1568 2404 1624 Cana
2432 1570 2636 1625 Domini
2664 1588 2767 1626 non
2789 1581 3053 1641 coguntur.
3082 1572 3149 1627 Et
3173 1571 3335 1627 infra:

1782 1676 1786 1680 ‘
1810 1655 2141 1713 Consuetudo
2168 1658 2511 1715 Romanorum
2547 1678 2648 1716 non
2673 1672 2746 1716 est
2773 1663 3094 1716 hwclavatio
3134 1664 3336 1732 pedum.

170 1754 302 1821 ptis,
329 1754 446 1805 sive
466 1754 519 1806 in
542 1753 769 1805 decretis
781 1750 1142 1805 conciliorum.
1160 1747 1335 1814 Quare
1346 1744 1722 1801 dicuntPatres
1754 1749 1799 1806 Β
1826 1746 2053 1802 Sanctus
2076 1747 2397 1818 Augustinus
2431 1751 2643 1819 exponit
2669 1766 2763 1806 cur
2790 1751 2876 1805 alii
2905 1751 3040 1823 banc
3068 1761 3345 1808 consuetu—

172 1839 394 1892 concilii
420 1838 740 1906 Hispalensis
760 1850 820 1899 ιι,
845 1852 961 1891 can.
988 1836 1047 1888 ll
1078 1851 1091 1888 ;
1119 1851 1137 1884 ι
1161 1833 1315 1887 Absit
1332 1840 1388 1886 ut
1415 1830 1720 1893 monachos,

172 1933 318 2003 quod
341 1934 504 1986 etiam
523 1932 662 1985 dictu
689 1930 837 1984 nefas
863 1925 1470 1994 est,Christi'virginibus
1497 1921 1725 1975 iamilia—

170 2034 262 2074 res
288 2035 413 2073 esse
464 2019 719 2073 velimus:
743 2015 1002 2083 sedjuxta
1043 2015 1187 2082 quod
1223 2011 1373 2079 jussa
1408 2009 1710 2080 regularum

177 2106 264 2160 vel
286 2119 555 2160 canonum
576 2103 877 2164 admonent,
903 2084 1055 2168 longe
1078 2099 1334 2153 discretos
1359 2104 1516 2165 atque
1538 2094 1716 2164 sejun-

176 2205 316 2260 ctos,
335 2209 521 2250 eorum
543 2199 742 2247 tantum
767 2191 975 2246 easdem
995 2172 1363 2260 gubernaculis
1381 2186 1721 2253 deputamus;

177 2287 569 2344 constituentes
614 2292 671 2338 ut
715 2297 852 2337 unus
897 2278 1271 2335 monachorum
1317 2272 1722 2343 prohatissimus

175 2374 437 2444 eligatur,
464 2372 614 2440 cujus
629 2386 769 2426 cura:
786 2371 875 2433 sit,
897 2376 999 2422 etc.
1014 2388 1030 2419 ι
1058 2360 1126 2421 Et
1150 2365 1405 2435 Egbertus
1426 2353 1728 2416 Eboracen-

174 2462 257 2517 sis
268 2460 699 2528 archiepiscopus
716 2476 728 2511 :
755 2476 773 2508 ι
796 2456 924 2519 Hoc,
940 2454 1128 2522 inquit,
1145 2453 1313 2506 sancti
1325 2451 1509 2504 Patres
1520 2449 1726 2517 Augus-

181 2550 348 2615 tinus,
389 2548 758 2617 Hieronymus,
799 2542 1042 2607 Basilius,
1093 2539 1397 2610 Gregorius,
1449 2544 1503 2590 et
1548 2533 1725 2589 caeteri

180 2652 349 2708 quam
372 2636 523 2691 multi
544 2636 728 2691 edictis
754 2635 864 2690 suis
882 2632 1283 2702 prohibuerunt.
1314 2647 1333 2681 ι

258 2726 459 2779 Tamen
487 2741 587 2778 non
625 2712 945 2777 destruamus
974 2719 1104 2775 illud
1145 2718 1279 2788 quod
1307 2713 1619 2771 consuetudo
1648 2721 1723 2766 est

186 2812 370 2869 in‘hae
408 2822 561 2866 terra.
601 2810 871 2877 Quomodo
903 2824 965 2863 ea
1002 2798 1275 2861 tractanda
1298 2802 1438 2859 isunt
1471 2818 1593 2871 quin
1628 2816 1727 2856 nec

186 2903 357 2971 recipi
395 2907 616 2971 possunt
644 2900 712 2953 ob
749 2896 995 2952 Ecclesia:
1021 2894 1372 2954 sanctitatem,
1412 2905 1512 2945 nec
1551 2899 1725 2944 tamen

185 2998 468 3060 usurpata:
523 2987 914 3043 consuetudinis
960 3000 1119 3040 causa
1173 2980 1433 3044 damnari,
1487 2979 1727 3049 pluribus

1818 1833 1996 1888 dinem
2025 1850 2128 1889 non
2157 1838 2468 1905 receperint,
2496 1846 2549 1891 et
2574 1837 2661 1891 alii
2680 1837 3005 1893 abstulerint.
3031 1838 3120 1894 Sic
3145 1856 3269 1895 vero
3289 1842 3342 1896 in

1821 1919 2041 1989 epistola
2068 1920 2195 1985 M9,
2243 1935 2358 1991 cap.
2388 1923 2490 1978 ως
2527 1941 2546 1974 ι
2578 1922 2653 1978 De
2684 1923 2917 1978 lavandis
2957 1938 3081 1980 vero
3104 1927 3344 1995 pedibus,

1826 2022 1949 2063 cum
1973 2008 2224 2063 Dominus
2251 2011 2351 2066 hoc
2374 2018 2590 2081 propter
2616 2011 2837 2070 fomlam
2864 2013 3197 2080 humilitatis,
3227 2033 3350 2087 pro.

1823 2104 1942 2166 pter
1967 2111 2123 2166 quam
2149 2096 2434 2153 docendam
2458 2108 2697 2166 venerat,
2723 2102 3184 2168 commendaverit,
3213 2105 3347 2160 sicut

1824 2185 1935 2254 ipse
1971 2195 2350 2254 consequenter
2376 2189 2646 2257 exposuit:
2686 2190 2963 2258 quaesitum
3001 2198 3082 2245 est
3118 2204 3347 2260 quonam

1823 2279 2060 2351 tempore
2080 2274 2407 2342 potissimum
2433 2290 2517 2331 res
2540 2284 2684 2331 tanta
2709 2278 2868 2332 etiam
2888 2277 3027 2333 facto
3051 2279 3347 2347 doceretur,

1824 2367 1878 2413 et
1904 2359 2029 2415 illud
2077 2368 2278 2430 tempus
2302 2371 2635 2427 occurreret,
2677 2378 2783 2432 quo
2826 2365 2941 2435 ipsa
2966 2368 3355 2425 commendatio

1826 2446 2121 2517 religiosius
2147 2448 2446 2506 inhaereret.
2475 2450 2579 2507 Sed
2596 2467 2662 2507 ne
2681 2452 2746 2506 ad
2771 2454 2947 2524 ipsum
2968 2465 3356 2513 sacramentum
3435 2482 3441 2487 ο

1822 2528 2356 2606 baptismi'videretur
2381 2541 2664 2610 pertinere,
2696 2542 2844 2596 multi
2872 2543 2972 2599 hoc
3002 2544 3055 2599 in
3082 2553 3360 2600 consuetu-

1825 2625 2000 2681 dinem
2025 2628 2261 2697 recipere
2282 2629 2581 2684 noluerunt.
2602 2629 2844 2702 Nonnulli
2868 2634 3028 2688 etiam
3051 2635 3117 2690 de
3136 2650 3358 2691 consue-

1826 2714 2005 2773 tudine
2032 2716 2237 2772 aul'erre
2257 2733 2360 2773 non
2381 2719 2765 2775 dubitaverunt.
2795 2740 2814 2773 ι
2841 2721 2907 2776 Ει
2930 2722 2983 2777 in
3013 2726 3352 2794 Expositione

1772 2826 1785 2837 ι
1826 2804 1880 2858 in
1908 2804 2247 2876 Evangelium
2274 2806 2508 2873 Joannis,
2535 2817 2761 2864 tractatu
2787 2826 2914 2866 LVIII
2941 2829 2969 2865 :.
3000 2830 3017 2862 ι
3049 2810 3201 2886 Apud
3228 2827 3355 2869 san-
3446 2797 3453 2803 ’

1825 2900 1939 2963 ctos
1966 2894 2263 2964 ubicunque
2286 2896 2396 2950 haec
2423 2891 2744 2958 consuetudo
2768 2913 2872 2953 non
2893 2906 3007 2964 est,
3037 2901 3176 2970 quod
3195 2916 3356 2956 manu

1826 2996 1930 3037 non
1960 2981 2173 3046 faciunt,
2210 2984 2370 3039 corde
2402 2984 2620 3039 faciunt.
2656 3005 2675 3037 ι
2711 2987 2873 3043 Vetus
2904 2998 3090 3044 auctor
3114 2991 3233 3046 libri
3260 2991 3360 3047 Sa-

182 3053 716 3145 cxemplis‘decl’arat
735 3074 1013 3129 concilium
1034 3070 1387 3126 Valentinum.
1410 3086 1430 3119 ι
1451 3066 1727 3134 Quocirca,
1752 3053 1800 3115 C
1828 3076 2247 3135 oramentorum,
2273 3071 2407 3140 apud
2445 3070 2780 3136 Ambrosium
2817 3073 2953 3129 libro
2991 3090 3049 3129 Ill
3068 3115 3082 3139 ,
3126 3092 3244 3147 cap.
3286 3079 3309 3133 l
3334 3119 3351 3143 ,

184 3170 253 3218 ut
285 3164 442 3217 aiunt
489 3161 672 3216 Patres
702 3163 752 3215 in
781 3159 1001 3229 epistola
1052 3157 1301 3227 synodica
1349 3156 1416 3209 ad
1459 3155 1732 3207 universos
1828 3157 1967 3210 hunc
1991 3156 2195 3211 lavandi
2221 3170 2420 3230 morem
2444 3171 2602 3227 quam
2626 3158 3151 3230 plurimum-laudat,
3174 3171 3228 3217 et
3254 3164 3356 3220 ob-

184 3257 475 3325 cpiscOpos
497 3252 803 3313 Galliarum,
843 3250 1031 3304 librato
1069 3248 1154 3302 diu
1196 3244 1568 3313 moderatoque
1605 3256 1733 3297 con-
1823 3242 1940 3312 jicit
1977 3242 2222 3298 Ecclesiae
2256 3228 2537 3311 Romanae,
2579 3228 2718 3315 quod
2753 3246 2897 3302 illam
2931 3250 3360 3306 consuetudinem

192 3342 341 3410 silio,
368 3359 434 3398 ea
466 3341 682 3398 cautela:
716 3340 850 3395 ratio
886 3346 1091 3394 servata
1128 3343 1209 3391 est
1246 3350 1363 3404 qua:
1397 3341 1453 3388 et
1485 3331 1731 3388 scandala
1830 3346 1934 3385 non
1956 3331 2166 3395 habeat.
2199 3350 2218 3384 ι
2251 3329 2365 3388 Non
2385 3335 2707 3404 ignoramus,
2733 3336 2924 3406 inquit,
2959 3339 3097 3408 quod
3122 3339 3358 3397 Ecclesia

194 3435 557 3496 submoveret,
578 3441 631 3486 et
651 3431 982 3486 sanctitatem
1014 3427 1264 3483 Ecclesia:
1289 3422 1598 3481 custodiret.
1635 3441 1654 3475 ι
1830 3418 2065 3473 Romana
2097 3420 2234 3475 hanc
2265 3422 2691 3479 consuetudinem
2720 3440 2823 3479 non
2854 3426 3067 3492 habeat,
3099 3426 3248 3495 cujus
3272 3436 3356 3499 ty-

266 3522 526 3577 Monacho
548 3519 963 3574 nonlicetvotum
993 3533 1165 3571 vovere
1186 3518 1294 3569 sine
1314 3529 1560 3568 consensu
1578 3511 1736 3564 abba-
1829 3521 1952 3576 pum
1981 3507 2033 3561 in
2061 3508 2304 3564 omnibus
2343 3510 2613 3579 sequimur
2636 3519 2689 3566 et
2712 3510 2956 3567 formam.
2995 3512 3143 3567 Hanc
3181 3522 3361 3569 tamen

191 3610 294 3671 sis;
317 3609 401 3661 sin
422 3608 591 3659 minus
618 3604 953 3674 frangendum
975 3612 1067 3656 est.
1088 3601 1313 3657 Sanctus
1330 3599 1554 3654 Basilius
1581 3598 1737 3651 ratio-
1830 3597 2257 3652 consuetudinem
2290 3613 2395 3653 non
2421 3599 2599 3666 habet,
2625 3609 2687 3655 ut
2709 3602 2868 3671 pedes
2892 3601 3051 3657 lavet.
3079 3603 3209 3658 Vide
3232 3617 3360 3673 ergo

190 3715 317 3754 nem
349 3697 554 3769 profert
577 3690 1131 3750 in'Constitutionibus
1149 3689 1484 3753 monasticis,
1502 3692 1617 3756 cap.
1644 3687 1734 3753 27,
1830 3698 1898 3739 ne
1923 3682 2059 3739 forte
2084 3695 2299 3755 propter
2322 3687 2707 3743 multitudinem
2736 3686 3032 3745 declinavit.
3067 3709 3085 3742 ι
3119 3690 3184 3744 Et
3206 3690 3361 3760 paulo

191 3789 279 3842 bis
313 3787 570 3841 verbisn
592 3783 909 3837 Potestatem
937 3795 1062 3834 vero
1088 3779 1169 3833 sui
1198 3779 1362 3848 ipsius
1397 3792 1465 3831 ne
1492 3775 1558 3829 ad
1600 3788 1735 3842 pun-
1830 3781 1983 3840 post:
2023 3791 2043 3824 ι
2074 3774 2154 3829 Ad
2178 3776 2276 3829 hoc
2296 3776 2529 3831 Ecclesia
2560 3777 2794 3833 Romana
2819 3780 2945 3848 quid
2978 3780 3297 3849 respondet?
3331 3801 3351 3835 ι

192 3883 339 3930 etum
368 3874 580 3942 quidem
621 3870 871 3940 temporis
906 3868 1101 3923 habere
1134 3865 1422 3920 monachus
1456 3863 1738 3931 debet.per
1834 3858 1937 3914 Sed
1977 3868 2217 3930 prompta
2243 3871 2324 3916 est
2355 3862 2600 3918 Ecclesiae
2628 3862 2876 3920 Romana:
2904 3868 3194 3936 responsio.
3224 3866 3357 3923 Nam

194 3979 355 4034 quam
382 3964 437 4016 in
472 3961 691 4031 privatis
716 3960 827 4029 ipse
864 3957 1086 4029 negotiis
1111 3956 1222 4011 suis
1247 3961 1506 4009 versetur.
1543 3951 1736 4034 Queni-
1833 3949 2070 4019 quisquis
2093 3951 2165 4005 sit
2186 3952 2286 4007 iste
2313 3962 2530 4019 auctor,
2564 3957 2825 4011 recenseri
2862 3957 3018 4012 debet
3056 3959 3195 4013 inter
3232 3959 3359 4014 sim-

196 4031 666 4106 admodum'enim
718 4050 933 4103 absente
976 4045 1180 4100 artiﬁce
1209 4045 1612 4097 inStrumentum
1641 4031 1737 4093 sua
1832 4036 1994 4107 plices
2035 4045 2088 4091 et
2128 4040 2433 4095 rusticiores
2464 4042 2553 4110 qui
2581 4041 2771 4099 littere
2797 4044 2955 4099 nimis
2982 4045 3255 4110 inhaerent,
3293 4046 3360 4102 de

199 4150 388 4210 sponte
417 4124 589 4208 ipsum
628 4147 735 4193 non'
769 4146 1087 4201 moveretur,
1114 4149 1287 4204 neque
1325 4133 1617 4187 membrum
1654 4130 1736 4184 vel
1832 4123 2021 4190 quibus
2047 4123 2119 4177 ita
2139 4124 2373 4202 loquitur
2411 4127 2661 4198 Origenes
2690 4129 2744 4187 in
2770 4128 3061 4185 Comment.
3102 4133 3154 4186 in
3192 4132 3355 4187 Joan-

200 4229 265 4282 ad
281 4226 652 4283 brevissimum
675 4226 741 4279 ab
761 4225 937 4292 aliquo
960 4237 1180 4292 corpore
1198 4219 1731 4291 separari,moverive
1833 4228 1973 4278 nem,
2004 4220 2044 4267 ιι
2078 4212 2123 4268 ΙΙ
2148 4214 2273 4269 edit.
2303 4214 2486 4279 Huet.,
2530 4231 2584 4286 ρ.
2615 4216 2711 4272 551
2741 4235 2755 4269 :
2793 4235 2813 4268 ι
2846 4218 2993 4273 Adeo
3032 4227 3090 4273 ut
3126 4219 3263 4273 hanc
3286 4221 3356 4274 ob

197 4326 378 4387 posset
408 4316 527 4370 sine
553 4314 667 4382 ejus
691 4315 781 4384 qui
816 4316 957 4369 intus
984 4319 1062 4368 est
1089 4310 1312 4379 opiﬁcis,
1340 4325 1403 4365 ac
1430 4308 1592 4363 totius
1613 4323 1721 4363 cor-

1832 4315 2046 4361 causam
2083 4302 2331 4356 Dominus
2368 4316 2575 4373 quoque
2620 4305 2796 4359 veniat
2825 4307 2890 4360 ad
2931 4306 3179 4387 lavandos
3217 4307 3356 4361 servi

196 4384 344 4474 poris
366 4405 718 4459 moderatoris
736 4404 1001 4458 voluntate
1026 4418 1041 4453 :
1080 4400 1322 4454 similiter
1341 4411 1549 4467 quoque
1567 4412 1734 4466 neque
1758 4384 1809 4424 υ
1834 4390 2097 4445 credentis
2116 4390 2292 4461 pedes,
2318 4392 2421 4445 etc.
2450 4390 2548 4457 Qui
2570 4406 2683 4447 mos
2706 4407 2845 4447 nunc
2870 4409 2970 4447 non
2996 4384 3075 4458 ﬁt,
3102 4394 3199 4447 nisi
3221 4395 3357 4463 apud

196 4479 471 4567 religionis
504 4486 807 4549 observanti
861 4492 1053 4560 aliquid
1101 4504 1272 4558 agere,
1310 4488 1587 4556 exsequive
1620 4487 1736 4541 sine
1836 4481 2113 4535 admodum
2140 4480 2401 4549 simplices
2430 4482 2854 4549 rusticioresque.
2890 4502 2909 4533 ι
2946 4474 3023 4537 Et'
3052 4483 3105 4537 in
3144 4482 3356 4536 homilia

197 4584 454 4639 antistitis
482 4583 561 4636 sui
588 4583 845 4636 sententia
872 4582 1013 4635 licet.
1050 4598 1068 4630 ι
1101 4575 1251 4629 Nulla
1280 4583 1405 4629 sunt
1442 4576 1597 4644 igitur
1633 4575 1733 4628 ista
1833 4570 1865 4623 6
1890 4569 1944 4622 in
1970 4568 2195 4623 Isaiam:
2229 4586 2247 4619 ι
2280 4567 2444 4623 Nemo
2475 4569 2869 4637 quibuscunque
2906 4569 3232 4623 venientibus
3270 4583 3355 4623 as-

196 4682 312 4726 vnta
343 4671 610 4733 monachi,
634 4686 750 4738 quae
777 4685 878 4723 non
900 4676 1022 4741 sunt
1042 4665 1206 4733 ipsius
1220 4663 1375 4730 juris,
1400 4671 1452 4717 et
1474 4678 1537 4717 ex
1560 4671 1734 4730 potes-

198 4769 303 4814 tate
334 4759 544 4813 abbatis
569 4758 810 4826 pendent.
842 4758 1035 4810 Eodem
1075 4754 1229 4808 modo
1259 4751 1531 4821 judicabat
1566 4752 1730 4822 magi-

196 4858 303 4902 ster
332 4847 596 4900 Rohertus
624 4846 684 4901 de
710 4846 1043 4898 Flamcshure
1068 4843 1118 4895 in
1145 4857 1240 4894 suo
1260 4838 1627 4894 Ptenitentiali.

199 4954 398 5009 δείξατο
412 4971 475 5007 ex
492 4954 830 5007 Pwnitentiah’
848 4971 939 5024 ms.
962 4953 1194 5024 Magistri
1210 4948 1413 5024 βρύει-ιί
1424 4948 1485 5000 de
1498 4945 1729 5001 Flamcs-

689 5024 828 5083 bure,
859 5022 947 5073 lib.
971 5039 1029 5085 ll,
1051 5021 1165 5091 cap.
1198 5021 1248 5072 Δ.

266 5116 477 5168 Vovere
498 5120 669 5181 potest
696 5111 935 5179 qua-libet
962 5125 1183 5178 persona
1206 5121 1321 5176 quae
1350 5106 1429 5158 sui
1454 5102 1590 5169 juris
1621 5110 1729 5156 est:

200 5209 256 5256 et
287 5202 492 5267 statim,
521 5212 571 5252 ut
600 5209 744 5267 puto,
770 5198 976 5266 quando
1020 5198 1120 5250 doli
1159 5209 1322 5263 capax
1363 5199 1460 5246 est.
1502 5190 1731 5243 Persona

200 5303 320 5361 qua:
358 5289 449 5343 alii
478 5287 705 5355 subjecta
738 5296 832 5349 est,
859 5288 968 5339 sine
998 5285 1109 5353 ejus
1134 5298 1389 5338 consensu
1426 5294 1526 5333 non
1561 5287 1730 5347 potest

198 5394 415 5441 vovere.
439 5390 497 5435 ut
524 5382 805 5433 monachus
834 5394 1020 5432 vovere
1050 5393 1150 5430 non
1178 5384 1347 5444 potest
1371 5374 1483 5426 sine
1512 5385 1730 5424 consen—

200 5470 369 5525 susui
412 5470 636 5529 abbatis,
660 5468 775 5521 nec‘
802 5469 986 5520 muiicr
1031 5468 1142 5521 sine
1188 5478 1444 5519 consensu
1490 5461 1568 5514 sui
1606 5459 1725 5519 viri,

200 5571 295 5614 nec
314 5558 423 5612 lilia
444 5558 672 5619 quandiu
696 5568 769 5610 est
808 5558 853 5608 in
878 5564 1131 5624 potestate
1154 5555 1233 5608 sui
1254 5556 1438 5621 patris,
1471 5555 1581 5608 sine
1616 5550 1725 5616 ejus

1832 4669 2044 4711 sumens
2084 4654 2322 4717 linteum,
2353 4656 2617 4717 diaconus,
2648 4654 2730 4707 vel
2767 4654 3068 4724 presbyter,
3097 4655 3203 4708 sive
3244 4655 3353 4723 epi-

1832 4758 2038 4812 scOpus,
2067 4745 2205 4798 lavat
2232 4743 2407 4811 pedes.
2448 4760 2466 4791 ι
2500 4740 2686 4797 Postea
2728 4749 2907 4796 tamen
2945 4741 3123 4795 Patres
3146 4740 3350 4795 concilii

1834 4833 2067 4888 Toletani
2121 4848 2229 4885 xvn
2288 4831 2581 4899 exemplum
2627 4831 2820 4885 Christi
2862 4830 3002 4884 velut
3053 4832 3348 4883 mandatum

1832 4921 2092 4990 Evangelii
2126 4920 2441 4987 praecipuum
2478 4920 2607 4972 adeo
2641 4921 3019 4973 observandum
3042 4916 3345 4981 decernunt,

1831 5019 1888 5062 ut
1918 5029 1934 5058 ι
1970 5011 2031 5071 si,
2064 5009 2302 5075 inquiunt
2340 5024 2454 5061 can.
2482 5010 2542 5068 '5,
2573 5006 2847 5072 quisquam
2886 5004 3211 5058 sacerdotum
3250 5005 3349 5060 hoc

1830 5108 2065 5152 nostrum
2088 5097 2345 5150 distulerit
2362 5094 2644 5161 adimplere
2658 5092 2943 5155 decretum,
2967 5093 3185 5145 duorum
3204 5107 3346 5145 men-

1830 5188 1964 5239 sium
1990 5186 2158 5254 spatio
2187 5199 2301 5239 sese
2329 5184 2527 5237 noverit
2553 5197 2585 5234 a
2613 5192 2806 5236 sancta:
2834 5182 3208 5236 communionis
3229 5195 3346 5248 per-

1831 5275 2065 5341 ceptione
2095 5273 2418 5326 frustratum.
2460 5292 2476 5320 ι
2518 5270 2583 5323 Et
2609 5285 2764 5339 supra
2802 5271 2852 5323 in
2896 5270 3076 5324 eodem
3111 5283 3340 5321 canone:

1836 5384 1854 5413 ι
1892 5365 2117 5432 Denique
2153 5372 2460 5417 coruscante
2505 5370 2695 5415 sancta:
2731 5362 3047 5431 operationis
3087 5360 3343 5429 exemplo,

1828 5456 2018 5523 partim
2044 5453 2260 5516 desidia,
2290 5453 2478 5521 partim
2524 5452 2891 5504 consuetudine
2910 5490 2922 5513 ,
2958 5452 3008 5502 in
3037 5449 3346 5516 quibusdam

1824 5544 2060 5599 ccclesiis
2086 5544 2134 5596 in
2164 5541 2322 5597 Coma
2352 5542 2554 5596 Domini
2584 5540 2844 5596 ablutionc
2875 5541 3033 5609 pedes
3063 5539 3280 5595 fratrum
3312 5551 3342 5589 ι
